{"gold_per_floor":[112,287,287,38,51,51,65,81,134,153,180,255,318,318,318,318],"floor_reached":16,"playtime":976,"items_purged":["Strike_R"],"score":100,"play_id":"360071da-4859-4df9-a55c-0bcac86b6031","local_time":"20190205184134","is_ascension_mode":false,"campfire_choices":[{"data":"Pommel Strike","floor":6,"key":"SMITH"},{"floor":15,"key":"REST"}],"neow_cost":"NONE","seed_source_timestamp":442095466746290,"circlet_count":0,"master_deck":["Strike_R","Strike_R","Strike_R","Strike_R","Defend_R","Defend_R","Defend_R","Defend_R","Bash","Cleave","Inflame","True Grit","Pommel Strike+1","Shrug It Off","Pummel"],"special_seed":0,"relics":["Burning Blood","Smiling Mask","Potion Belt","Orichalcum"],"potions_floor_usage":[11,11,11,16],"damage_taken":[{"damage":2,"enemies":"Small Slimes","floor":1,"turns":5},{"damage":16,"enemies":"Jaw Worm","floor":5,"turns":6},{"damage":3,"enemies":"Cultist","floor":7,"turns":4},{"damage":13,"enemies":"Looter","floor":8,"turns":3},{"damage":14,"enemies":"3 Louse","floor":10,"turns":2},{"damage":19,"enemies":"Lagavulin","floor":11,"turns":5},{"damage":22,"enemies":"3 Sentries","floor":13,"turns":7},{"damage":40,"enemies":"Hexaghost","floor":16,"turns":11}],"seed_played":"-3137132750901052606","potions_obtained":[{"floor":1,"key":"Regen Potion"},{"floor":5,"key":"AttackPotion"},{"floor":10,"key":"Block Potion"},{"floor":13,"key":"FearPotion"}],"is_trial":false,"path_per_floor":["M","?","?","$","M","R","M","M","T","M","E","?","?","?","R","B"],"character_chosen":"IRONCLAD","items_purchased":["Inflame","True Grit","Strength Potion"],"campfire_rested":1,"item_purchase_floors":[4,4,4],"current_hp_per_floor":[88,88,81,81,71,71,74,67,67,59,46,35,19,11,37,0],"gold":318,"neow_bonus":"TEN_PERCENT_HP_BONUS","is_prod":false,"is_daily":false,"chose_seed":false,"campfire_upgraded":1,"win_rate":0.0,"timestamp":1549413694,"path_taken":["M","?","?","?","M","R","?","M","T","M","E","?","?","?","R","BOSS"],"build_version":"2019-01-23","purchased_purges":1,"victory":false,"max_hp_per_floor":[88,88,88,88,88,88,88,88,88,88,88,88,88,88,88,88],"card_choices":[{"not_picked":["Dual Wield","Evolve"],"picked":"Cleave","floor":1},{"not_picked":["Dual Wield","Feel No Pain"],"picked":"Pommel Strike","floor":5},{"not_picked":["Clothesline","Dropkick","Anger"],"picked":"SKIP","floor":7},{"not_picked":["Power Through","Warcry","Bludgeon"],"picked":"SKIP","floor":8},{"not_picked":["Clash","Dual Wield"],"picked":"Shrug It Off","floor":10},{"not_picked":["Perfected Strike","Rampage"],"picked":"Pummel","floor":11}],"player_experience":115380,"relics_obtained":[{"floor":9,"key":"Smiling Mask"},{"floor":11,"key":"Potion Belt"},{"floor":13,"key":"Orichalcum"}],"event_choices":[{"damage_healed":0,"gold_gain":175,"player_choice":"AGREE","damage_taken":0,"max_hp_gain":0,"max_hp_loss":0,"event_name":"Liars Game","floor":2,"gold_loss":0,"cards_obtained":["Doubt"]},{"cards_removed":["Doubt"],"damage_healed":0,"gold_gain":0,"player_choice":"Card Removal","damage_taken":7,"max_hp_gain":0,"max_hp_loss":0,"event_name":"Golden Wing","floor":3,"gold_loss":0},{"damage_healed":0,"gold_gain":75,"player_choice":"Gather Gold","damage_taken":11,"max_hp_gain":0,"max_hp_loss":0,"event_name":"World of Goop","floor":12,"gold_loss":0},{"damage_healed":0,"gold_gain":0,"player_choice":"Searched \u00272\u0027 times","damage_taken":0,"max_hp_gain":0,"max_hp_loss":0,"event_name":"Dead Adventurer","floor":13,"gold_loss":0},{"damage_healed":0,"gold_gain":0,"player_choice":"Damaged","damage_taken":8,"max_hp_gain":0,"max_hp_loss":0,"event_name":"Wheel of Change","floor":14,"gold_loss":0}],"is_beta":false,"boss_relics":[],"items_purged_floors":[4],"is_endless":false,"potions_floor_spawned":[1,5,10,13],"killed_by":"Hexaghost","ascension_level":0}