{"gold_per_floor":[219,219,230,87,87,113,113,144,171,190,220,234,248,262,262,361,361,377,377,477,477,576,602,602,629,652,662,722,742,773,791,791,886,886,904,460,460,472,572,599,599,633,633,633,633,648,72,86,86,86,86,86,14,42,42],"floor_reached":56,"playtime":3346,"items_purged":["Strike_B","Writhe"],"score":1629,"play_id":"dab9662e-69b6-41d4-960a-4384e1605133","local_time":"20190208011915","is_ascension_mode":true,"campfire_choices":[{"floor":7,"key":"REST"},{"floor":15,"key":"REST"},{"data":"Zap","floor":24,"key":"SMITH"},{"floor":32,"key":"REST"},{"floor":41,"key":"DIG"},{"floor":44,"key":"RECALL"},{"floor":49,"key":"DIG"},{"floor":52,"key":"DIG"}],"neow_cost":"NONE","seed_source_timestamp":2368208482882146,"circlet_count":0,"master_deck":["Strike_B","Strike_B","Defend_B","Defend_B+1","Defend_B+1","Defend_B","Zap+1","Dualcast","White Noise","Ball Lightning","Defragment","Genetic Algorithm","Conserve Battery","Cold Snap","Stack","Defragment","Machine Learning","Self Repair","Ball Lightning","Heatsinks+1","Loop+1","Self Repair+1","Defragment+1","BootSequence+1","Storm","Stack","Storm+1","Loop","Glacier+1","Apotheosis","Creative AI+1","Heatsinks+1"],"relics":["Cracked Core","Bag of Preparation","PreservedInsect","Singing Bowl","War Paint","DataDisk","Sozu","Unceasing Top","Shuriken","MutagenicStrength","Letter Opener","Shovel","Orichalcum","Tiny Chest","Bronze Scales","Cursed Key","Nunchaku","Mango","Ancient Tea Set","Dream Catcher","Frozen Egg 2","Happy Flower","Bag of Marbles","Mummified Hand","Symbiotic Virus"],"potions_floor_usage":[16,20,20,20],"damage_taken":[{"damage":6,"enemies":"2 Louse","floor":1,"turns":3},{"damage":6,"enemies":"Small Slimes","floor":3,"turns":5},{"damage":20,"enemies":"Lagavulin","floor":6,"turns":6},{"damage":10,"enemies":"Gremlin Nob","floor":8,"turns":3},{"damage":12,"enemies":"Jaw Worm","floor":10,"turns":4},{"damage":14,"enemies":"Lagavulin","floor":11,"turns":5},{"damage":2,"enemies":"Looter","floor":12,"turns":3},{"damage":0,"enemies":"Large Slime","floor":13,"turns":4},{"damage":0,"enemies":"2 Fungi Beasts","floor":14,"turns":3},{"damage":2,"enemies":"Hexaghost","floor":16,"turns":10},{"damage":0,"enemies":"3 Byrds","floor":18,"turns":4},{"damage":1,"enemies":"Colosseum Slavers","floor":20,"turns":5},{"damage":0,"enemies":"Colosseum Nobs","floor":20,"turns":3},{"damage":26,"enemies":"Slavers","floor":23,"turns":4},{"damage":10,"enemies":"Book of Stabbing","floor":25,"turns":4},{"damage":4,"enemies":"Spheric Guardian","floor":27,"turns":3},{"damage":28,"enemies":"Gremlin Leader","floor":28,"turns":6},{"damage":17,"enemies":"Snake Plant","floor":29,"turns":4},{"damage":17,"enemies":"Slavers","floor":30,"turns":5},{"damage":3,"enemies":"Centurion and Healer","floor":31,"turns":4},{"damage":48,"enemies":"Collector","floor":33,"turns":8},{"damage":6,"enemies":"Orb Walker","floor":35,"turns":3},{"damage":0,"enemies":"3 Shapes","floor":38,"turns":3},{"damage":0,"enemies":"Mind Bloom Boss Battle","floor":39,"turns":5},{"damage":4,"enemies":"Reptomancer","floor":40,"turns":3},{"damage":0,"enemies":"Giant Head","floor":42,"turns":4},{"damage":0,"enemies":"Maw","floor":46,"turns":4},{"damage":8,"enemies":"Writhing Mass","floor":48,"turns":4},{"damage":7,"enemies":"Time Eater","floor":50,"turns":7},{"damage":14,"enemies":"Shield and Spear","floor":54,"turns":2},{"damage":62,"enemies":"The Heart","floor":55,"turns":6}],"seed_played":"-7473985306371051364","potions_obtained":[{"floor":1,"key":"Fire Potion"},{"floor":3,"key":"Swift Potion"},{"floor":8,"key":"FearPotion"},{"floor":13,"key":"PowerPotion"},{"floor":16,"key":"Fire Potion"}],"is_trial":false,"path_per_floor":["M","?","M","$","?","E","R","E","T","M","E","M","M","M","R","B",null,"M","?","?","?","?","E","R","E","T","M","E","M","E","M","R","B",null,"M","$","?","M","?","E","R","E","T","R","?","M","$","M","R","B",null,"R","$","E","B",null],"character_chosen":"DEFECT","items_purchased":["Bag of Preparation","Storm","Nunchaku","Happy Flower","Apotheosis","Creative AI+1","Heatsinks+1"],"campfire_rested":3,"item_purchase_floors":[4,36,36,47,47,47,53],"current_hp_per_floor":[69,69,63,63,56,36,58,48,48,36,22,22,22,22,45,43,69,69,69,77,77,77,51,51,48,48,44,35,28,20,26,50,21,69,73,73,75,82,101,101,101,101,101,101,96,98,98,100,100,100,100,100,100,98,56],"gold":42,"neow_bonus":"HUNDRED_GOLD","is_prod":false,"is_daily":false,"chose_seed":false,"campfire_upgraded":1,"win_rate":0,"timestamp":1549549155,"path_taken":["M","?","M","$","?","E","R","E","T","M","E","M","M","M","R","BOSS","M","?","?","?","?","E","R","E","T","M","E","M","E","M","R","BOSS","M","$","?","M","?","E","R","E","T","R","?","M","$","M","R","BOSS","R","$","E","BOSS"],"build_version":"2019-01-23","purchased_purges":2,"victory":true,"max_hp_per_floor":[75,75,75,75,75,75,75,75,75,75,75,77,77,77,77,77,77,77,77,77,77,77,77,77,77,77,77,79,79,81,83,83,85,85,85,85,87,87,101,101,101,101,101,101,96,98,98,100,100,100,100,100,100,102,102],"card_choices":[{"not_picked":["Redo","Reprogram"],"picked":"White Noise","floor":1},{"not_picked":["Melter","Double Energy"],"picked":"Ball Lightning","floor":3},{"not_picked":["Cold Snap","Hologram"],"picked":"Defragment","floor":6},{"not_picked":["Sweeping Beam","Steam Power"],"picked":"Genetic Algorithm","floor":8},{"not_picked":["Skim","Core Surge"],"picked":"Conserve Battery","floor":10},{"not_picked":["Coolheaded","Compile Driver"],"picked":"Cold Snap","floor":11},{"not_picked":["Double Energy","Sweeping Beam","Redo"],"picked":"Singing Bowl","floor":12},{"not_picked":["Compile Driver","Steam"],"picked":"Stack","floor":13},{"not_picked":["Conserve Battery","Chaos"],"picked":"Defragment","floor":14},{"not_picked":["Seek","Reboot"],"picked":"Machine Learning","floor":16},{"not_picked":["Streamline","Ball Lightning"],"picked":"Self Repair","floor":18},{"not_picked":["Beam Cell","Cold Snap"],"picked":"Ball Lightning","floor":20},{"not_picked":["Coolheaded","Sweeping Beam"],"picked":"Heatsinks+1","floor":23},{"not_picked":["Beam Cell","Sunder+1"],"picked":"Loop+1","floor":25},{"not_picked":["Redo","Conserve Battery+1"],"picked":"Self Repair+1","floor":27},{"not_picked":["Compile Driver","Leap","Hello World+1"],"picked":"Singing Bowl","floor":28},{"not_picked":["Redo","Chill"],"picked":"Defragment+1","floor":29},{"not_picked":["Conserve Battery","Beam Cell+1","Rebound"],"picked":"Singing Bowl","floor":30},{"not_picked":["Barrage","Aggregate","Rip and Tear"],"picked":"Singing Bowl","floor":31},{"not_picked":["Fission","Seek","Core Surge"],"picked":"Singing Bowl","floor":33},{"not_picked":["Conserve Battery+1","Fusion"],"picked":"BootSequence+1","floor":35},{"not_picked":["Impatience","PanicButton","Secret Technique"],"picked":"Singing Bowl","floor":37},{"not_picked":["Skim+1","Darkness"],"picked":"Stack","floor":38},{"not_picked":["Chill+1","Ball Lightning+1"],"picked":"Storm+1","floor":39},{"not_picked":["Compile Driver+1","Cold Snap"],"picked":"Loop","floor":40},{"not_picked":["Reprogram","Undo"],"picked":"Glacier+1","floor":42},{"not_picked":["Rebound+1","Beam Cell+1","Melter"],"picked":"Singing Bowl","floor":46},{"not_picked":["Loop+1","Go for the Eyes","Beam Cell+1"],"picked":"Singing Bowl","floor":48},{"not_picked":["Leap","Darkness+1","Redo+1"],"picked":"Singing Bowl","floor":54}],"player_experience":319389,"relics_obtained":[{"floor":6,"key":"PreservedInsect"},{"floor":8,"key":"Singing Bowl"},{"floor":9,"key":"War Paint"},{"floor":11,"key":"DataDisk"},{"floor":20,"key":"Unceasing Top"},{"floor":20,"key":"Shuriken"},{"floor":23,"key":"Letter Opener"},{"floor":25,"key":"Shovel"},{"floor":26,"key":"Orichalcum"},{"floor":28,"key":"Tiny Chest"},{"floor":30,"key":"Bronze Scales"},{"floor":39,"key":"Mango"},{"floor":40,"key":"Ancient Tea Set"},{"floor":41,"key":"Dream Catcher"},{"floor":42,"key":"Frozen Egg 2"},{"floor":49,"key":"Bag of Marbles"},{"floor":52,"key":"Mummified Hand"},{"floor":54,"key":"Symbiotic Virus"}],"event_choices":[{"damage_healed":0,"gold_gain":0,"player_choice":"Ignored","damage_taken":0,"max_hp_gain":0,"max_hp_loss":0,"event_name":"Shining Light","floor":2,"gold_loss":0},{"cards_removed":["Strike_B"],"damage_healed":0,"gold_gain":0,"player_choice":"Card Removal","damage_taken":7,"max_hp_gain":0,"max_hp_loss":0,"event_name":"Golden Wing","floor":5,"gold_loss":0},{"damage_healed":0,"gold_gain":0,"player_choice":"Ignored","damage_taken":0,"max_hp_gain":0,"max_hp_loss":0,"event_name":"Vampires","floor":19,"gold_loss":0},{"damage_healed":0,"gold_gain":0,"player_choice":"Fight","damage_taken":0,"max_hp_gain":0,"max_hp_loss":0,"event_name":"Colosseum","floor":20,"gold_loss":0},{"damage_healed":0,"gold_gain":0,"player_choice":"Fought Nobs","damage_taken":0,"max_hp_gain":0,"max_hp_loss":0,"event_name":"Colosseum","floor":20,"gold_loss":0},{"damage_healed":0,"gold_gain":0,"player_choice":"Inject Mutagens","damage_taken":0,"relics_obtained":["MutagenicStrength"],"max_hp_gain":0,"max_hp_loss":0,"event_name":"Drug Dealer","floor":21,"gold_loss":0},{"damage_healed":0,"gold_gain":99,"player_choice":"Stole From Cult","damage_taken":0,"max_hp_gain":0,"max_hp_loss":0,"event_name":"Nest","floor":22,"gold_loss":0},{"damage_healed":0,"gold_gain":0,"player_choice":"Memory 1","damage_taken":0,"max_hp_gain":0,"max_hp_loss":0,"event_name":"SensoryStone","floor":37,"gold_loss":0},{"damage_healed":0,"gold_gain":0,"player_choice":"Fight","damage_taken":0,"max_hp_gain":0,"max_hp_loss":0,"event_name":"MindBloom","floor":39,"gold_loss":0},{"damage_healed":0,"gold_gain":0,"player_choice":"Max HP","damage_taken":0,"max_hp_gain":0,"max_hp_loss":5,"event_name":"Winding Halls","floor":45,"gold_loss":0}],"is_beta":false,"boss_relics":[{"not_picked":["Pandora\u0027s Box","FrozenCore"],"picked":"Sozu"},{"not_picked":["Orrery","Nuclear Battery"],"picked":"Cursed Key"}],"items_purged_floors":[36,47],"is_endless":false,"potions_floor_spawned":[1,3,8,13,16,20,27,29,30,33,38,39,40,48,54],"ascension_level":5}