{"gold_per_floor":[109,109,122,122,0,27,37,37,91,120,100,110,110,125,125,224,274,294,309,384,397,147,147,22,34,34,34,34,34,34,34,34,34],"floor_reached":33,"playtime":1348,"items_purged":["Strike_R","Strike_R","Strike_R"],"score":304,"play_id":"fdeeabfa-330d-47cd-b597-d0ebbf2b4ae9","local_time":"20190131002330","is_ascension_mode":true,"campfire_choices":[{"data":"True Grit","floor":8,"key":"SMITH"},{"data":"Rampage","floor":15,"key":"SMITH"},{"floor":23,"key":"REST"},{"data":"Warcry","floor":27,"key":"SMITH"},{"data":"Shrug It Off","floor":30,"key":"SMITH"},{"floor":32,"key":"REST"}],"neow_cost":"NONE","seed_source_timestamp":1747966455061170,"circlet_count":0,"master_deck":["Strike_R","Strike_R+1","Defend_R","Defend_R","Defend_R","Defend_R","Bash+1","Pommel Strike","Rampage+1","True Grit+1","Shrug It Off","True Grit+1","Headbutt+1","Warcry+1","Dark Embrace+1","Shrug It Off+1","Dual Wield+1","Second Wind","Necronomicurse"],"relics":["Burning Blood","Gambling Chip","Meat on the Bone","Pantograph","Tiny House","Anchor","Whetstone","Dream Catcher","Regal Pillow","Necronomicon"],"potions_floor_usage":[6,12,12,12,12,33],"damage_taken":[{"damage":5,"enemies":"Small Slimes","floor":1,"turns":3},{"damage":6,"enemies":"Cultist","floor":3,"turns":3},{"damage":35,"enemies":"Lagavulin","floor":6,"turns":5},{"damage":2,"enemies":"Jaw Worm","floor":7,"turns":4},{"damage":32,"enemies":"Gremlin Nob","floor":10,"turns":4},{"damage":22,"enemies":"Exordium Thugs","floor":12,"turns":3},{"damage":11,"enemies":"Looter","floor":14,"turns":3},{"damage":31,"enemies":"The Guardian","floor":16,"turns":10},{"damage":46,"enemies":"Spheric Guardian","floor":18,"turns":8},{"damage":3,"enemies":"Chosen","floor":19,"turns":6},{"damage":51,"enemies":"Snake Plant","floor":21,"turns":6},{"damage":14,"enemies":"Centurion and Healer","floor":25,"turns":6},{"damage":94,"enemies":"Automaton","floor":33,"turns":8}],"seed_played":"-5866983150117824946","potions_obtained":[{"floor":1,"key":"PowerPotion"},{"floor":6,"key":"LiquidBronze"},{"floor":7,"key":"Ancient Potion"},{"floor":11,"key":"EntropicBrew"},{"floor":17,"key":"FearPotion"}],"is_trial":false,"path_per_floor":["M","?","M","T","$","E","M","R","T","E","?","M","?","M","R","B",null,"M","M","?","M","$","R","$","M","T","R","?","T","R","?","R","B"],"character_chosen":"IRONCLAD","items_purchased":["True Grit","Anchor"],"campfire_rested":2,"item_purchase_floors":[5,22],"current_hp_per_floor":[80,80,80,80,80,51,55,55,55,41,41,37,37,44,44,56,85,57,60,52,19,19,44,44,48,48,48,48,48,48,32,72,0],"gold":34,"neow_bonus":"UPGRADE_CARD","is_prod":false,"is_daily":false,"chose_seed":false,"campfire_upgraded":4,"win_rate":0,"timestamp":1548861810,"path_taken":["M","?","?","?","$","E","M","R","T","E","?","?","?","M","R","BOSS","M","M","?","M","$","R","$","?","T","R","?","?","R","?","R","BOSS"],"build_version":"2019-01-23","purchased_purges":3,"victory":false,"max_hp_per_floor":[80,80,80,80,80,80,80,80,80,80,80,80,80,80,80,80,85,85,85,85,85,85,85,85,85,85,85,85,85,85,85,85,85],"card_choices":[{"not_picked":["Headbutt","Sword Boomerang"],"picked":"Pommel Strike","floor":1},{"not_picked":["Flex","Clash"],"picked":"Rampage","floor":3},{"not_picked":["Demon Form","Thunderclap"],"picked":"Shrug It Off","floor":6},{"not_picked":["Blood for Blood","Perfected Strike","Anger"],"picked":"SKIP","floor":7},{"not_picked":["Flex","Pommel Strike"],"picked":"True Grit","floor":10},{"not_picked":["Heavy Blade","Flex"],"picked":"Headbutt","floor":12},{"not_picked":["Armaments","Blood for Blood"],"picked":"Warcry","floor":14},{"not_picked":["Berserk","Offering"],"picked":"Dark Embrace","floor":16},{"not_picked":["Iron Wave","Warcry"],"picked":"Shrug It Off","floor":17},{"not_picked":["Warcry+1","Spot Weakness"],"picked":"Dual Wield+1","floor":18},{"not_picked":["Combust+1","Sword Boomerang","Body Slam"],"picked":"SKIP","floor":19},{"not_picked":["Armaments","Immolate","Thunderclap+1"],"picked":"SKIP","floor":21},{"not_picked":["Twin Strike","Dual Wield"],"picked":"Second Wind","floor":25}],"player_experience":746538,"relics_obtained":[{"floor":4,"key":"Gambling Chip"},{"floor":6,"key":"Meat on the Bone"},{"floor":10,"key":"Pantograph"},{"floor":26,"key":"Whetstone"},{"floor":29,"key":"Regal Pillow"},{"floor":31,"key":"Necronomicon"}],"event_choices":[{"damage_healed":0,"gold_gain":0,"player_choice":"0 cards matched","damage_taken":0,"max_hp_gain":0,"max_hp_loss":0,"event_name":"Match and Keep!","floor":2,"gold_loss":0,"cards_obtained":[]},{"damage_healed":0,"gold_gain":0,"player_choice":"Bought 1 Potion","damage_taken":0,"max_hp_gain":0,"max_hp_loss":0,"event_name":"The Woman in Blue","floor":11,"gold_loss":0},{"damage_healed":0,"gold_gain":0,"player_choice":"Forge","damage_taken":0,"max_hp_gain":0,"max_hp_loss":0,"event_name":"Accursed Blacksmith","floor":13,"gold_loss":0,"cards_upgraded":["True Grit"]},{"damage_healed":0,"gold_gain":75,"player_choice":"Touch","damage_taken":8,"max_hp_gain":0,"max_hp_loss":0,"event_name":"FaceTrader","floor":20,"gold_loss":0},{"damage_healed":0,"gold_gain":0,"player_choice":"Opened","damage_taken":0,"relics_obtained":["Dream Catcher"],"max_hp_gain":0,"max_hp_loss":0,"event_name":"The Mausoleum","floor":28,"gold_loss":0},{"damage_healed":0,"gold_gain":0,"player_choice":"Obtained Book","damage_taken":16,"max_hp_gain":0,"max_hp_loss":0,"event_name":"Cursed Tome","floor":31,"gold_loss":0}],"is_beta":false,"boss_relics":[{"not_picked":["Fusion Hammer","Philosopher\u0027s Stone"],"picked":"Tiny House"}],"items_purged_floors":[5,22,24],"is_endless":false,"potions_floor_spawned":[1,6,7,18],"killed_by":"Automaton","ascension_level":4}