{"gold_per_floor":[110,60,79,96,109,109,137,137,137,166,166,177,23,33,33,138,138,156,175,175,175,190,190],"floor_reached":23,"playtime":1026,"items_purged":[],"score":232,"play_id":"bccbdf8a-2851-4336-ad94-68b65abdcb2a","local_time":"20190201003735","is_ascension_mode":true,"campfire_choices":[{"data":"Shockwave","floor":6,"key":"SMITH"},{"floor":11,"key":"REST"},{"floor":15,"key":"REST"}],"neow_cost":"NONE","seed_source_timestamp":1835535668554048,"circlet_count":0,"master_deck":["Strike_R","Defend_R","Defend_R","Defend_R","Defend_R","Bash","Inflame","Shockwave+1","Evolve","Metallicize","Twin Strike","Flame Barrier","Sword Boomerang","Limit Break","Cleave","Armaments","Anger+1"],"relics":["Burning Blood","Boot","Ice Cream","Odd Mushroom","Juzu Bracelet","Empty Cage"],"potions_floor_usage":[5,7,16,22,22,23],"damage_taken":[{"damage":9,"enemies":"2 Louse","floor":1,"turns":3},{"damage":5,"enemies":"Small Slimes","floor":3,"turns":3},{"damage":4,"enemies":"Cultist","floor":4,"turns":3},{"damage":11,"enemies":"Gremlin Gang","floor":5,"turns":6},{"damage":33,"enemies":"Gremlin Nob","floor":7,"turns":6},{"damage":34,"enemies":"The Mushroom Lair","floor":10,"turns":5},{"damage":30,"enemies":"Exordium Thugs","floor":12,"turns":5},{"damage":12,"enemies":"3 Louse","floor":14,"turns":4},{"damage":19,"enemies":"Hexaghost","floor":16,"turns":10},{"damage":2,"enemies":"Chosen","floor":18,"turns":7},{"damage":44,"enemies":"2 Thieves","floor":19,"turns":5},{"damage":36,"enemies":"Snake Plant","floor":22,"turns":6},{"damage":32,"enemies":"Centurion and Healer","floor":23,"turns":2}],"seed_played":"-3596796909824715979","potions_obtained":[{"floor":1,"key":"Block Potion"},{"floor":3,"key":"GamblersBrew"},{"floor":5,"key":"SmokeBomb"},{"floor":14,"key":"Poison Potion"},{"floor":18,"key":"SpeedPotion"},{"floor":19,"key":"BloodPotion"},{"floor":20,"key":"Strength Potion"},{"floor":20,"key":"Block Potion"}],"is_trial":false,"path_per_floor":["M","?","M","M","M","R","E","?","T","?","R","M","$","M","R","B",null,"M","M","?","?","M","M"],"character_chosen":"IRONCLAD","items_purchased":["Juzu Bracelet"],"campfire_rested":2,"item_purchase_floors":[13],"current_hp_per_floor":[77,77,78,80,75,75,48,45,45,17,41,17,17,11,35,22,80,80,42,42,42,20,0],"gold":190,"neow_bonus":"REMOVE_CARD","is_prod":false,"is_daily":false,"chose_seed":false,"campfire_upgraded":1,"win_rate":0,"timestamp":1548949055,"path_taken":["M","?","M","M","M","R","E","?","T","?","R","M","$","M","R","BOSS","M","M","?","?","M","M"],"build_version":"2019-01-23","purchased_purges":0,"victory":false,"max_hp_per_floor":[80,80,80,80,80,80,80,80,80,80,80,80,80,80,80,80,80,80,80,80,80,80,80],"card_choices":[{"not_picked":["Clash","Headbutt"],"picked":"Inflame","floor":1},{"not_picked":["Twin Strike","Entrench"],"picked":"Shockwave","floor":3},{"not_picked":["Thunderclap","Perfected Strike"],"picked":"Evolve","floor":4},{"not_picked":["Seeing Red","Uppercut"],"picked":"Metallicize","floor":5},{"not_picked":["Burning Pact","Fire Breathing"],"picked":"Twin Strike","floor":7},{"not_picked":["Hemokinesis","Spot Weakness"],"picked":"Flame Barrier","floor":10},{"not_picked":["Heavy Blade","Spot Weakness"],"picked":"Sword Boomerang","floor":12},{"not_picked":["Searing Blow","Dropkick","Sever Soul"],"picked":"SKIP","floor":14},{"not_picked":["Feed","Brutality"],"picked":"Limit Break","floor":16},{"not_picked":["Sword Boomerang","Perfected Strike"],"picked":"Cleave","floor":18},{"not_picked":["True Grit","Wild Strike"],"picked":"Armaments","floor":19},{"not_picked":["Intimidate","Seeing Red"],"picked":"Anger+1","floor":22}],"player_experience":757208,"relics_obtained":[{"floor":7,"key":"Boot"},{"floor":10,"key":"Odd Mushroom"}],"event_choices":[{"cards_removed":["Strike_R"],"damage_healed":0,"gold_gain":0,"player_choice":"Card Removal","damage_taken":0,"max_hp_gain":0,"max_hp_loss":0,"event_name":"The Cleric","floor":2,"gold_loss":50},{"damage_healed":0,"gold_gain":0,"player_choice":"Success","damage_taken":3,"relics_obtained":["Ice Cream"],"max_hp_gain":0,"max_hp_loss":0,"event_name":"Scrap Ooze","floor":8,"gold_loss":0},{"damage_healed":0,"gold_gain":0,"player_choice":"Fought Mushrooms","damage_taken":0,"max_hp_gain":0,"max_hp_loss":0,"event_name":"Mushrooms","floor":10,"gold_loss":0},{"damage_healed":0,"gold_gain":0,"player_choice":"Got Potions","damage_taken":0,"max_hp_gain":0,"max_hp_loss":0,"event_name":"Lab","floor":20,"gold_loss":0},{"damage_healed":0,"gold_gain":0,"player_choice":"Bought 0 Potions","damage_taken":0,"max_hp_gain":0,"max_hp_loss":0,"event_name":"The Woman in Blue","floor":21,"gold_loss":0}],"is_beta":false,"boss_relics":[{"not_picked":["Cursed Key","Fusion Hammer"],"picked":"Empty Cage"}],"items_purged_floors":[],"is_endless":false,"potions_floor_spawned":[1,3,5,14,18,19],"killed_by":"Centurion and Healer","ascension_level":4}