{"gold_per_floor":[116,129,204,204,10,10,10,10,10,10,28,61,72,102,102,206,206,218,218,218,218,244,273,273,273],"floor_reached":25,"playtime":1229,"items_purged":["Strike_R"],"score":269,"play_id":"0a9f545c-45a0-4d46-8c9d-bff6204d6def","local_time":"20190206213512","is_ascension_mode":true,"campfire_choices":[{"data":"Carnage","floor":6,"key":"SMITH"},{"data":"True Grit","floor":8,"key":"SMITH"},{"floor":15,"key":"REST"},{"data":"Entrench","floor":24,"key":"SMITH"}],"neow_cost":"TEN_PERCENT_HP_LOSS","seed_source_timestamp":81644128067747,"circlet_count":0,"master_deck":["Strike_R","Defend_R","Defend_R","Defend_R","Defend_R","Bash+1","Thunderclap","Body Slam+1","True Grit+1","Carnage+1","Feel No Pain","Exhume","Seeing Red","Iron Wave","Pommel Strike","Iron Wave","Pummel","Entrench+1"],"relics":["Burning Blood","Calipers","Peace Pipe","Magic Flower","Orrery","Bronze Scales","Self Forming Clay"],"potions_floor_usage":[18,23,23],"damage_taken":[{"damage":6,"enemies":"Cultist","floor":1,"turns":4},{"damage":0,"enemies":"Small Slimes","floor":2,"turns":3},{"damage":0,"enemies":"2 Louse","floor":11,"turns":2},{"damage":16,"enemies":"Gremlin Nob","floor":12,"turns":3},{"damage":6,"enemies":"Large Slime","floor":13,"turns":6},{"damage":28,"enemies":"The Guardian","floor":16,"turns":14},{"damage":11,"enemies":"Spheric Guardian","floor":18,"turns":4},{"damage":40,"enemies":"Slavers","floor":23,"turns":6},{"damage":62,"enemies":"Gremlin Leader","floor":25,"turns":9}],"seed_played":"-6634704246255966126","potions_obtained":[{"floor":2,"key":"Weak Potion"},{"floor":13,"key":"AttackPotion"},{"floor":16,"key":"Regen Potion"}],"is_trial":false,"path_per_floor":["M","M","?","?","$","R","?","R","T","T","M","E","M","?","R","B",null,"M","?","?","?","T","E","R","E"],"character_chosen":"IRONCLAD","items_purchased":["True Grit","Carnage"],"campfire_rested":1,"item_purchase_floors":[5,5],"current_hp_per_floor":[72,72,61,54,54,54,40,40,40,40,46,36,39,39,60,41,64,62,62,62,62,62,55,55,0],"gold":273,"neow_bonus":"ONE_RARE_RELIC","is_prod":false,"is_daily":false,"chose_seed":false,"campfire_upgraded":3,"win_rate":0,"timestamp":1549456512,"path_taken":["M","?","?","?","$","R","?","R","T","?","?","E","M","?","R","BOSS","M","?","?","?","?","E","R","E"],"build_version":"2019-01-23","purchased_purges":1,"victory":false,"max_hp_per_floor":[72,72,72,72,72,72,72,72,72,72,72,72,72,72,72,72,72,72,72,72,72,72,72,72,72],"card_choices":[{"not_picked":["Headbutt","Perfected Strike"],"picked":"Thunderclap","floor":1},{"not_picked":["Burning Pact","Fire Breathing"],"picked":"Body Slam","floor":2},{"not_picked":["Perfected Strike","Havoc","Burning Pact"],"picked":"SKIP","floor":11},{"not_picked":["Twin Strike","Bloodletting"],"picked":"Feel No Pain","floor":12},{"not_picked":["Twin Strike","Thunderclap","Clothesline"],"picked":"SKIP","floor":13},{"not_picked":["Bludgeon","Offering"],"picked":"Exhume","floor":16},{"not_picked":["Intimidate","Iron Wave"],"picked":"Seeing Red","floor":17},{"not_picked":["Body Slam","Anger"],"picked":"Iron Wave","floor":17},{"not_picked":["Hemokinesis","Clash"],"picked":"Pommel Strike","floor":17},{"not_picked":["Rampage","Anger","Dual Wield"],"picked":"SKIP","floor":18},{"not_picked":["Body Slam","Rupture","Sword Boomerang"],"picked":"SKIP","floor":23}],"player_experience":819577,"relics_obtained":[{"floor":10,"key":"Peace Pipe"},{"floor":12,"key":"Magic Flower"},{"floor":22,"key":"Bronze Scales"},{"floor":23,"key":"Self Forming Clay"}],"event_choices":[{"damage_healed":0,"gold_gain":75,"player_choice":"Gather Gold","damage_taken":11,"max_hp_gain":0,"max_hp_loss":0,"event_name":"World of Goop","floor":3,"gold_loss":0},{"cards_removed":["Strike_R"],"damage_healed":0,"gold_gain":0,"player_choice":"Card Removal","damage_taken":7,"max_hp_gain":0,"max_hp_loss":0,"event_name":"Golden Wing","floor":4,"gold_loss":0},{"damage_healed":0,"gold_gain":0,"player_choice":"Entered Light","damage_taken":14,"max_hp_gain":0,"max_hp_loss":0,"event_name":"Shining Light","floor":7,"gold_loss":0,"cards_upgraded":["Bash","Body Slam"]},{"damage_healed":0,"gold_gain":30,"player_choice":"Searched \u00271\u0027 times","damage_taken":0,"max_hp_gain":0,"max_hp_loss":0,"event_name":"Dead Adventurer","floor":14,"gold_loss":0},{"damage_healed":0,"gold_gain":0,"player_choice":"Ignored","damage_taken":0,"max_hp_gain":0,"max_hp_loss":0,"event_name":"Ghosts","floor":19,"gold_loss":0},{"damage_healed":0,"gold_gain":0,"cards_transformed":["Strike_R","Strike_R"],"player_choice":"Became Test Subject","damage_taken":0,"max_hp_gain":0,"max_hp_loss":0,"event_name":"Drug Dealer","floor":20,"gold_loss":0,"cards_obtained":["Iron Wave","Pummel"]},{"damage_healed":0,"gold_gain":0,"player_choice":"Read","damage_taken":0,"max_hp_gain":0,"max_hp_loss":0,"event_name":"The Library","floor":21,"gold_loss":0,"cards_obtained":["Entrench"]}],"is_beta":false,"boss_relics":[{"not_picked":["Pandora\u0027s Box","Fusion Hammer"],"picked":"Orrery"}],"items_purged_floors":[5],"is_endless":false,"potions_floor_spawned":[2,13,16],"killed_by":"Gremlin Leader","ascension_level":5}