{"gold_per_floor":[110,121,141,141,157,157,167,178,178,208,221,221],"floor_reached":12,"playtime":594,"items_purged":[],"score":97,"play_id":"2db2e845-c21a-4e28-8197-ef337d672752","local_time":"20190127090810","is_ascension_mode":true,"campfire_choices":[{"data":"Armaments","floor":6,"key":"SMITH"}],"neow_cost":"NONE","seed_source_timestamp":1434597683532338,"circlet_count":0,"master_deck":["Strike_R","Strike_R","Strike_R","Strike_R","Defend_R","Defend_R","Defend_R","Defend_R","Bash","Armaments+1","Burning Pact","Flame Barrier","Shrug It Off","Shrug It Off","Whirlwind"],"relics":["Burning Blood","The Courier","Gambling Chip"],"potions_floor_usage":[7,10,11,12],"damage_taken":[{"damage":6,"enemies":"2 Louse","floor":1,"turns":3},{"damage":6,"enemies":"Cultist","floor":2,"turns":4},{"damage":11,"enemies":"Jaw Worm","floor":3,"turns":4},{"damage":2,"enemies":"3 Louse","floor":5,"turns":5},{"damage":6,"enemies":"Exordium Thugs","floor":7,"turns":5},{"damage":0,"enemies":"Lots of Slimes","floor":8,"turns":1},{"damage":26,"enemies":"Lagavulin","floor":10,"turns":8},{"damage":5,"enemies":"Large Slime","floor":11,"turns":8},{"damage":70,"enemies":"Gremlin Nob","floor":12,"turns":7}],"seed_played":"7109025756378126514","potions_obtained":[{"floor":1,"key":"AttackPotion"},{"floor":7,"key":"Explosive Potion"},{"floor":8,"key":"FearPotion"},{"floor":11,"key":"Block Potion"}],"is_trial":false,"path_per_floor":["M","M","M","?","M","R","M","M","T","E","M","E"],"character_chosen":"IRONCLAD","items_purchased":[],"campfire_rested":0,"item_purchase_floors":[],"current_hp_per_floor":[80,80,75,75,79,79,79,80,80,60,61,0],"gold":221,"neow_bonus":"TRANSFORM_CARD","is_prod":false,"is_daily":false,"chose_seed":false,"campfire_upgraded":1,"win_rate":0,"timestamp":1548547690,"path_taken":["M","M","M","?","M","R","M","M","T","E","M","E"],"build_version":"2019-01-23","purchased_purges":0,"victory":false,"max_hp_per_floor":[80,80,80,80,80,80,80,80,80,80,80,80],"card_choices":[{"not_picked":["Twin Strike","Heavy Blade"],"picked":"Burning Pact","floor":1},{"not_picked":["Feel No Pain","Blood for Blood"],"picked":"Flame Barrier","floor":2},{"not_picked":["Armaments","Anger"],"picked":"Shrug It Off","floor":3},{"not_picked":["Limit Break","Flex"],"picked":"Shrug It Off","floor":5},{"not_picked":["Warcry","Disarm"],"picked":"Whirlwind","floor":7},{"not_picked":["Clash","Heavy Blade","Carnage"],"picked":"SKIP","floor":8},{"not_picked":["Flex","Wild Strike","Hemokinesis"],"picked":"SKIP","floor":10},{"not_picked":["Headbutt","Thunderclap","Infernal Blade"],"picked":"SKIP","floor":11}],"player_experience":703521,"relics_obtained":[{"floor":9,"key":"The Courier"},{"floor":10,"key":"Gambling Chip"}],"event_choices":[{"damage_healed":0,"gold_gain":0,"player_choice":"Ignored","damage_taken":0,"max_hp_gain":0,"max_hp_loss":0,"event_name":"NoteForYourself","floor":4,"gold_loss":0}],"is_beta":false,"boss_relics":[],"items_purged_floors":[],"is_endless":false,"potions_floor_spawned":[1,7,8,11],"killed_by":"Gremlin Nob","ascension_level":3}