{"gold_per_floor":[112,112,37,37,58,101,101,139,165,165,188,201,232,232,232,326,326,347,368,283,283,283,283],"floor_reached":23,"playtime":1191,"items_purged":[],"score":488,"play_id":"689ba4cd-5103-470b-b85c-48667b8fa559","local_time":"20190102111341","is_ascension_mode":true,"campfire_choices":[{"data":"Combust","floor":7.0,"key":"SMITH"},{"data":"Inflame","floor":10.0,"key":"SMITH"},{"data":"Flame Barrier","floor":15.0,"key":"SMITH"}],"neow_cost":"NONE","seed_source_timestamp":1047656826856470,"circlet_count":0,"master_deck":["AscendersBane","Strike_R+1","Strike_R+1","Strike_R+1","Strike_R+1","Defend_R+1","Defend_R+1","Defend_R+1","Defend_R+1","Bash","Combust+1","Inflame+1","Clothesline","Flame Barrier+1","Battle Trance","Shrug It Off","Spot Weakness","Sword Boomerang","Reaper","Pain","Shrug It Off","Havoc"],"special_seed":0,"relics":["Burning Blood","NeowsBlessing","Golden Idol","Omamori","PreservedInsect","Red Skull","Whetstone","Calling Bell","Vajra","Blue Candle","Charon\u0027s Ashes","Blood Vial"],"potions_floor_usage":[16],"damage_taken":[{"damage":0.0,"enemies":"2 Louse","floor":1.0,"turns":1.0},{"damage":0.0,"enemies":"Small Slimes","floor":5.0,"turns":1.0},{"damage":0.0,"enemies":"3 Sentries","floor":6.0,"turns":1.0},{"damage":61.0,"enemies":"Lagavulin","floor":8.0,"turns":7.0},{"damage":1.0,"enemies":"Cultist","floor":11.0,"turns":3.0},{"damage":6.0,"enemies":"Looter","floor":12.0,"turns":3.0},{"damage":0.0,"enemies":"Gremlin Nob","floor":13.0,"turns":2.0},{"damage":22,"enemies":"Hexaghost","floor":16,"turns":8},{"damage":27,"enemies":"Shell Parasite","floor":18,"turns":7},{"damage":36,"enemies":"Spheric Guardian","floor":19,"turns":5},{"damage":42,"enemies":"Gremlin Leader","floor":23,"turns":2}],"seed_played":"-1600842258022674026","potions_obtained":[{"floor":5.0,"key":"FearPotion"},{"floor":6.0,"key":"SpeedPotion"},{"floor":13.0,"key":"BloodPotion"},{"floor":18,"key":"SpeedPotion"}],"is_trial":false,"path_per_floor":["M","?","$","?","M","E","R","E","T","R","M","M","E","?","R","B",null,"M","M","?","?","?","E"],"character_chosen":"IRONCLAD","items_purchased":["Inflame"],"campfire_rested":0,"item_purchase_floors":[3],"current_hp_per_floor":[74,48,48,75,75,75,75,20,20,20,25,25,31,31,31,22,62,42,12,12,27,27,0],"gold":283,"neow_bonus":"THREE_ENEMY_KILL","is_prod":false,"is_daily":false,"chose_seed":false,"campfire_upgraded":3,"win_rate":0,"timestamp":1546456421,"path_taken":["M","?","$","?","?","E","R","E","T","R","M","M","E","?","R","BOSS","M","?","?","?","?","E"],"build_version":"2018-12-20","purchased_purges":0,"victory":false,"max_hp_per_floor":[75,75,75,75,75,75,75,75,75,75,75,75,75,75,75,75,75,75,75,75,75,75,75],"card_choices":[{"not_picked":["Flex","Entrench"],"picked":"Combust","floor":1.0},{"not_picked":["Fire Breathing","Wild Strike"],"picked":"Clothesline","floor":5.0},{"not_picked":["Fire Breathing","Clothesline"],"picked":"Flame Barrier","floor":6.0},{"not_picked":["Seeing Red","Ghostly Armor"],"picked":"Battle Trance","floor":8.0},{"not_picked":["Body Slam","Rampage"],"picked":"Shrug It Off","floor":11.0},{"not_picked":["Anger","Sword Boomerang"],"picked":"Spot Weakness","floor":12.0},{"not_picked":["Warcry","Heavy Blade","Thunderclap"],"picked":"SKIP","floor":13.0},{"not_picked":["Impervious","Double Tap"],"picked":"Reaper","floor":16},{"not_picked":["Heavy Blade","True Grit"],"picked":"Shrug It Off","floor":18},{"not_picked":["Havoc","Iron Wave+1","Clash"],"picked":"SKIP","floor":19},{"not_picked":["Iron Wave+1","Clash"],"picked":"Havoc","floor":19}],"player_experience":1629247,"relics_obtained":[{"floor":6.0,"key":"Omamori"},{"floor":8.0,"key":"PreservedInsect"},{"floor":9.0,"key":"Red Skull"},{"floor":13.0,"key":"Whetstone"},{"floor":17,"key":"Vajra"},{"floor":17,"key":"Blue Candle"},{"floor":17,"key":"Charon\u0027s Ashes"}],"event_choices":[{"damage_healed":0.0,"max_hp_gain":0.0,"max_hp_loss":0.0,"gold_gain":0.0,"event_name":"Golden Idol","player_choice":"Take Damage","floor":2.0,"gold_loss":0.0,"damage_taken":26.0,"relics_obtained":["Golden Idol"]},{"damage_healed":27.0,"max_hp_gain":0.0,"max_hp_loss":0.0,"gold_gain":0.0,"event_name":"Wheel of Change","player_choice":"Full Heal","floor":4.0,"gold_loss":0.0,"damage_taken":0.0},{"damage_healed":0.0,"max_hp_gain":0.0,"max_hp_loss":0.0,"gold_gain":0.0,"cards_transformed":["Strike_R"],"event_name":"Transmorgrifier","player_choice":"Transformed","floor":14.0,"gold_loss":0.0,"damage_taken":0.0,"cards_obtained":["Sword Boomerang"]},{"damage_healed":0,"gold_gain":0,"player_choice":"Obtained Relic","damage_taken":0,"relics_obtained":["Blood Vial"],"max_hp_gain":0,"max_hp_loss":0,"event_name":"Addict","floor":20,"gold_loss":85},{"damage_healed":15,"gold_gain":0,"player_choice":"Heal","damage_taken":0,"max_hp_gain":0,"max_hp_loss":0,"event_name":"The Library","floor":21,"gold_loss":0},{"damage_healed":0,"gold_gain":0,"player_choice":"Simplicity","damage_taken":0,"max_hp_gain":0,"max_hp_loss":0,"event_name":"Back to Basics","floor":22,"gold_loss":0,"cards_upgraded":["Strike_R","Strike_R","Defend_R","Defend_R","Defend_R","Defend_R"]}],"is_beta":false,"boss_relics":[{"not_picked":["Mark of Pain","Velvet Choker"],"picked":"Calling Bell"}],"items_purged_floors":[],"is_endless":false,"potions_floor_spawned":[5,6,12,13,18],"killed_by":"Gremlin Leader","ascension_level":18}