{"gold_per_floor":[116,116,136,2,2,2,27,90,115,131,131,3,3,15,15,15],"floor_reached":16,"playtime":1760,"items_purged":["Defend_R"],"score":246,"play_id":"9004609f-e96f-4312-8f15-a5266772c46e","local_time":"20181209140935","is_ascension_mode":true,"campfire_choices":[{"data":"True Grit","floor":6.0,"key":"SMITH"},{"data":"Shockwave","floor":11.0,"key":"SMITH"},{"floor":13.0,"key":"RECALL"},{"data":"Bash","floor":15.0,"key":"SMITH"}],"neow_cost":"NONE","seed_source_timestamp":0,"circlet_count":0,"master_deck":["AscendersBane","Strike_R","Strike_R","Strike_R","Strike_R","Strike_R","Defend_R","Defend_R","Defend_R","Bash+1","Headbutt","Seeing Red","True Grit+1","Ghostly Armor","Warcry","Shockwave+1","Sentinel","Feel No Pain","Iron Wave"],"special_seed":0,"relics":["Burning Blood","NeowsBlessing","PreservedInsect","Incense Burner","Juzu Bracelet"],"potions_floor_usage":[16],"damage_taken":[{"damage":0.0,"enemies":"Cultist","floor":1.0,"turns":1.0},{"damage":0.0,"enemies":"Small Slimes","floor":3.0,"turns":1.0},{"damage":0.0,"enemies":"Gremlin Nob","floor":7.0,"turns":1.0},{"damage":10.0,"enemies":"3 Sentries","floor":8.0,"turns":9.0},{"damage":0.0,"enemies":"2 Louse","floor":10.0,"turns":3.0},{"damage":9.0,"enemies":"Blue Slaver","floor":14.0,"turns":4.0},{"damage":69,"enemies":"Hexaghost","floor":16,"turns":13}],"seed_played":"-704669474988805017","potions_obtained":[{"floor":2.0,"key":"Fire Potion"},{"floor":2.0,"key":"FairyPotion"},{"floor":8.0,"key":"SneckoOil"}],"is_trial":false,"path_per_floor":["M","?","M","$","?","R","E","?","T","M","R","$","R","M","R","B"],"character_chosen":"IRONCLAD","items_purchased":["True Grit","Sentinel","Feel No Pain"],"campfire_rested":0,"item_purchase_floors":[4,12,12],"current_hp_per_floor":[74,74,75,75,75,75,75,71,71,75,75,75,75,72,72,3],"gold":15,"neow_bonus":"THREE_ENEMY_KILL","is_prod":false,"is_daily":false,"chose_seed":false,"campfire_upgraded":3,"win_rate":0,"timestamp":1544389775,"path_taken":["M","?","?","$","?","R","E","?","T","M","R","$","R","M","R","BOSS"],"build_version":"2018-12-06","purchased_purges":1,"victory":false,"max_hp_per_floor":[75,75,75,75,75,75,75,75,75,75,75,75,75,75,75,75],"card_choices":[{"not_picked":["Cleave","Sword Boomerang"],"picked":"Headbutt","floor":1.0},{"not_picked":["Rupture","Clash"],"picked":"Seeing Red","floor":3.0},{"not_picked":["Disarm","Burning Pact"],"picked":"Ghostly Armor","floor":7.0},{"not_picked":["Wild Strike","Clash"],"picked":"Warcry","floor":8.0},{"not_picked":["Ghostly Armor","Havoc"],"picked":"Shockwave","floor":10.0},{"not_picked":["Bloodletting","Clash"],"picked":"Iron Wave","floor":14.0}],"player_experience":553187,"relics_obtained":[{"floor":7.0,"key":"PreservedInsect"},{"floor":9.0,"key":"Juzu Bracelet"}],"event_choices":[{"damage_healed":0.0,"max_hp_gain":0.0,"max_hp_loss":0.0,"gold_gain":0.0,"event_name":"Lab","player_choice":"Got Potions","floor":2.0,"gold_loss":0.0,"damage_taken":0.0},{"damage_healed":0.0,"max_hp_gain":0.0,"max_hp_loss":0.0,"gold_gain":0.0,"event_name":"The Cleric","player_choice":"Leave","floor":5.0,"gold_loss":0.0,"damage_taken":0.0},{"damage_healed":0.0,"max_hp_gain":0.0,"max_hp_loss":0.0,"gold_gain":0.0,"event_name":"Dead Adventurer","player_choice":"Searched \u00272\u0027 times","floor":8.0,"gold_loss":0.0,"damage_taken":0.0,"relics_obtained":["Incense Burner"]}],"is_beta":false,"boss_relics":[],"items_purged_floors":[4],"is_endless":false,"potions_floor_spawned":[3,8,14],"killed_by":"Hexaghost","ascension_level":20}