{"gold_per_floor":[111,111,125,125,125,125,166,166,220,220,234,255,275,316,316,316],"floor_reached":16,"playtime":727,"items_purged":[],"score":189,"play_id":"a5d25d2c-75e3-4fde-880a-f11d4f43ced3","local_time":"20190105195644","is_ascension_mode":true,"campfire_choices":[{"floor":6,"key":"REST"},{"floor":10,"key":"REST"},{"data":"White Noise","floor":15,"key":"SMITH"}],"neow_cost":"NONE","seed_source_timestamp":1344706878344967,"circlet_count":0,"master_deck":["Strike_B","Strike_B","Strike_B","Strike_B+1","Defend_B","Defend_B","Defend_B","Defend_B","Zap+1","Dualcast","Biased Cognition","Glacier+1","Force Field","Auto Shields","Self Repair","Conserve Battery","Self Repair","White Noise+1"],"relics":["Cracked Core","Golden Idol","DataDisk","Art of War","Tiny Chest","Matryoshka"],"potions_floor_usage":[13,16],"damage_taken":[{"damage":8,"enemies":"Jaw Worm","floor":1,"turns":4},{"damage":0,"enemies":"2 Louse","floor":3,"turns":1},{"damage":23,"enemies":"Gremlin Nob","floor":7,"turns":4},{"damage":0,"enemies":"Small Slimes","floor":11,"turns":4},{"damage":7,"enemies":"3 Louse","floor":12,"turns":3},{"damage":10,"enemies":"Gremlin Gang","floor":13,"turns":5},{"damage":0,"enemies":"Lagavulin","floor":14,"turns":7},{"damage":65,"enemies":"Hexaghost","floor":16,"turns":16}],"seed_played":"-7752923868329817727","potions_obtained":[{"floor":11,"key":"Swift Potion"},{"floor":13,"key":"EssenceOfSteel"}],"is_trial":false,"path_per_floor":["M","?","M","?","?","R","E","?","T","R","M","M","M","E","R","B"],"character_chosen":"DEFECT","items_purchased":[],"campfire_rested":2,"item_purchase_floors":[],"current_hp_per_floor":[60,60,60,42,27,49,26,26,26,48,48,48,45,59,59,0],"gold":316,"neow_bonus":"ONE_RANDOM_RARE_CARD","is_prod":false,"is_daily":false,"chose_seed":false,"campfire_upgraded":1,"win_rate":0,"timestamp":1546739804,"path_taken":["M","?","M","?","?","R","E","?","T","R","M","M","M","E","R","BOSS"],"build_version":"2019-01-03v4","purchased_purges":0,"victory":false,"max_hp_per_floor":[75,75,75,75,75,75,75,75,75,75,75,75,75,75,75,75],"card_choices":[{"not_picked":["Rebound","Go for the Eyes"],"picked":"Glacier","floor":1},{"not_picked":["Redo","Scrape"],"picked":"Force Field","floor":3},{"not_picked":["Streamline","Barrage"],"picked":"Auto Shields","floor":7},{"not_picked":["Leap","Force Field"],"picked":"Self Repair","floor":11},{"not_picked":["Ball Lightning","FTL"],"picked":"Conserve Battery","floor":12},{"not_picked":["Rebound","White Noise"],"picked":"Self Repair","floor":13},{"not_picked":["Beam Cell","Hologram"],"picked":"White Noise","floor":14}],"player_experience":388751,"relics_obtained":[{"floor":7,"key":"DataDisk"},{"floor":8,"key":"Art of War"},{"floor":9,"key":"Tiny Chest"},{"floor":14,"key":"Matryoshka"}],"event_choices":[{"damage_healed":0,"gold_gain":0,"player_choice":"Grow","damage_taken":0,"max_hp_gain":0,"max_hp_loss":0,"event_name":"Living Wall","floor":2,"gold_loss":0,"cards_upgraded":["Zap"]},{"damage_healed":0,"gold_gain":0,"player_choice":"Take Damage","damage_taken":18,"relics_obtained":["Golden Idol"],"max_hp_gain":0,"max_hp_loss":0,"event_name":"Golden Idol","floor":4,"gold_loss":0},{"damage_healed":0,"gold_gain":0,"player_choice":"Entered Light","damage_taken":15,"max_hp_gain":0,"max_hp_loss":0,"event_name":"Shining Light","floor":5,"gold_loss":0,"cards_upgraded":["Strike_B","Glacier"]},{"damage_healed":0,"gold_gain":0,"player_choice":"Relic","damage_taken":0,"max_hp_gain":0,"max_hp_loss":0,"event_name":"Wheel of Change","floor":8,"gold_loss":0}],"is_beta":false,"boss_relics":[],"items_purged_floors":[],"is_endless":false,"potions_floor_spawned":[11,13],"killed_by":"Hexaghost","ascension_level":8}