{"path_per_floor":["M","$","M","?","M","R","?","R","T","M","?","M","M","M","R","B",null,"M","M","?","$","?","R","M","R","T","M","R","M","?","?","R","B",null,"M","M","M","$","M","R","E","R","T","R","?","M","?","?","R","B"],"character_chosen":"THE_SILENT","items_purchased":["Noxious Fumes","Bird Faced Urn"],"gold_per_floor":[114,34,48,48,63,63,124,124,148,166,166,181,199,211,211,309,309,325,341,341,30,30,30,45,45,69,87,87,103,103,26,26,122,122,138,155,165,90,110,110,144,144,144,144,144,154,154,154,154,154],"floor_reached":51,"campfire_rested":6,"playtime":10680,"current_hp_per_floor":[56,56,55,55,49,49,38,59,59,55,48,48,35,30,51,34,63,37,28,28,28,28,50,53,53,53,42,42,50,50,50,50,33,65,38,29,33,33,24,47,14,38,38,62,52,35,72,72,72,28],"items_purged":["Defend_G"],"gold":154,"score":837,"play_id":"e3e0c0ad-181e-4499-b798-27d6882d3eaf","local_time":"20180522160838","is_prod":false,"is_daily":false,"chose_seed":false,"is_ascension_mode":true,"campfire_upgraded":5,"timestamp":1527030518,"campfire_choices":[{"data":"Noxious Fumes","floor":6,"key":"SMITH"},{"floor":8,"key":"REST"},{"floor":15,"key":"REST"},{"floor":23,"key":"REST"},{"data":"Footwork","floor":25,"key":"SMITH"},{"data":"Footwork","floor":28,"key":"SMITH"},{"data":"Neutralize","floor":32,"key":"SMITH"},{"floor":40,"key":"REST"},{"floor":42,"key":"REST"},{"floor":44,"key":"REST"},{"data":"Deadly Poison","floor":49,"key":"SMITH"}],"path_taken":["M","$","M","?","M","R","?","R","T","M","?","M","?","M","R","BOSS","M","M","?","$","?","R","M","R","T","M","R","M","?","?","R","BOSS","M","M","M","$","?","R","E","R","T","R","?","M","?","?","R","BOSS"],"build_version":"2018-05-17","seed_source_timestamp":85705077423529,"purchased_purges":1,"victory":true,"master_deck":["Defend_G","Defend_G","Defend_G","Defend_G","Strike_G","Strike_G+1","Strike_G","Strike_G+1","Survivor","Deadly Poison+1","Noxious Fumes+1","Deflect","Blur+1","Deadly Poison+1","Footwork+1","Cloak And Dagger+1","Die Die Die","Footwork+1","Crippling Poison+1","Leg Sweep+1","J.A.X.+1","Adrenaline+1","Catalyst+1","Malaise+1","Blur+1","Madness+1","Madness+1"],"max_hp_per_floor":[70,70,70,70,70,70,70,70,70,70,70,70,70,72,72,72,72,74,74,74,74,74,74,74,74,74,74,74,76,76,76,76,76,76,78,78,78,78,78,78,80,80,80,80,80,82,72,72,72,72],"relics":["Ring of the Snake","Omamori","Matryoshka","Toxic Egg 2","Singing Bowl","Boot","Velvet Choker","Bird Faced Urn","Anchor","Whetstone","Black Star","Ninja Scroll","Toolbox","Bag of Marbles"],"card_choices":[{"not_picked":["Calculated Gamble","Deflect"],"picked":"Deadly Poison","floor":1},{"not_picked":["Prepared","Deadly Poison"],"picked":"Deflect","floor":3},{"not_picked":["Outmaneuver","Slice","Calculated Gamble"],"picked":"SKIP","floor":5},{"not_picked":["Underhanded Strike","Sucker Punch"],"picked":"Blur","floor":7},{"not_picked":["Eviscerate","Flying Knee"],"picked":"Deadly Poison+1","floor":10},{"not_picked":["Masterful Stab","Dagger Throw"],"picked":"Footwork","floor":12},{"not_picked":["Distraction+1","Terror+1"],"picked":"Cloak And Dagger+1","floor":13},{"not_picked":["Poisoned Stab","Flying Knee","Bane"],"picked":"Singing Bowl","floor":14},{"not_picked":["Wraith Form v2","Night Terror+1"],"picked":"Die Die Die","floor":16},{"not_picked":["Caltrops","Flying Knee","Finisher"],"picked":"Singing Bowl","floor":18},{"not_picked":["Caltrops","Poisoned Stab+1"],"picked":"Footwork","floor":19},{"not_picked":["Deflect+1","Slice"],"picked":"Crippling Poison+1","floor":24},{"not_picked":["Expertise+1","Prepared+1"],"picked":"Leg Sweep+1","floor":27},{"not_picked":["Blade Dance+1","Distraction+1","Dagger Throw"],"picked":"Singing Bowl","floor":29},{"not_picked":["Glass Knife","Storm of Steel+1"],"picked":"Adrenaline+1","floor":33},{"not_picked":["Backstab+1","Quick Slash","PiercingWail+1"],"picked":"Singing Bowl","floor":35},{"not_picked":["Deflect+1","Dagger Spray+1"],"picked":"Catalyst+1","floor":36},{"not_picked":["Bouncing Flask+1","Dash"],"picked":"Malaise+1","floor":37},{"not_picked":["Eviscerate+1","Deflect+1"],"picked":"Blur+1","floor":39},{"not_picked":["Venomology+1","Underhanded Strike","Leg Sweep+1"],"picked":"Singing Bowl","floor":41},{"not_picked":["Slice","Dagger Throw","Dagger Spray+1"],"picked":"Singing Bowl","floor":46}],"player_experience":667012,"potions_floor_usage":[7,7,7,7,24,33,33,33,36,39,41],"damage_taken":[{"damage":7,"enemies":"Small Slimes","floor":1,"turns":4},{"damage":1,"enemies":"Jaw Worm","floor":3,"turns":3},{"damage":6,"enemies":"2 Louse","floor":5,"turns":4},{"damage":11,"enemies":"Lagavulin Event","floor":7,"turns":6},{"damage":4,"enemies":"Blue Slaver","floor":10,"turns":5},{"damage":0,"enemies":"Red Slaver","floor":12,"turns":3},{"damage":13,"enemies":"Large Slime","floor":13,"turns":7},{"damage":7,"enemies":"Exordium Wildlife","floor":14,"turns":5},{"damage":17,"enemies":"Hexaghost","floor":16,"turns":9},{"damage":28,"enemies":"3 Byrds","floor":18,"turns":5},{"damage":9,"enemies":"Shell Parasite","floor":19,"turns":6},{"damage":3,"enemies":"Snake Plant","floor":24,"turns":5},{"damage":17,"enemies":"3 Cultists","floor":27,"turns":5},{"damage":0,"enemies":"Slaver and Parasite","floor":29,"turns":7},{"damage":23,"enemies":"Automaton","floor":33,"turns":9},{"damage":35,"enemies":"3 Darklings","floor":35,"turns":5},{"damage":15,"enemies":"Orb Walker","floor":36,"turns":5},{"damage":2,"enemies":"Sphere and 2 Shapes","floor":37,"turns":5},{"damage":13,"enemies":"4 Shapes","floor":39,"turns":4},{"damage":41,"enemies":"2 Orb Walkers","floor":41,"turns":7},{"damage":25,"enemies":"3 Darklings","floor":46,"turns":5},{"damage":52,"enemies":"Awakened One","floor":50,"turns":21}],"relics_obtained":[{"floor":7,"key":"Toxic Egg 2"},{"floor":9,"key":"Singing Bowl"},{"floor":9,"key":"Boot"},{"floor":26,"key":"Anchor"},{"floor":26,"key":"Whetstone"},{"floor":41,"key":"Ninja Scroll"},{"floor":41,"key":"Toolbox"},{"floor":43,"key":"Bag of Marbles"}],"event_choices":[{"event_name":"Big Fish","player_choice":"Box","floor":4,"damage_taken":0},{"event_name":"Dead Adventurer","player_choice":"Searched \u00273\u0027 times","floor":7,"damage_taken":0},{"event_name":"Golden Wing","player_choice":"Card Removal","floor":11,"damage_taken":0},{"event_name":"Vampires","player_choice":"Ignored","floor":20,"damage_taken":0},{"event_name":"Addict","player_choice":"Ignored","floor":22,"damage_taken":0},{"event_name":"The Lab","player_choice":"Got Potions","floor":30,"damage_taken":0},{"event_name":"Drug Dealer","player_choice":"Got JAXXED","floor":31,"damage_taken":0},{"event_name":"Winding Halls","player_choice":"Embrace Madness","floor":45,"damage_taken":0},{"event_name":"The Moai Head","player_choice":"Heal","floor":47,"damage_taken":0}],"boss_relics":[{"not_picked":["Snecko Eye","Tiny House"],"picked":"Velvet Choker"},{"not_picked":["Runic Dome","Orrery"],"picked":"Black Star"}],"potions_floor_spawned":[1,3,14,18,24,27,33,35,36,46],"seed_played":"-3845105112983650061","ascension_level":6,"potions_obtained":[{"floor":1,"key":"Poison Potion"},{"floor":3,"key":"EntropicBrew"},{"floor":14,"key":"FearPotion"},{"floor":18,"key":"Swift Potion"},{"floor":24,"key":"Dexterity Potion"},{"floor":27,"key":"Poison Potion"},{"floor":30,"key":"Poison Potion"},{"floor":33,"key":"SkillPotion"},{"floor":35,"key":"Explosive Potion"},{"floor":36,"key":"Swift Potion"},{"floor":46,"key":"GhostInAJar"}],"is_trial":false}