{"gold_per_floor":[112,112,127,3,103,136,183,183,183,202,9,22,22,36,36,36],"floor_reached":16,"playtime":527,"items_purged":[],"score":125,"play_id":"6c71d79e-af1c-475e-bd46-6f6e48013d79","local_time":"20180918232212","is_ascension_mode":false,"campfire_choices":[{"data":"Flex","floor":8,"key":"SMITH"},{"data":"Whirlwind","floor":13,"key":"SMITH"},{"data":"Shockwave","floor":15,"key":"SMITH"}],"neow_cost":"NONE","seed_source_timestamp":349560810176939,"circlet_count":0,"master_deck":["Strike_R","Strike_R","Strike_R","Strike_R","Strike_R","Defend_R","Defend_R","Defend_R","Defend_R","Bash","Shockwave+1","Whirlwind+1","Flex+1","Thunderclap"],"relics":["Burning Blood","NeowsBlessing","Bag of Marbles","Dream Catcher","PreservedInsect","Frozen Eye"],"potions_floor_usage":[],"damage_taken":[{"damage":0,"enemies":"Jaw Worm","floor":1,"turns":1},{"damage":0,"enemies":"Cultist","floor":3,"turns":1},{"damage":0,"enemies":"3 Sentries","floor":6,"turns":1},{"damage":0,"enemies":"Small Slimes","floor":10,"turns":1},{"damage":6,"enemies":"2 Fungi Beasts","floor":12,"turns":4},{"damage":9,"enemies":"Gremlin Gang","floor":14,"turns":3},{"damage":79,"enemies":"Hexaghost","floor":16,"turns":10}],"seed_played":"897986692418947944","potions_obtained":[{"floor":1,"key":"Energy Potion"},{"floor":10,"key":"FearPotion"}],"is_trial":false,"path_per_floor":["M","?","M","$","?","E","T","R","T","M","$","M","R","M","R"],"character_chosen":"IRONCLAD","items_purchased":["Whirlwind","Flex","Frozen Eye"],"campfire_rested":0,"item_purchase_floors":[4,4,11],"current_hp_per_floor":[80,80,80,80,80,80,80,80,80,80,80,80,80,77,77,0],"gold":36,"neow_bonus":"THREE_ENEMY_KILL","is_prod":false,"is_daily":false,"chose_seed":false,"campfire_upgraded":3,"win_rate":0.0,"timestamp":1537330932,"path_taken":["M","?","M","$","?","E","?","R","T","M","$","M","R","M","R","BOSS"],"build_version":"2018-09-06","purchased_purges":0,"victory":false,"max_hp_per_floor":[80,80,80,80,80,80,80,80,80,80,80,80,80,80,80,80],"card_choices":[{"not_picked":["Body Slam","Sever Soul"],"picked":"Shockwave","floor":1},{"not_picked":["Carnage","Sword Boomerang","Anger"],"picked":"SKIP","floor":3},{"not_picked":["Rupture","Twin Strike"],"picked":"Thunderclap","floor":6},{"not_picked":["Spot Weakness","Second Wind","Reckless Charge"],"picked":"SKIP","floor":10},{"not_picked":["Feel No Pain","Power Through","Carnage"],"picked":"SKIP","floor":12},{"not_picked":["Headbutt","Wild Strike","Reckless Charge"],"picked":"SKIP","floor":14}],"player_experience":44210,"relics_obtained":[{"floor":6,"key":"Bag of Marbles"},{"floor":7,"key":"Dream Catcher"},{"floor":9,"key":"PreservedInsect"}],"event_choices":[{"event_name":"The Woman in Blue","player_choice":"Bought 0 Potions","floor":2,"damage_taken":0},{"event_name":"Golden Shrine","player_choice":"Pray","floor":5,"damage_taken":0}],"is_beta":false,"boss_relics":[],"items_purged_floors":[],"is_endless":false,"potions_floor_spawned":[1,10],"killed_by":"Hexaghost","ascension_level":0}