{"gold_per_floor":[111,111,35,35,35,67,67,21,72,72,98,110,137,167,167,271,271,288,304,8,8,20,20,48,67,93,93,8,36,36,52,52,157,207,221,248,267,267,285,285,320,320,368,368,400,416,429,464,464,464],"floor_reached":51,"playtime":1806,"items_purged":["Hello World+1"],"score":930,"play_id":"ee318dc3-9991-491c-950b-f54d71b5abf1","local_time":"20190128145123","is_ascension_mode":true,"campfire_choices":[{"data":"Defragment","floor":7,"key":"SMITH"},{"data":"Strike_B","floor":15,"key":"PURGE"},{"data":"Defend_B","floor":23,"key":"PURGE"},{"data":"Zap","floor":27,"key":"PURGE"},{"data":"Loop","floor":32,"key":"SMITH"},{"data":"Doom and Gloom+1","floor":40,"key":"PURGE"},{"data":"Defragment","floor":42,"key":"SMITH"},{"data":"Dualcast","floor":44,"key":"PURGE"},{"floor":49,"key":"REST"}],"neow_cost":"NONE","seed_source_timestamp":172935156190196,"circlet_count":0,"master_deck":["Defend_B","Defend_B","Defend_B","Chill","Loop+1","Defragment+1","Gash","Gash","Force Field+1","Echo Form","Storm+1","Capacitor+1","Defragment+1","Self Repair+1","Biased Cognition","Self Repair","Storm+1","Defragment","Electrodynamics"],"relics":["Cracked Core","NeowsBlessing","Ancient Tea Set","Dream Catcher","Peace Pipe","Du-Vu Doll","Tiny Chest","Astrolabe","Vajra","Blood Vial","PreservedInsect","Pear","Centennial Puzzle","Potion Belt","Tiny House","DataDisk","Omamori","Art of War","Bag of Preparation","Boot"],"potions_floor_usage":[13,19,22,22,24,29,45,46,47],"damage_taken":[{"damage":0,"enemies":"2 Louse","floor":1,"turns":1},{"damage":0,"enemies":"Lagavulin","floor":6,"turns":2},{"damage":0,"enemies":"3 Sentries","floor":11,"turns":1},{"damage":0,"enemies":"Cultist","floor":12,"turns":3},{"damage":16,"enemies":"Gremlin Nob","floor":13,"turns":4},{"damage":25,"enemies":"The Guardian","floor":16,"turns":11},{"damage":7,"enemies":"Spheric Guardian","floor":18,"turns":4},{"damage":12,"enemies":"2 Thieves","floor":19,"turns":3},{"damage":3,"enemies":"Cultist and Chosen","floor":22,"turns":5},{"damage":21,"enemies":"Book of Stabbing","floor":24,"turns":4},{"damage":26,"enemies":"Shelled Parasite and Fungi","floor":25,"turns":5},{"damage":11,"enemies":"Slavers","floor":29,"turns":3},{"damage":25,"enemies":"Centurion and Healer","floor":31,"turns":4},{"damage":14,"enemies":"Automaton","floor":33,"turns":6},{"damage":25,"enemies":"3 Shapes","floor":35,"turns":3},{"damage":15,"enemies":"Orb Walker","floor":37,"turns":2},{"damage":27,"enemies":"3 Darklings","floor":39,"turns":3},{"damage":18,"enemies":"Giant Head","floor":41,"turns":4},{"damage":38,"enemies":"Nemesis","floor":45,"turns":3},{"damage":42,"enemies":"Writhing Mass","floor":46,"turns":3},{"damage":9,"enemies":"Sphere and 2 Shapes","floor":47,"turns":3},{"damage":0,"enemies":"Reptomancer","floor":48,"turns":3},{"damage":21,"enemies":"Donu and Deca","floor":50,"turns":5}],"seed_played":"-8676593498776714993","potions_obtained":[{"floor":1,"key":"PowerPotion"},{"floor":6,"key":"Explosive Potion"},{"floor":16,"key":"Regen Potion"},{"floor":19,"key":"SkillPotion"},{"floor":22,"key":"GamblersBrew"},{"floor":25,"key":"EssenceOfSteel"},{"floor":33,"key":"Weak Potion"},{"floor":34,"key":"FairyPotion"},{"floor":35,"key":"SpeedPotion"},{"floor":45,"key":"SkillPotion"}],"is_trial":false,"path_per_floor":["M","?","$","$","?","E","R","$","T","$","E","M","E","T","R","B",null,"M","M","$","?","M","R","E","M","T","R","?","E","T","M","R","B",null,"M","T","M","?","M","R","E","R","T","R","E","M","M","E","R","B",null],"character_chosen":"DEFECT","items_purchased":["Defragment","Gash","Defragment","Vajra"],"campfire_rested":1,"item_purchase_floors":[3,8,20,20],"current_hp_per_floor":[75,75,75,75,75,75,75,75,75,75,75,75,59,59,59,34,75,68,56,56,56,67,67,46,32,32,32,42,43,43,30,30,28,90,82,82,79,79,64,64,55,55,55,55,29,19,12,31,58,49],"gold":464,"neow_bonus":"THREE_ENEMY_KILL","is_prod":false,"is_daily":false,"chose_seed":false,"campfire_upgraded":3,"win_rate":0,"timestamp":1548647483,"path_taken":["M","?","?","$","?","E","R","$","T","$","E","M","E","?","R","BOSS","M","M","$","?","M","R","E","M","T","R","?","E","?","M","R","BOSS","M","?","M","?","M","R","E","R","T","R","E","?","?","E","R","BOSS"],"build_version":"2019-01-23","purchased_purges":1,"victory":true,"max_hp_per_floor":[75,75,75,75,75,75,75,75,75,75,75,75,75,75,75,75,75,75,75,75,75,75,75,75,75,75,75,85,85,85,85,85,85,90,90,90,90,90,90,90,90,90,90,90,90,90,90,90,90,90],"card_choices":[{"not_picked":["Stack","Rebound"],"picked":"Chill","floor":1},{"not_picked":["Stack","Sweeping Beam"],"picked":"Gash","floor":6},{"not_picked":["Chill","Sunder"],"picked":"Force Field","floor":11},{"not_picked":["White Noise","Reprogram","Streamline"],"picked":"SKIP","floor":12},{"not_picked":["Reinforced Body","Genetic Algorithm","Undo"],"picked":"SKIP","floor":13},{"not_picked":["Fission","Thunder Strike"],"picked":"Echo Form","floor":16},{"not_picked":["Undo","Barrage"],"picked":"Capacitor+1","floor":18},{"not_picked":["Streamline","Beam Cell","Cold Snap+1"],"picked":"SKIP","floor":19},{"not_picked":["Rebound","Compile Driver","Steam Power+1"],"picked":"SKIP","floor":22},{"not_picked":["Loop","Doom and Gloom"],"picked":"Self Repair+1","floor":24},{"not_picked":["Darkness","Turbo","Hologram"],"picked":"SKIP","floor":25},{"not_picked":["Self Repair","Steam Power","Reinforced Body"],"picked":"SKIP","floor":29},{"not_picked":["Darkness","Self Repair","Double Energy"],"picked":"SKIP","floor":31},{"not_picked":["Fission","Reboot"],"picked":"Biased Cognition","floor":33},{"not_picked":["Static Discharge","Aggregate"],"picked":"Self Repair","floor":34},{"not_picked":["Beam Cell+1","Chaos","Rebound+1"],"picked":"SKIP","floor":35},{"not_picked":["Redo+1","Conserve Battery+1","Sweeping Beam"],"picked":"SKIP","floor":37},{"not_picked":["Darkness","Coolheaded"],"picked":"Defragment","floor":39},{"not_picked":["Consume+1","Leap+1","Lockon"],"picked":"SKIP","floor":41},{"not_picked":["Redo","Doom and Gloom+1","Consume"],"picked":"SKIP","floor":45},{"not_picked":["Rebound","Steam Power","Ball Lightning+1"],"picked":"SKIP","floor":46},{"not_picked":["Beam Cell","Cold Snap","Turbo"],"picked":"SKIP","floor":47},{"not_picked":["Reinforced Body+1","Lockon+1"],"picked":"Electrodynamics","floor":48}],"player_experience":1150882,"relics_obtained":[{"floor":6,"key":"Ancient Tea Set"},{"floor":9,"key":"Dream Catcher"},{"floor":11,"key":"Peace Pipe"},{"floor":13,"key":"Du-Vu Doll"},{"floor":14,"key":"Tiny Chest"},{"floor":24,"key":"Blood Vial"},{"floor":26,"key":"PreservedInsect"},{"floor":29,"key":"Centennial Puzzle"},{"floor":30,"key":"Potion Belt"},{"floor":36,"key":"DataDisk"},{"floor":41,"key":"Omamori"},{"floor":43,"key":"Art of War"},{"floor":45,"key":"Bag of Preparation"},{"floor":48,"key":"Boot"}],"event_choices":[{"damage_healed":0,"gold_gain":0,"player_choice":"1 cards matched","damage_taken":0,"max_hp_gain":0,"max_hp_loss":0,"event_name":"Match and Keep!","floor":2,"gold_loss":0,"cards_obtained":["Loop"]},{"damage_healed":0,"gold_gain":0,"player_choice":"Leave","damage_taken":0,"max_hp_gain":0,"max_hp_loss":0,"event_name":"The Cleric","floor":5,"gold_loss":0},{"damage_healed":0,"gold_gain":0,"player_choice":"Ignored","damage_taken":0,"max_hp_gain":0,"max_hp_loss":0,"event_name":"Vampires","floor":21,"gold_loss":0},{"damage_healed":0,"gold_gain":0,"player_choice":"Obtained Relic","damage_taken":0,"relics_obtained":["Pear"],"max_hp_gain":0,"max_hp_loss":0,"event_name":"Addict","floor":28,"gold_loss":85},{"damage_healed":0,"gold_gain":0,"player_choice":"Copied","damage_taken":0,"max_hp_gain":0,"max_hp_loss":0,"event_name":"Duplicator","floor":38,"gold_loss":0,"cards_obtained":["Storm"]}],"is_beta":true,"boss_relics":[{"not_picked":["Velvet Choker","Orrery"],"picked":"Astrolabe"},{"not_picked":["Calling Bell","Lizard Tail"],"picked":"Tiny House"}],"items_purged_floors":[20],"is_endless":false,"potions_floor_spawned":[1,6,16,19,22,25,33,35,45],"ascension_level":1}