{"gold_per_floor":[114,126,76,41,57,89,89,116,116,148,148,159,159,159,159,290,290,290,290,240,49,49,49,49,49,49,49,49,49,49,7,7,7,7,7,7,7,7,7,7],"floor_reached":40,"playtime":2200,"items_purged":[],"score":577,"play_id":"2a545c1f-47be-4ea1-90e8-b267fba9d1d7","local_time":"20190103215158","is_ascension_mode":true,"campfire_choices":[{"data":"Clothesline","floor":7,"key":"SMITH"},{"floor":11,"key":"REST"},{"data":"Fire Breathing","floor":13,"key":"SMITH"},{"data":"Infernal Blade","floor":15,"key":"SMITH"},{"data":"Demon Form","floor":23,"key":"SMITH"},{"floor":29,"key":"REST"},{"floor":32,"key":"REST"}],"neow_cost":"NONE","seed_source_timestamp":1387723019335922,"circlet_count":0,"master_deck":["Strike_R","Strike_R","Strike_R","Strike_R","Defend_R","Defend_R","Defend_R","Defend_R","Bash","Clothesline+1","Pommel Strike","Rage","Twin Strike","Inflame","Infernal Blade+1","Fire Breathing+1","Fire Breathing","Demon Form+1","Rage+1","Anger","Ghostly Armor+1","Wild Strike+1","Body Slam+1","Infernal Blade+1","Juggernaut","True Grit+1","Anger","Inflame+1","Entrench","Jack Of All Trades"],"relics":["Burning Blood","NeowsBlessing","Self Forming Clay","Ornamental Fan","The Courier","Peace Pipe","Bloody Idol","Ectoplasm","Shuriken","Incense Burner","Letter Opener","Smiling Mask","Sozu","Ginger"],"potions_floor_usage":[6,8,24,27,33,33,35],"damage_taken":[{"damage":0,"enemies":"Jaw Worm","floor":1,"turns":1},{"damage":0,"enemies":"Cultist","floor":2,"turns":1},{"damage":0,"enemies":"Small Slimes","floor":5,"turns":1},{"damage":49,"enemies":"3 Sentries","floor":6,"turns":8},{"damage":26,"enemies":"Lagavulin","floor":8,"turns":7},{"damage":7,"enemies":"Gremlin Nob","floor":10,"turns":3},{"damage":1,"enemies":"Looter","floor":12,"turns":3},{"damage":34,"enemies":"Slime Boss","floor":16,"turns":7},{"damage":10,"enemies":"Shell Parasite","floor":18,"turns":4},{"damage":11,"enemies":"Spheric Guardian","floor":19,"turns":3},{"damage":9,"enemies":"Centurion and Healer","floor":24,"turns":6},{"damage":46,"enemies":"Gremlin Leader","floor":25,"turns":7},{"damage":0,"enemies":"Snecko","floor":27,"turns":3},{"damage":11,"enemies":"Book of Stabbing","floor":28,"turns":6},{"damage":16,"enemies":"Sentry and Sphere","floor":30,"turns":4},{"damage":19,"enemies":"Collector","floor":33,"turns":6},{"damage":8,"enemies":"3 Shapes","floor":35,"turns":5},{"damage":26,"enemies":"3 Darklings","floor":36,"turns":6},{"damage":35,"enemies":"Writhing Mass","floor":37,"turns":6},{"damage":0,"enemies":"Mind Bloom Boss Battle","floor":38,"turns":5},{"damage":25,"enemies":"Reptomancer","floor":40,"turns":2}],"seed_played":"9064753465127663840","potions_obtained":[{"floor":1,"key":"Poison Potion"},{"floor":5,"key":"SpeedPotion"},{"floor":10,"key":"Ancient Potion"},{"floor":18,"key":"Weak Potion"},{"floor":25,"key":"SmokeBomb"},{"floor":28,"key":"Energy Potion"},{"floor":33,"key":"EssenceOfSteel"}],"is_trial":false,"path_per_floor":["M","M","?","$","M","E","R","E","T","E","R","M","R","?","R","B",null,"M","M","?","$","?","R","M","E","T","M","E","R","M","$","R","B",null,"M","M","M","?","?","E"],"character_chosen":"IRONCLAD","items_purchased":["Rage","Shuriken","PowerPotion"],"campfire_rested":3,"item_purchase_floors":[4,21,31],"current_hp_per_floor":[78,80,80,80,80,37,37,17,17,16,40,45,45,45,45,17,60,56,51,51,51,51,51,48,8,8,14,9,31,21,21,43,30,63,61,41,12,18,18,0],"gold":7,"neow_bonus":"THREE_ENEMY_KILL","is_prod":false,"is_daily":false,"chose_seed":false,"campfire_upgraded":4,"win_rate":0,"timestamp":1546570318,"path_taken":["M","M","?","$","M","E","R","E","T","E","R","M","R","?","R","BOSS","M","M","?","?","?","R","M","E","T","M","E","R","M","$","R","BOSS","M","M","M","?","?","E"],"build_version":"2019-01-03","purchased_purges":0,"victory":false,"max_hp_per_floor":[80,80,80,80,80,80,80,80,80,80,80,80,80,74,74,74,74,74,74,74,74,74,74,74,74,74,74,74,74,74,74,74,74,74,74,74,74,74,74,74],"card_choices":[{"not_picked":["Reckless Charge","Anger"],"picked":"Clothesline","floor":1},{"not_picked":["Infernal Blade","Twin Strike"],"picked":"Pommel Strike","floor":2},{"not_picked":["Headbutt","Searing Blow"],"picked":"Twin Strike","floor":5},{"not_picked":["Anger","Body Slam"],"picked":"Inflame","floor":6},{"not_picked":["Fiend Fire","Clothesline"],"picked":"Infernal Blade","floor":8},{"not_picked":["Whirlwind","Iron Wave"],"picked":"Fire Breathing","floor":10},{"not_picked":["Power Through","Sentinel"],"picked":"Fire Breathing","floor":12},{"not_picked":["Double Tap","Offering"],"picked":"Demon Form","floor":16},{"not_picked":["Warcry","Pummel"],"picked":"Rage+1","floor":18},{"not_picked":["Iron Wave","Headbutt"],"picked":"Anger","floor":19},{"not_picked":["Clash","Armaments"],"picked":"Ghostly Armor+1","floor":24},{"not_picked":["Warcry","Havoc"],"picked":"Wild Strike+1","floor":25},{"not_picked":["Clothesline","Intimidate"],"picked":"Body Slam+1","floor":28},{"not_picked":["Body Slam+1","Metallicize+1"],"picked":"Infernal Blade+1","floor":30},{"not_picked":["Brutality","Limit Break"],"picked":"Juggernaut","floor":33},{"not_picked":["Body Slam","Havoc+1"],"picked":"True Grit+1","floor":35},{"not_picked":["Sword Boomerang+1","Shrug It Off+1"],"picked":"Anger","floor":36},{"not_picked":["Bloodletting+1","Clothesline"],"picked":"Inflame+1","floor":37},{"not_picked":["True Grit+1","Combust"],"picked":"Entrench","floor":38},{"not_picked":["Impatience","PanicButton"],"picked":"Jack Of All Trades","floor":39}],"player_experience":327266,"relics_obtained":[{"floor":6,"key":"Self Forming Clay"},{"floor":8,"key":"Ornamental Fan"},{"floor":9,"key":"The Courier"},{"floor":10,"key":"Peace Pipe"},{"floor":25,"key":"Incense Burner"},{"floor":26,"key":"Letter Opener"},{"floor":28,"key":"Smiling Mask"},{"floor":38,"key":"Ginger"}],"event_choices":[{"cards_removed":["Strike_R"],"damage_healed":0,"gold_gain":0,"player_choice":"Card Removal","damage_taken":0,"max_hp_gain":0,"max_hp_loss":0,"event_name":"The Cleric","floor":3,"gold_loss":50},{"damage_healed":0,"gold_gain":0,"player_choice":"Lose Max HP","damage_taken":0,"relics_obtained":["Golden Idol"],"max_hp_gain":0,"max_hp_loss":6,"event_name":"Golden Idol","floor":14,"gold_loss":0},{"damage_healed":0,"gold_gain":100,"player_choice":"Bet on Murderer","damage_taken":0,"max_hp_gain":0,"max_hp_loss":0,"event_name":"The Joust","floor":20,"gold_loss":50},{"damage_healed":0,"gold_gain":0,"player_choice":"Gave Idol","damage_taken":0,"relics_obtained":["Bloody Idol"],"max_hp_gain":0,"max_hp_loss":0,"event_name":"Forgotten Altar","floor":22,"relics_lost":["Golden Idol"],"gold_loss":0},{"damage_healed":0,"gold_gain":0,"player_choice":"Fight","damage_taken":0,"max_hp_gain":0,"max_hp_loss":0,"event_name":"MindBloom","floor":38,"gold_loss":0},{"damage_healed":0,"gold_gain":0,"player_choice":"Memory 1","damage_taken":0,"max_hp_gain":0,"max_hp_loss":0,"event_name":"SensoryStone","floor":39,"gold_loss":0}],"is_beta":false,"boss_relics":[{"not_picked":["Eternal Feather","Snecko Eye"],"picked":"Ectoplasm"},{"not_picked":["Orrery","Mark of Pain"],"picked":"Sozu"}],"items_purged_floors":[],"is_endless":false,"potions_floor_spawned":[1,5,10,18,25,28,33,35],"killed_by":"Reptomancer","ascension_level":6}