{"gold_per_floor":[363,363,26,36,48,76,94,94,118,118,43,61,61,78,78,153,153,163,176,208,208,158,158,187,187,187,36,50,50,50,68,68,145,145,156,81,81,303,314,314,33,33,33,65,65,84,84,99,99,99],"floor_reached":50,"playtime":3669,"items_purged":["Regret","Strike_B","Shame"],"score":928,"play_id":"f38c99af-76c4-4a3d-a545-1901a80f5981","local_time":"20181120211511","is_ascension_mode":true,"campfire_choices":[{"data":"Defragment","floor":8,"key":"SMITH"},{"data":"Defragment","floor":10,"key":"SMITH"},{"floor":13,"key":"REST"},{"data":"Echo Form","floor":15,"key":"SMITH"},{"floor":23,"key":"REST"},{"floor":25,"key":"REST"},{"floor":29,"key":"REST"},{"floor":32,"key":"REST"},{"floor":40,"key":"REST"},{"data":"Apotheosis","floor":42,"key":"SMITH"},{"floor":45,"key":"REST"},{"floor":49,"key":"REST"}],"neow_cost":"CURSE","seed_source_timestamp":46812486676413,"circlet_count":0,"master_deck":["AscendersBane","Defend_B","Defend_B","Defend_B","Defend_B","Zap","Dualcast","Defragment+1","Conserve Battery","Coolheaded","Defragment+1","Echo Form+1","Glacier","Electrodynamics","Impatience","Necronomicurse","Echo Form","Capacitor","Doom and Gloom","Apotheosis+1","Magnetism","Panacea","Chill+1","Loop","Pain","Ball Lightning+1","Madness","Madness"],"relics":["Cracked Core","Smiling Mask","Singing Bowl","Regal Pillow","Pen Nib","Cursed Key","Red Mask","Dream Catcher","Matryoshka","Necronomicon","Empty Cage","Bottled Tornado","Letter Opener","Unceasing Top","Bag of Preparation"],"potions_floor_usage":[16,18,21,21,48],"damage_taken":[{"damage":2,"enemies":"Jaw Worm","floor":1,"turns":3},{"damage":5,"enemies":"Small Slimes","floor":4,"turns":3},{"damage":7,"enemies":"2 Louse","floor":5,"turns":2},{"damage":10,"enemies":"Lagavulin","floor":6,"turns":9},{"damage":7,"enemies":"Blue Slaver","floor":7,"turns":4},{"damage":11,"enemies":"2 Fungi Beasts","floor":12,"turns":3},{"damage":7,"enemies":"Red Slaver","floor":14,"turns":4},{"damage":16,"enemies":"Slime Boss","floor":16,"turns":12},{"damage":7,"enemies":"Shell Parasite","floor":18,"turns":5},{"damage":31,"enemies":"3 Byrds","floor":19,"turns":4},{"damage":27,"enemies":"Masked Bandits","floor":20,"turns":3},{"damage":2,"enemies":"Colosseum Slavers","floor":21,"turns":3},{"damage":34,"enemies":"Slavers","floor":24,"turns":4},{"damage":7,"enemies":"Snecko","floor":28,"turns":5},{"damage":29,"enemies":"Snake Plant","floor":31,"turns":4},{"damage":22,"enemies":"Champ","floor":33,"turns":17},{"damage":2,"enemies":"3 Shapes","floor":35,"turns":3},{"damage":28,"enemies":"Orb Walker","floor":39,"turns":7},{"damage":44,"enemies":"Nemesis","floor":44,"turns":5},{"damage":27,"enemies":"Jaw Worm Horde","floor":46,"turns":4},{"damage":22,"enemies":"3 Darklings","floor":48,"turns":4},{"damage":70,"enemies":"Donu and Deca","floor":50,"turns":5}],"seed_played":"2259757698273526196","potions_obtained":[{"floor":7,"key":"Strength Potion"},{"floor":16,"key":"SkillPotion"},{"floor":19,"key":"Weak Potion"},{"floor":20,"key":"Explosive Potion"},{"floor":33,"key":"SteroidPotion"},{"floor":44,"key":"Explosive Potion"},{"floor":46,"key":"Fire Potion"}],"is_trial":false,"path_per_floor":["M","?","$","M","M","E","M","R","T","R","?","M","R","M","R","B",null,"M","M","?","?","$","R","E","R","T","$","M","R","?","M","R","B",null,"M","$","?","?","M","R","$","R","T","E","R","M","?","M","R","B"],"character_chosen":"DEFECT","items_purchased":["Singing Bowl","Impatience","Doom and Gloom","Bottled Tornado"],"campfire_rested":8,"item_purchase_floors":[3,27,36,41],"current_hp_per_floor":[62,57,57,52,45,35,30,30,30,30,30,19,55,48,48,32,63,58,29,4,2,2,40,8,49,49,49,44,86,65,38,81,59,83,81,81,71,71,43,85,85,85,85,43,87,60,43,23,69,0],"gold":99,"neow_bonus":"TWO_FIFTY_GOLD","is_prod":false,"is_daily":false,"chose_seed":false,"campfire_upgraded":4,"win_rate":0,"timestamp":1542708911,"path_taken":["M","?","$","M","M","E","M","R","T","R","?","M","R","?","R","BOSS","M","M","?","?","$","R","E","R","T","$","M","R","?","M","R","BOSS","M","$","?","?","M","R","$","R","T","E","R","M","?","M","R","BOSS"],"build_version":"2018-11-15","purchased_purges":3,"victory":false,"max_hp_per_floor":[71,71,71,71,71,71,73,73,73,73,73,73,73,73,73,73,73,75,77,79,79,79,79,81,83,83,83,85,87,87,89,91,91,91,91,91,91,91,91,91,91,91,91,93,95,95,95,97,99,99],"card_choices":[{"not_picked":["Double Energy","Reprogram"],"picked":"Defragment","floor":1},{"not_picked":["Tempest","Stack"],"picked":"Conserve Battery","floor":4},{"not_picked":["Force Field","Sunder"],"picked":"Coolheaded","floor":5},{"not_picked":["Leap","Stack"],"picked":"Defragment","floor":6},{"not_picked":["Sweeping Beam","Turbo","White Noise"],"picked":"Singing Bowl","floor":7},{"not_picked":["Redo","Stack"],"picked":"Echo Form","floor":12},{"not_picked":["Coolheaded","Sweeping Beam"],"picked":"Glacier","floor":14},{"not_picked":["Buffer","Amplify"],"picked":"Electrodynamics","floor":16},{"not_picked":["Gash","Redo+1","Cold Snap"],"picked":"Singing Bowl","floor":18},{"not_picked":["Tempest","Go for the Eyes","Fusion"],"picked":"Singing Bowl","floor":19},{"not_picked":["Scrape","Fusion","Stack+1"],"picked":"Singing Bowl","floor":20},{"not_picked":["Turbo","Barrage+1","Glacier"],"picked":"Singing Bowl","floor":24},{"not_picked":["Rip and Tear","Steam","Steam Power"],"picked":"Singing Bowl","floor":25},{"not_picked":["Redo","Streamline","Seek"],"picked":"Singing Bowl","floor":28},{"not_picked":["Gash","Steam","FTL"],"picked":"Singing Bowl","floor":29},{"not_picked":["Fusion","Conserve Battery","Recycle+1"],"picked":"Singing Bowl","floor":31},{"not_picked":["Scrape","Gash","Lockon"],"picked":"Singing Bowl","floor":32},{"not_picked":["All For One","Biased Cognition"],"picked":"Echo Form","floor":33},{"not_picked":["Hologram","Gash"],"picked":"Capacitor","floor":35},{"not_picked":["Enlightenment","Deep Breath"],"picked":"Apotheosis","floor":37},{"not_picked":["Secret Weapon","Blind"],"picked":"Magnetism","floor":37},{"not_picked":["Purity","Dark Shackles"],"picked":"Panacea","floor":37},{"not_picked":["Heatsinks+1","Recycle"],"picked":"Chill+1","floor":39},{"not_picked":["Ball Lightning","Turbo"],"picked":"Loop","floor":40},{"not_picked":["Compile Driver","Hello World+1","Cold Snap"],"picked":"Singing Bowl","floor":44},{"not_picked":["Leap","Streamline+1","Hologram"],"picked":"Singing Bowl","floor":45},{"not_picked":["Streamline","Tempest+1"],"picked":"Ball Lightning+1","floor":46},{"not_picked":["Redo","Ball Lightning","Steam Power"],"picked":"Singing Bowl","floor":48},{"not_picked":["Heatsinks","Skim","Conserve Battery"],"picked":"Singing Bowl","floor":49}],"player_experience":909267,"relics_obtained":[{"floor":6,"key":"Regal Pillow"},{"floor":9,"key":"Pen Nib"},{"floor":20,"key":"Red Mask"},{"floor":24,"key":"Dream Catcher"},{"floor":26,"key":"Matryoshka"},{"floor":30,"key":"Necronomicon"},{"floor":43,"key":"Letter Opener"},{"floor":43,"key":"Unceasing Top"},{"floor":44,"key":"Bag of Preparation"}],"event_choices":[{"damage_healed":0,"gold_gain":0,"player_choice":"Success","damage_taken":5,"relics_obtained":["Smiling Mask"],"max_hp_gain":0,"max_hp_loss":0,"event_name":"Scrap Ooze","floor":2,"gold_loss":0},{"cards_removed":["Strike_B"],"damage_healed":0,"gold_gain":0,"player_choice":"Card Removal","damage_taken":0,"max_hp_gain":0,"max_hp_loss":0,"event_name":"The Cleric","floor":11,"gold_loss":75},{"damage_healed":0,"gold_gain":0,"player_choice":"Fought Bandits","damage_taken":0,"max_hp_gain":0,"max_hp_loss":0,"event_name":"Masked Bandits","floor":20,"gold_loss":0},{"damage_healed":0,"gold_gain":0,"player_choice":"Fight","damage_taken":0,"max_hp_gain":0,"max_hp_loss":0,"event_name":"Colosseum","floor":21,"gold_loss":0},{"damage_healed":0,"gold_gain":0,"player_choice":"Fled From Nobs","damage_taken":0,"max_hp_gain":0,"max_hp_loss":0,"event_name":"Colosseum","floor":21,"gold_loss":0},{"damage_healed":0,"gold_gain":0,"player_choice":"Obtained Book","damage_taken":21,"max_hp_gain":0,"max_hp_loss":0,"event_name":"Cursed Tome","floor":30,"gold_loss":0},{"damage_healed":0,"gold_gain":0,"player_choice":"Memory 3","damage_taken":10,"max_hp_gain":0,"max_hp_loss":0,"event_name":"SensoryStone","floor":37,"gold_loss":0},{"damage_healed":0,"gold_gain":222,"player_choice":"Wore Mask","damage_taken":0,"max_hp_gain":0,"max_hp_loss":0,"event_name":"Tomb of Lord Red Mask","floor":38,"gold_loss":0},{"damage_healed":0,"gold_gain":0,"player_choice":"Embrace Madness","damage_taken":17,"max_hp_gain":0,"max_hp_loss":0,"event_name":"Winding Halls","floor":47,"gold_loss":0,"cards_obtained":["Madness","Madness"]}],"is_beta":true,"boss_relics":[{"not_picked":["Runic Dome","Eternal Feather"],"picked":"Cursed Key"},{"not_picked":["Runic Pyramid","Orrery"],"picked":"Empty Cage"}],"items_purged_floors":[3,22,27],"is_endless":false,"potions_floor_spawned":[7,16,19,20,21,33,44,46],"killed_by":"Donu and Deca","ascension_level":17}