{"gold_per_floor":[115,129,0,14,189,189,206,206,231,257,257,273,273,291,291,392,392,404,9,9,21,41,41,73,73,73,105,30,30,49,83,83,179,179,189,38,38,56,76,76,95,95,95,95,120,0,0,11,11,11,11,11,11,41,41],"floor_reached":55,"playtime":2863,"items_purged":["Strike_B"],"score":937,"play_id":"46f34d32-8625-44f1-bf6a-fba53ba7891a","local_time":"20181217005810","is_ascension_mode":true,"campfire_choices":[{"data":"Sunder","floor":6.0,"key":"SMITH"},{"floor":13.0,"key":"REST"},{"floor":15.0,"key":"REST"},{"floor":23.0,"key":"REST"},{"floor":25.0,"key":"REST"},{"floor":29.0,"key":"RECALL"},{"floor":32.0,"key":"REST"},{"floor":40.0,"key":"REST"},{"floor":42.0,"key":"REST"},{"floor":49.0,"key":"REST"},{"data":"White Noise","floor":52,"key":"SMITH"}],"neow_cost":"NONE","seed_source_timestamp":39562577625875,"circlet_count":0,"master_deck":["Strike_B","Strike_B","Strike_B","Defend_B","Defend_B+1","Defend_B","Defend_B","Zap","Dualcast","Sunder+1","Gash","Gash","Finesse","Conserve Battery","Doubt","FTL","Static Discharge","Coolheaded","Sweeping Beam","Capacitor","White Noise+1","Electrodynamics","Leap+1","Glacier","Hologram","Go for the Eyes","Sweeping Beam","Gash","Streamline","Scrape","Hello World+1","Buffer","Go for the Eyes+1","Stack","Static Discharge+1","BootSequence+1","Cold Snap+1","Storm+1","Buffer","Skim","Defragment+1"],"special_seed":0,"relics":["Cracked Core","NeowsBlessing","Dream Catcher","Regal Pillow","PreservedInsect","CultistMask","Black Star","Anchor","Mercury Hourglass","Cables","Strawberry","War Paint","Blood Vial","Darkstone Periapt","Art of War","Lizard Tail","Centennial Puzzle","Pen Nib","Bronze Scales","Smiling Mask","Red Mask","Bag of Marbles","Bottled Tornado"],"potions_floor_usage":[50,55],"damage_taken":[{"damage":0.0,"enemies":"Cultist","floor":1.0,"turns":1.0},{"damage":0.0,"enemies":"Small Slimes","floor":2.0,"turns":1.0},{"damage":0.0,"enemies":"2 Louse","floor":4.0,"turns":1.0},{"damage":4.0,"enemies":"Red Slaver","floor":7.0,"turns":2.0},{"damage":29.0,"enemies":"Lagavulin","floor":10.0,"turns":5.0},{"damage":2.0,"enemies":"3 Louse","floor":12.0,"turns":3.0},{"damage":14.0,"enemies":"Lots of Slimes","floor":14.0,"turns":2.0},{"damage":38.0,"enemies":"Slime Boss","floor":16.0,"turns":9.0},{"damage":36.0,"enemies":"Chosen","floor":18.0,"turns":6.0},{"damage":21.0,"enemies":"Spheric Guardian","floor":21.0,"turns":4.0},{"damage":14.0,"enemies":"Snecko","floor":22.0,"turns":5.0},{"damage":0.0,"enemies":"Gremlin Leader","floor":24.0,"turns":6.0},{"damage":6.0,"enemies":"Slavers","floor":27.0,"turns":4.0},{"damage":24.0,"enemies":"Shelled Parasite and Fungi","floor":30.0,"turns":6.0},{"damage":18.0,"enemies":"Book of Stabbing","floor":31.0,"turns":4.0},{"damage":32.0,"enemies":"Collector","floor":33.0,"turns":10.0},{"damage":15.0,"enemies":"3 Darklings","floor":35.0,"turns":3.0},{"damage":18.0,"enemies":"3 Shapes","floor":38.0,"turns":4.0},{"damage":31.0,"enemies":"Sphere and 2 Shapes","floor":39.0,"turns":4.0},{"damage":36.0,"enemies":"3 Darklings","floor":41.0,"turns":3.0},{"damage":33.0,"enemies":"Giant Head","floor":45.0,"turns":7.0},{"damage":24.0,"enemies":"Maw","floor":48.0,"turns":8.0},{"damage":57,"enemies":"Awakened One","floor":50,"turns":14},{"damage":43,"enemies":"Shield and Spear","floor":54,"turns":6},{"damage":48,"enemies":"The Heart","floor":55,"turns":2}],"seed_played":"-8563438275353551455","potions_obtained":[{"floor":1.0,"key":"Poison Potion"},{"floor":7.0,"key":"Poison Potion"},{"floor":12.0,"key":"Fire Potion"},{"floor":16.0,"key":"SpeedPotion"},{"floor":22.0,"key":"Poison Potion"},{"floor":24.0,"key":"Block Potion"},{"floor":30.0,"key":"Weak Potion"},{"floor":31.0,"key":"AttackPotion"},{"floor":39.0,"key":"GamblersBrew"},{"floor":48.0,"key":"PowerPotion"},{"floor":54,"key":"Weak Potion"}],"is_trial":false,"path_per_floor":["M","M","$","M","?","R","M","?","T","E","?","M","R","M","R","B",null,"M","$","?","M","M","R","E","R","T","E","$","R","M","E","R","B",null,"M","$","?","M","M","R","M","R","T","?","E","?","?","M","R","B",null,"R","$","E","B"],"character_chosen":"DEFECT","items_purchased":["Gash","Finesse","Anchor","Mercury Hourglass","Centennial Puzzle"],"campfire_rested":8,"item_purchase_floors":[3,3,19,19,36],"current_hp_per_floor":[75,75,75,75,75,75,71,64,64,35,35,33,70,56,75,37,75,39,39,39,18,4,41,48,82,82,76,76,76,54,38,77,47,82,67,67,67,51,22,61,27,66,66,66,35,35,35,13,51,35,78,78,78,35,0],"gold":41,"neow_bonus":"THREE_ENEMY_KILL","is_prod":false,"is_daily":false,"chose_seed":false,"campfire_upgraded":2,"win_rate":0,"timestamp":1545026290,"path_taken":["M","M","$","M","?","R","M","?","T","E","?","M","R","?","R","BOSS","M","$","?","M","M","R","E","R","T","E","$","R","M","E","R","BOSS","M","?","?","M","M","R","M","R","T","?","E","?","?","M","R","BOSS","R","$","E","BOSS"],"build_version":"2018-12-13","purchased_purges":1,"victory":false,"max_hp_per_floor":[75,75,75,75,75,75,75,75,75,75,75,75,75,75,75,75,75,75,75,75,75,75,75,82,82,82,82,82,82,82,82,82,82,82,82,82,82,82,82,82,82,82,82,78,78,78,78,78,78,78,78,78,78,78,78],"card_choices":[{"not_picked":["Streamline","FTL"],"picked":"Sunder","floor":1.0},{"not_picked":["Reinforced Body","Defragment"],"picked":"Gash","floor":2.0},{"not_picked":["Turbo","Double Energy"],"picked":"Conserve Battery","floor":4.0},{"not_picked":["Hologram","Streamline"],"picked":"FTL","floor":7.0},{"not_picked":["Turbo","Thunder Strike"],"picked":"Static Discharge","floor":10.0},{"not_picked":["Barrage","Storm"],"picked":"Coolheaded","floor":12.0},{"not_picked":["Leap","Static Discharge"],"picked":"Sweeping Beam","floor":13.0},{"not_picked":["Turbo","Hello World"],"picked":"Capacitor","floor":14.0},{"not_picked":["Skim","Hyperbeam"],"picked":"White Noise","floor":15.0},{"not_picked":["Multi-Cast","Machine Learning"],"picked":"Electrodynamics","floor":16.0},{"not_picked":["Blizzard+1","Consume"],"picked":"Leap","floor":18.0},{"not_picked":["Turbo","Rip and Tear"],"picked":"Glacier","floor":21.0},{"not_picked":["Aggregate","Turbo"],"picked":"Hologram","floor":22.0},{"not_picked":["Ball Lightning","Creative AI"],"picked":"Go for the Eyes","floor":23.0},{"not_picked":["Hologram","Stack"],"picked":"Sweeping Beam","floor":24.0},{"not_picked":["Compile Driver+1","Barrage"],"picked":"Gash","floor":25.0},{"not_picked":["Rainbow","BootSequence"],"picked":"Turbo","floor":27.0},{"not_picked":["Storm+1","Steam"],"picked":"Streamline","floor":30.0},{"not_picked":["Cold Snap+1","Darkness"],"picked":"Scrape","floor":31.0},{"not_picked":["Consume","Skim"],"picked":"Hello World+1","floor":32.0},{"not_picked":["Amplify","Rainbow"],"picked":"Buffer","floor":33.0},{"not_picked":["BootSequence","Darkness"],"picked":"Go for the Eyes+1","floor":35.0},{"not_picked":["Heatsinks","Compile Driver"],"picked":"Stack","floor":38.0},{"not_picked":["Undo","Conserve Battery+1"],"picked":"Static Discharge+1","floor":39.0},{"not_picked":["Steam","Heatsinks+1"],"picked":"BootSequence+1","floor":40.0},{"not_picked":["Echo Form","Compile Driver+1"],"picked":"Cold Snap+1","floor":41.0},{"not_picked":["Compile Driver","Redo"],"picked":"Storm+1","floor":45.0},{"not_picked":["Aggregate","Sweeping Beam"],"picked":"Buffer","floor":48.0},{"not_picked":["Coolheaded","Cold Snap"],"picked":"Skim","floor":49.0},{"not_picked":["Sweeping Beam+1","Auto Shields+1"],"picked":"Defragment+1","floor":54}],"player_experience":208145,"relics_obtained":[{"floor":9.0,"key":"Regal Pillow"},{"floor":10.0,"key":"PreservedInsect"},{"floor":24.0,"key":"Cables"},{"floor":24.0,"key":"Strawberry"},{"floor":27.0,"key":"War Paint"},{"floor":27.0,"key":"Blood Vial"},{"floor":31.0,"key":"Darkstone Periapt"},{"floor":31.0,"key":"Art of War"},{"floor":43.0,"key":"Pen Nib"},{"floor":45.0,"key":"Bronze Scales"},{"floor":45.0,"key":"Smiling Mask"},{"floor":54,"key":"Bag of Marbles"},{"floor":54,"key":"Bottled Tornado"}],"event_choices":[{"damage_healed":0.0,"max_hp_gain":0.0,"max_hp_loss":0.0,"gold_gain":175.0,"event_name":"Liars Game","player_choice":"AGREE","floor":5.0,"gold_loss":0.0,"damage_taken":0.0,"cards_obtained":["Doubt"]},{"damage_healed":0.0,"max_hp_gain":0.0,"max_hp_loss":0.0,"gold_gain":0.0,"event_name":"Scrap Ooze","player_choice":"Success","floor":8.0,"gold_loss":0.0,"damage_taken":7.0,"relics_obtained":["Dream Catcher"]},{"damage_healed":0.0,"max_hp_gain":0.0,"max_hp_loss":0.0,"gold_gain":0.0,"event_name":"FaceTrader","player_choice":"Trade","floor":11.0,"gold_loss":0.0,"damage_taken":0.0,"relics_obtained":["CultistMask"]},{"damage_healed":0.0,"max_hp_gain":0.0,"max_hp_loss":0.0,"gold_gain":0.0,"event_name":"N\u0027loth","player_choice":"Ignored","floor":20.0,"gold_loss":0.0,"damage_taken":0.0},{"cards_removed":["Turbo"],"damage_healed":0.0,"max_hp_gain":0.0,"max_hp_loss":0.0,"gold_gain":0.0,"event_name":"Falling","player_choice":"Removed Skill","floor":37.0,"gold_loss":0.0,"damage_taken":0.0},{"damage_healed":0.0,"max_hp_gain":0.0,"max_hp_loss":4.0,"gold_gain":0.0,"event_name":"Winding Halls","player_choice":"Max HP","floor":44.0,"gold_loss":0.0,"damage_taken":0.0},{"damage_healed":0.0,"max_hp_gain":0.0,"max_hp_loss":0.0,"gold_gain":0.0,"event_name":"Tomb of Lord Red Mask","player_choice":"Paid","floor":46.0,"gold_loss":120.0,"damage_taken":0.0,"relics_obtained":["Red Mask"]},{"damage_healed":0.0,"max_hp_gain":0.0,"max_hp_loss":0.0,"gold_gain":0.0,"event_name":"Mysterious Sphere","player_choice":"Ignored","floor":47.0,"gold_loss":0.0,"damage_taken":0.0}],"is_beta":false,"boss_relics":[{"not_picked":["FrozenCore","White Beast Statue"],"picked":"Black Star"},{"not_picked":["Empty Cage","Pandora\u0027s Box"],"picked":"Lizard Tail"}],"items_purged_floors":[28],"is_endless":false,"potions_floor_spawned":[1,7,12,16,22,24,30,31,39,48,54],"killed_by":"The Heart","ascension_level":4}