{"gold_per_floor":[111,111,111,184,194,223,243,42,42,54,229,229,242,119,119,119],"floor_reached":16,"playtime":908,"items_purged":["Defend_R"],"score":100,"play_id":"406a5564-b6d0-4225-9d5c-12007d223726","local_time":"20190203154336","is_ascension_mode":false,"campfire_choices":[{"data":"Iron Wave","floor":12.0,"key":"SMITH"},{"data":"Headbutt","floor":15,"key":"SMITH"}],"neow_cost":"NONE","seed_source_timestamp":0,"circlet_count":0,"master_deck":["Strike_R","Strike_R","Strike_R","Strike_R","Strike_R","Defend_R","Defend_R","Defend_R","Bash+1","Iron Wave+1","Flame Barrier+1","Armaments+1","True Grit+1","Spot Weakness+1","Doubt","Bloodletting+1","Headbutt+1"],"special_seed":0,"relics":["Burning Blood","Toxic Egg 2","Oddly Smooth Stone","Frozen Eye","Matryoshka"],"potions_floor_usage":[],"damage_taken":[{"damage":0.0,"enemies":"2 Louse","floor":1.0,"turns":3.0},{"damage":0.0,"enemies":"Small Slimes","floor":5.0,"turns":4.0},{"damage":44.0,"enemies":"Lagavulin","floor":6.0,"turns":8.0},{"damage":0.0,"enemies":"Jaw Worm","floor":7.0,"turns":4.0},{"damage":0.0,"enemies":"Large Slime","floor":10.0,"turns":6.0},{"damage":6.0,"enemies":"Exordium Thugs","floor":13.0,"turns":6.0},{"damage":3,"enemies":"Slime Boss","floor":16,"turns":2}],"seed_played":"7009754765582596366","potions_obtained":[{"floor":1.0,"key":"GamblersBrew"},{"floor":6.0,"key":"EssenceOfSteel"}],"is_trial":false,"path_per_floor":["M","?","?","?","M","E","M","$","T","M","?","R","M","$","R","B"],"character_chosen":"IRONCLAD","items_purchased":["Frozen Eye","Headbutt"],"campfire_rested":0,"item_purchase_floors":[8,14],"current_hp_per_floor":[80,62,62,62,68,30,36,36,36,42,42,42,42,42,42,39],"gold":119,"neow_bonus":"UPGRADE_CARD","is_prod":false,"is_daily":false,"chose_seed":false,"campfire_upgraded":2,"win_rate":0.0,"timestamp":1549230216,"path_taken":["M","?","?","?","M","E","M","$","T","M","?","R","?","$","R","BOSS"],"build_version":"2019-01-23","purchased_purges":1,"victory":false,"max_hp_per_floor":[80,80,80,80,80,80,80,80,80,80,80,80,80,80,80,80],"card_choices":[{"not_picked":["Corruption","Body Slam"],"picked":"Iron Wave","floor":1.0},{"not_picked":["Infernal Blade+1","Havoc+1"],"picked":"Flame Barrier+1","floor":5.0},{"not_picked":["True Grit+1","Heavy Blade"],"picked":"Armaments+1","floor":6.0},{"not_picked":["Wild Strike","Dual Wield+1"],"picked":"True Grit+1","floor":7.0},{"not_picked":["Rage+1","Intimidate+1"],"picked":"Spot Weakness+1","floor":10.0},{"not_picked":["Body Slam","Flame Barrier+1"],"picked":"Bloodletting+1","floor":13.0}],"player_experience":108381,"relics_obtained":[{"floor":6.0,"key":"Oddly Smooth Stone"},{"floor":9.0,"key":"Matryoshka"}],"event_choices":[{"damage_healed":0.0,"max_hp_gain":0.0,"max_hp_loss":0.0,"gold_gain":0.0,"event_name":"Scrap Ooze","player_choice":"Success","floor":2.0,"gold_loss":0.0,"damage_taken":18.0,"relics_obtained":["Toxic Egg 2"]},{"damage_healed":0.0,"max_hp_gain":0.0,"max_hp_loss":0.0,"gold_gain":0.0,"event_name":"The Cleric","player_choice":"Leave","floor":3.0,"gold_loss":0.0,"damage_taken":0.0},{"damage_healed":0.0,"max_hp_gain":0.0,"max_hp_loss":0.0,"gold_gain":73.0,"event_name":"Golden Wing","player_choice":"Gained Gold","floor":4.0,"gold_loss":0.0,"damage_taken":0.0},{"damage_healed":0.0,"max_hp_gain":0.0,"max_hp_loss":0.0,"gold_gain":175.0,"event_name":"Liars Game","player_choice":"AGREE","floor":11.0,"gold_loss":0.0,"damage_taken":0.0,"cards_obtained":["Doubt"]}],"is_beta":false,"boss_relics":[],"items_purged_floors":[14],"is_endless":false,"potions_floor_spawned":[1,6],"killed_by":"Slime Boss","ascension_level":0}