{"gold_per_floor":[111,128,155,155,330,356,356,385,431,431,444,478,19,35,35,35],"floor_reached":16,"playtime":583,"items_purged":["Strike_B"],"score":142,"play_id":"9f6ba4e0-aafd-455d-a7b1-6a813922426a","local_time":"20190206204200","is_ascension_mode":true,"campfire_choices":[{"floor":7,"key":"REST"},{"floor":10,"key":"REST"},{"floor":15,"key":"REST"}],"neow_cost":"NONE","seed_source_timestamp":2267960233823567,"circlet_count":0,"master_deck":["Strike_B","Strike_B","Strike_B","Defend_B","Defend_B","Defend_B","Defend_B","Zap","Dualcast","Static Discharge","BootSequence","Defragment","Skim","Self Repair","Core Surge"],"relics":["Cracked Core","Omamori","Girya","Sundial","Bottled Lightning","Lantern","Juzu Bracelet","Calipers"],"potions_floor_usage":[8,8,12],"damage_taken":[{"damage":1,"enemies":"Cultist","floor":1,"turns":4},{"damage":17,"enemies":"Small Slimes","floor":2,"turns":3},{"damage":30,"enemies":"Lagavulin","floor":6,"turns":7},{"damage":52,"enemies":"Gremlin Nob","floor":8,"turns":4},{"damage":2,"enemies":"Jaw Worm","floor":11,"turns":3},{"damage":13,"enemies":"Lagavulin","floor":12,"turns":6},{"damage":2,"enemies":"2 Fungi Beasts","floor":14,"turns":4},{"damage":42,"enemies":"The Guardian","floor":16,"turns":9}],"seed_played":"9065545426767287568","potions_obtained":[{"floor":2,"key":"FearPotion"},{"floor":6,"key":"EssenceOfSteel"},{"floor":11,"key":"SkillPotion"}],"is_trial":false,"path_per_floor":["M","M","T","?","?","E","R","E","T","R","M","E","$","M","R","B"],"character_chosen":"DEFECT","items_purchased":["Self Repair","Calipers"],"campfire_rested":3,"item_purchase_floors":[13,13],"current_hp_per_floor":[81,64,64,61,61,31,55,3,3,27,25,12,12,17,41,0],"gold":35,"neow_bonus":"TEN_PERCENT_HP_BONUS","is_prod":false,"is_daily":false,"chose_seed":false,"campfire_upgraded":0,"win_rate":0,"timestamp":1549446120,"path_taken":["M","M","?","?","?","E","R","E","T","R","?","E","$","M","R","BOSS"],"build_version":"2019-01-23","purchased_purges":1,"victory":false,"max_hp_per_floor":[82,82,82,82,82,82,82,82,82,82,82,82,82,82,82,82],"card_choices":[{"not_picked":["Ball Lightning","Reinforced Body"],"picked":"Static Discharge","floor":1},{"not_picked":["Cold Snap","Turbo","Steam"],"picked":"SKIP","floor":2},{"not_picked":["Leap","Streamline"],"picked":"BootSequence","floor":6},{"not_picked":["Cold Snap","Compile Driver","Turbo"],"picked":"SKIP","floor":8},{"not_picked":["Coolheaded","Lockon"],"picked":"Defragment","floor":11},{"not_picked":["Leap","BootSequence"],"picked":"Skim","floor":12},{"not_picked":["Leap","Gash"],"picked":"Core Surge","floor":14}],"player_experience":279165,"relics_obtained":[{"floor":3,"key":"Omamori"},{"floor":6,"key":"Sundial"},{"floor":8,"key":"Bottled Lightning"},{"floor":9,"key":"Lantern"},{"floor":12,"key":"Juzu Bracelet"}],"event_choices":[{"damage_healed":0,"gold_gain":0,"player_choice":"Success","damage_taken":3,"relics_obtained":["Girya"],"max_hp_gain":0,"max_hp_loss":0,"event_name":"Scrap Ooze","floor":4,"gold_loss":0},{"damage_healed":0,"gold_gain":175,"player_choice":"AGREE","damage_taken":0,"max_hp_gain":0,"max_hp_loss":0,"event_name":"Liars Game","floor":5,"gold_loss":0,"cards_obtained":["Doubt"]}],"is_beta":false,"boss_relics":[],"items_purged_floors":[13],"is_endless":false,"potions_floor_spawned":[2,6,11],"killed_by":"The Guardian","ascension_level":4}