{"gold_per_floor":[115,125,125,125,125,150,150,150],"floor_reached":8,"playtime":1507,"items_purged":[],"score":108,"play_id":"f639c055-6b17-4ccc-9180-e952a941d793","local_time":"20181210225221","is_ascension_mode":true,"campfire_choices":[],"neow_cost":"NONE","seed_source_timestamp":10032973083201,"circlet_count":0,"master_deck":["AscendersBane","Strike_R","Strike_R","Strike_R","Strike_R","Strike_R","Defend_R","Defend_R","Bash","Brutality+1","Pommel Strike","Whirlwind+1","Feel No Pain","Wild Strike"],"relics":["Burning Blood","Boot","Bag of Marbles"],"potions_floor_usage":[6],"damage_taken":[{"damage":8,"enemies":"Cultist","floor":1,"turns":3},{"damage":15,"enemies":"2 Louse","floor":2,"turns":2},{"damage":39,"enemies":"Lagavulin","floor":6,"turns":5},{"damage":34,"enemies":"Gremlin Nob","floor":8,"turns":3}],"seed_played":"3243258170140984964","potions_obtained":[{"floor":2,"key":"Strength Potion"}],"is_trial":false,"path_per_floor":["M","M","?","?","T","E","?","E"],"character_chosen":"IRONCLAD","items_purchased":[],"campfire_rested":0,"item_purchase_floors":[],"current_hp_per_floor":[66,57,34,59,59,26,26,0],"gold":150,"neow_bonus":"TRANSFORM_CARD","is_prod":false,"is_daily":false,"chose_seed":false,"campfire_upgraded":0,"win_rate":0,"timestamp":1544507541,"path_taken":["M","?","?","?","?","E","?","E"],"build_version":"2018-12-06","purchased_purges":0,"victory":false,"max_hp_per_floor":[75,75,75,75,75,75,75,75],"card_choices":[{"not_picked":["Warcry","Flex"],"picked":"Pommel Strike","floor":1},{"not_picked":["Flex","Blood for Blood"],"picked":"Whirlwind","floor":2},{"not_picked":["Twin Strike","Blood for Blood"],"picked":"Feel No Pain","floor":6}],"player_experience":589671,"relics_obtained":[{"floor":5,"key":"Boot"},{"floor":6,"key":"Bag of Marbles"}],"event_choices":[{"damage_healed":0,"gold_gain":0,"player_choice":"Entered Light","damage_taken":23,"max_hp_gain":0,"max_hp_loss":0,"event_name":"Shining Light","floor":3,"gold_loss":0,"cards_upgraded":["Whirlwind","Brutality"]},{"damage_healed":25,"gold_gain":0,"player_choice":"Banana","damage_taken":0,"max_hp_gain":0,"max_hp_loss":0,"event_name":"Big Fish","floor":4,"gold_loss":0},{"damage_healed":0,"gold_gain":0,"cards_transformed":["Defend_R"],"player_choice":"Change","damage_taken":0,"max_hp_gain":0,"max_hp_loss":0,"event_name":"Living Wall","floor":7,"gold_loss":0,"cards_obtained":["Wild Strike"]}],"is_beta":false,"boss_relics":[],"items_purged_floors":[],"is_endless":false,"potions_floor_spawned":[2],"killed_by":"Gremlin Nob","ascension_level":20}