{"gold_per_floor":[115,115,115,115,134,134,178,178,178,222,222,222],"floor_reached":12,"playtime":222,"items_purged":[],"score":114,"play_id":"da4498d1-2b1d-45ba-aad6-2bca1883d8e1","local_time":"20190118132125","is_ascension_mode":true,"campfire_choices":[{"data":"Zap","floor":6,"key":"SMITH"},{"floor":11,"key":"REST"}],"neow_cost":"NONE","seed_source_timestamp":101082934806884,"circlet_count":0,"master_deck":["Strike_B","Strike_B","Defend_B","Defend_B","Defend_B","Defend_B","Zap+1","Dualcast","Conserve Battery","Regret","Capacitor","Conserve Battery","Turbo","Fission"],"relics":["Cracked Core","NeowsBlessing","Boot","Golden Idol","Potion Belt","Kunai","Bronze Scales"],"potions_floor_usage":[],"damage_taken":[{"damage":0,"enemies":"Jaw Worm","floor":1,"turns":1},{"damage":0,"enemies":"2 Louse","floor":5,"turns":1},{"damage":0,"enemies":"3 Sentries","floor":7,"turns":1},{"damage":39,"enemies":"Lagavulin","floor":10,"turns":9},{"damage":0,"enemies":"Gremlin Nob","floor":12,"turns":2}],"seed_played":"3154449624764001691","potions_obtained":[{"floor":5,"key":"FocusPotion"}],"is_trial":false,"path_per_floor":["M","?","?","?","M","R","E","?","T","E","R","E"],"character_chosen":"DEFECT","items_purchased":[],"campfire_rested":1,"item_purchase_floors":[],"current_hp_per_floor":[75,68,68,50,50,50,50,50,50,11,33,33],"gold":222,"neow_bonus":"THREE_ENEMY_KILL","is_prod":false,"is_daily":false,"chose_seed":false,"campfire_upgraded":1,"win_rate":0,"timestamp":1547778085,"path_taken":["M","?","?","?","?","R","E","?","T","E","R","E"],"build_version":"2018-11-15","purchased_purges":0,"victory":false,"max_hp_per_floor":[75,75,75,75,75,75,75,75,75,75,75,75],"card_choices":[{"not_picked":["Leap","Barrage"],"picked":"Conserve Battery","floor":1},{"not_picked":["Redo","Compile Driver"],"picked":"Capacitor","floor":5},{"not_picked":["Undo","Skim"],"picked":"Conserve Battery","floor":7},{"not_picked":["Self Repair","Leap"],"picked":"Fission","floor":10}],"player_experience":1115079,"relics_obtained":[{"floor":7,"key":"Potion Belt"},{"floor":9,"key":"Kunai"},{"floor":10,"key":"Bronze Scales"}],"event_choices":[{"cards_removed":["Strike_B"],"damage_healed":0,"gold_gain":0,"player_choice":"Card Removal","damage_taken":7,"max_hp_gain":0,"max_hp_loss":0,"event_name":"Golden Wing","floor":2,"gold_loss":0},{"damage_healed":0,"gold_gain":0,"player_choice":"Box","damage_taken":0,"relics_obtained":["Boot"],"max_hp_gain":0,"max_hp_loss":0,"event_name":"Big Fish","floor":3,"gold_loss":0,"cards_obtained":["Regret"]},{"damage_healed":0,"gold_gain":0,"player_choice":"Take Damage","damage_taken":18,"relics_obtained":["Golden Idol"],"max_hp_gain":0,"max_hp_loss":0,"event_name":"Golden Idol","floor":4,"gold_loss":0},{"damage_healed":0,"gold_gain":0,"cards_transformed":["Strike_B"],"player_choice":"Transformed","damage_taken":0,"max_hp_gain":0,"max_hp_loss":0,"event_name":"Transmorgrifier","floor":8,"gold_loss":0,"cards_obtained":["Turbo"]}],"is_beta":true,"boss_relics":[],"items_purged_floors":[],"is_endless":false,"potions_floor_spawned":[5],"killed_by":"Gremlin Nob","ascension_level":1}