{"gold_per_floor":[112,124,138,58,58,58,92,112,112,122,122,148,148,164,164,265,265,284,191,204,221,146,146,146,174,174,174,188,188,202,217,217,315,315,327,342,48,63,0,0,0],"floor_reached":41,"playtime":5894,"items_purged":["Strike_B"],"score":616,"play_id":"73fcdfc6-d4c5-46e5-83b8-ddc7968fc919","local_time":"20180919103217","is_ascension_mode":true,"campfire_choices":[{"data":"Go for the Eyes","floor":6.0,"key":"SMITH"},{"data":"Zap","floor":11.0,"key":"SMITH"},{"data":"Capacitor","floor":13.0,"key":"SMITH"},{"floor":15.0,"key":"REST"},{"data":"Defragment","floor":23.0,"key":"SMITH"},{"data":"Defragment","floor":27.0,"key":"SMITH"},{"floor":32,"key":"REST"},{"floor":40,"key":"REST"}],"neow_cost":"NONE","seed_source_timestamp":437160976312794,"circlet_count":0,"master_deck":["Strike_B","Strike_B","Strike_B","Defend_B","Defend_B","Defend_B","Defend_B","Zap+1","Dualcast","Rainbow","Go for the Eyes+1","Coolheaded","Hologram","Capacitor+1","Self Repair","Conserve Battery","Leap","Cold Snap","FTL","All For One","Defragment+1","Defragment+1","Beam Cell","FTL","Barrage+1","J.A.X.","Leap+1","Writhe","Go for the Eyes","Echo Form","Chill+1","Reinforced Body+1"],"special_seed":0,"relics":["Cracked Core","Oddly Smooth Stone","Kunai","Shovel","Cursed Key","Ancient Tea Set","Blue Candle","Sozu","Torii","Red Mask"],"potions_floor_usage":[30,31,33],"damage_taken":[{"damage":7.0,"enemies":"Jaw Worm","floor":1.0,"turns":3.0},{"damage":0.0,"enemies":"Cultist","floor":2.0,"turns":3.0},{"damage":3.0,"enemies":"2 Louse","floor":3.0,"turns":2.0},{"damage":3.0,"enemies":"Lagavulin","floor":7.0,"turns":7.0},{"damage":4.0,"enemies":"Looter","floor":8.0,"turns":4.0},{"damage":5.0,"enemies":"3 Louse","floor":10.0,"turns":5.0},{"damage":8.0,"enemies":"3 Sentries","floor":12.0,"turns":8.0},{"damage":28.0,"enemies":"Gremlin Gang","floor":14.0,"turns":5.0},{"damage":18.0,"enemies":"Slime Boss","floor":16.0,"turns":8.0},{"damage":15.0,"enemies":"2 Thieves","floor":18.0,"turns":4.0},{"damage":4.0,"enemies":"Chosen","floor":20.0,"turns":5.0},{"damage":13.0,"enemies":"Snake Plant","floor":21.0,"turns":4.0},{"damage":23.0,"enemies":"Book of Stabbing","floor":25.0,"turns":6.0},{"damage":14.0,"enemies":"Centurion and Healer","floor":28.0,"turns":6.0},{"damage":0,"enemies":"Snecko","floor":30,"turns":6},{"damage":17,"enemies":"Chosen and Byrds","floor":31,"turns":7},{"damage":33,"enemies":"Champ","floor":33,"turns":9},{"damage":11,"enemies":"Orb Walker","floor":35,"turns":5},{"damage":30,"enemies":"3 Shapes","floor":36,"turns":6},{"damage":24,"enemies":"Reptomancer","floor":38,"turns":8},{"damage":50,"enemies":"2 Orb Walkers","floor":41,"turns":6}],"seed_played":"-3407318770038159782","potions_obtained":[{"floor":3.0,"key":"Fire Potion"},{"floor":8.0,"key":"SpeedPotion"},{"floor":10.0,"key":"FocusPotion"},{"floor":28.0,"key":"Ancient Potion"},{"floor":30,"key":"FocusPotion"},{"floor":31,"key":"Ancient Potion"}],"is_trial":false,"path_per_floor":["M","M","M","$","?","R","E","M","T","M","R","E","R","M","R","B",null,"M","$","M","M","$","R","?","E","T","R","M","?","M","M","R","B",null,"M","M","$","M","?","R"],"character_chosen":"DEFECT","items_purchased":["Capacitor","Defragment","Beam Cell","Torii"],"campfire_rested":3,"item_purchase_floors":[4,19,19,37],"current_hp_per_floor":[61,61,58,58,58,58,55,51,51,53,53,52,52,31,53,42,67,59,59,62,56,56,56,56,40,40,40,33,33,33,23,45,19,61,57,34,34,17,17,39,0],"gold":0,"neow_bonus":"ONE_RANDOM_RARE_CARD","is_prod":false,"is_daily":false,"chose_seed":false,"campfire_upgraded":5,"win_rate":0,"timestamp":1537378337,"path_taken":["M","M","M","$","?","R","E","M","T","M","R","E","R","M","R","BOSS","M","$","M","M","$","R","?","E","T","R","M","?","M","M","R","BOSS","M","M","$","M","?","R","E"],"build_version":"2018-09-06","purchased_purges":1,"victory":false,"max_hp_per_floor":[75,75,75,75,75,75,75,75,75,75,75,75,75,75,75,75,75,75,75,75,75,75,75,75,75,75,75,75,75,75,75,75,75,75,75,75,75,75,75,75,75],"card_choices":[{"not_picked":["Tempest","Barrage"],"picked":"Go for the Eyes","floor":1.0},{"not_picked":["Melter","Beam Cell"],"picked":"Coolheaded","floor":2.0},{"not_picked":["Loop","Streamline"],"picked":"Hologram","floor":3.0},{"not_picked":["Compile Driver","Stack"],"picked":"Self Repair","floor":7.0},{"not_picked":["Turbo","Hologram"],"picked":"Conserve Battery","floor":8.0},{"not_picked":["Undo","Machine Learning"],"picked":"Leap","floor":10.0},{"not_picked":["Recycle","Darkness"],"picked":"Cold Snap","floor":12.0},{"not_picked":["Doom and Gloom","Gash"],"picked":"FTL","floor":14.0},{"not_picked":["Biased Cognition","Multi-Cast"],"picked":"All For One","floor":16.0},{"not_picked":["Skim+1","Rebound"],"picked":"Defragment","floor":18.0},{"not_picked":["Leap","White Noise"],"picked":"FTL","floor":20.0},{"not_picked":["Compile Driver","Loop"],"picked":"Barrage+1","floor":21.0},{"not_picked":["Loop","Sweeping Beam"],"picked":"Leap+1","floor":25.0},{"not_picked":["Steam Power+1","Blizzard","Gash"],"picked":"SKIP","floor":28.0},{"not_picked":["Fusion","Coolheaded","Lockon+1"],"picked":"SKIP","floor":30},{"not_picked":["Streamline","Fusion"],"picked":"Go for the Eyes","floor":31},{"not_picked":["Biased Cognition","Electrodynamics"],"picked":"Echo Form","floor":33},{"not_picked":["Aggregate+1","Redo+1"],"picked":"Chill+1","floor":35},{"not_picked":["Sweeping Beam","Hologram"],"picked":"Reinforced Body+1","floor":36},{"not_picked":["Turbo+1","Storm","Steam Power+1"],"picked":"SKIP","floor":38}],"player_experience":1054219,"relics_obtained":[{"floor":7.0,"key":"Oddly Smooth Stone"},{"floor":9.0,"key":"Kunai"},{"floor":12.0,"key":"Shovel"},{"floor":25.0,"key":"Ancient Tea Set"}],"event_choices":[{"event_name":"Match and Keep!","player_choice":"0 cards matched","floor":5.0,"damage_taken":0.0},{"event_name":"Drug Dealer","player_choice":"Got JAX","floor":24.0,"damage_taken":0.0},{"event_name":"The Mausoleum","player_choice":"Yes","floor":29.0,"damage_taken":0.0},{"event_name":"Tomb of Lord Red Mask","player_choice":"Paid","floor":39,"damage_taken":0}],"is_beta":false,"boss_relics":[{"not_picked":["Philosopher\u0027s Stone","Velvet Choker"],"picked":"Cursed Key"},{"not_picked":["Runic Pyramid","Pandora\u0027s Box"],"picked":"Sozu"}],"items_purged_floors":[22],"is_endless":false,"potions_floor_spawned":[3,8,10,28,30,31],"killed_by":"2 Orb Walkers","ascension_level":9}