{"gold_per_floor":[114,132,57,67,67,67,100,100,182,182,182,200,200,211,211,285,285,225,225,225],"floor_reached":20,"playtime":1742,"items_purged":["Normality"],"score":313,"play_id":"7942e786-ec53-4109-8507-7271cca55d79","local_time":"20181114081637","is_ascension_mode":true,"campfire_choices":[{"data":"Zap","floor":6.0,"key":"SMITH"},{"data":"White Noise","floor":11.0,"key":"SMITH"},{"floor":13.0,"key":"REST"},{"floor":15.0,"key":"REST"}],"neow_cost":"CURSE","seed_source_timestamp":1359966689457831,"circlet_count":0,"master_deck":["AscendersBane","Strike_B","Strike_B","Strike_B","Strike_B","Defend_B","Defend_B","Defend_B","Defend_B","Zap+1","Dualcast","Cold Snap","White Noise+1","Compile Driver","Capacitor","Go for the Eyes","Defragment","Electrodynamics","Beam Cell","Barrage+1"],"special_seed":0,"relics":["Cracked Core","Torii","Pen Nib","Symbiotic Virus","Question Card","Ectoplasm"],"potions_floor_usage":[],"damage_taken":[{"damage":8.0,"enemies":"2 Louse","floor":1.0,"turns":2.0},{"damage":1.0,"enemies":"Jaw Worm","floor":2.0,"turns":3.0},{"damage":2.0,"enemies":"Small Slimes","floor":4.0,"turns":4.0},{"damage":18.0,"enemies":"3 Sentries","floor":7.0,"turns":8.0},{"damage":13.0,"enemies":"Blue Slaver","floor":12.0,"turns":4.0},{"damage":21.0,"enemies":"Lots of Slimes","floor":14.0,"turns":4.0},{"damage":15.0,"enemies":"The Guardian","floor":16.0,"turns":9.0},{"damage":41.0,"enemies":"2 Thieves","floor":18.0,"turns":3.0},{"damage":1.0,"enemies":"Spheric Guardian","floor":19.0,"turns":3.0},{"damage":27,"enemies":"Masked Bandits","floor":20,"turns":3}],"seed_played":"-3034611897095663578","potions_obtained":[{"floor":1.0,"key":"LiquidBronze"},{"floor":7.0,"key":"SteroidPotion"}],"is_trial":false,"path_per_floor":["M","M","$","M","?","R","E","?","T","$","R","M","R","M","R","B",null,"M","M","?"],"character_chosen":"DEFECT","items_purchased":[],"campfire_rested":2,"item_purchase_floors":[],"current_hp_per_floor":[56,55,55,53,42,42,24,29,29,29,29,16,38,17,39,24,63,22,21,0],"gold":225,"neow_bonus":"ONE_RARE_RELIC","is_prod":false,"is_daily":false,"chose_seed":false,"campfire_upgraded":2,"win_rate":0,"timestamp":1542212197,"path_taken":["M","M","$","M","?","R","E","?","T","$","R","M","R","M","R","BOSS","M","M","?"],"build_version":"2018-11-08","purchased_purges":1,"victory":false,"max_hp_per_floor":[71,71,71,71,71,71,71,76,76,76,76,76,76,76,76,76,76,76,76,76],"card_choices":[{"not_picked":["Redo","Heatsinks"],"picked":"Cold Snap","floor":1.0},{"not_picked":["Hologram","Conserve Battery"],"picked":"White Noise","floor":2.0},{"not_picked":["Stack","Reinforced Body"],"picked":"Compile Driver","floor":4.0},{"not_picked":["Blizzard","Force Field"],"picked":"Capacitor","floor":7.0},{"not_picked":["Darkness","Recycle","Double Energy"],"picked":"Go for the Eyes","floor":12.0},{"not_picked":["Sunder","Steam","Hologram"],"picked":"Defragment","floor":14.0},{"not_picked":["Thunder Strike","Creative AI","Fission"],"picked":"Electrodynamics","floor":16.0},{"not_picked":["Go for the Eyes","Gash","Barrage"],"picked":"Beam Cell","floor":18.0},{"not_picked":["Skim","Beam Cell","Recycle+1"],"picked":"Barrage+1","floor":19.0}],"player_experience":1275358,"relics_obtained":[{"floor":7.0,"key":"Symbiotic Virus"},{"floor":9.0,"key":"Question Card"}],"event_choices":[{"damage_healed":0.0,"max_hp_gain":0.0,"max_hp_loss":0.0,"gold_gain":0.0,"event_name":"Scrap Ooze","player_choice":"Success","floor":5.0,"gold_loss":0.0,"damage_taken":11.0,"relics_obtained":["Pen Nib"]},{"damage_healed":0.0,"max_hp_gain":5.0,"max_hp_loss":0.0,"gold_gain":0.0,"event_name":"Big Fish","player_choice":"Donut","floor":8.0,"gold_loss":0.0,"damage_taken":0.0},{"damage_healed":0,"gold_gain":0,"player_choice":"Fought Bandits","damage_taken":0,"max_hp_gain":0,"max_hp_loss":0,"event_name":"Masked Bandits","floor":20,"gold_loss":0}],"is_beta":false,"boss_relics":[{"not_picked":["Runic Pyramid","Black Star"],"picked":"Ectoplasm"}],"items_purged_floors":[3],"is_endless":false,"potions_floor_spawned":[1,7,14],"killed_by":"Masked Bandits","ascension_level":16}