{"path_per_floor":["M","M","?","?","M","R","?","R","T","M","M","M","E","$","R"],"character_chosen":"IRONCLAD","items_purchased":["Apotheosis","Vajra","Battle Trance"],"gold_per_floor":[362,382,382,382,396,396,396,396,396,411,432,457,501,38,38,38],"floor_reached":16,"campfire_rested":0,"playtime":1787,"item_purchase_floors":[14,14,14],"current_hp_per_floor":[72,78,60,40,32,32,32,32,32,35,35,35,42,42,42,0],"items_purged":["Strike_R"],"gold":38,"score":158,"play_id":"4d4e6457-3db2-4e0d-90cf-414a305aceff","local_time":"20180622142635","is_prod":false,"is_daily":false,"chose_seed":false,"is_ascension_mode":true,"campfire_upgraded":3,"win_rate":0,"timestamp":1529702795,"campfire_choices":[{"data":"True Grit","floor":6,"key":"SMITH"},{"data":"Bash","floor":8,"key":"SMITH"},{"data":"Apotheosis","floor":15,"key":"SMITH"}],"path_taken":["M","M","?","?","M","R","?","R","T","M","M","?","E","$","R","BOSS"],"build_version":"2018-06-21","seed_source_timestamp":763689675407595,"purchased_purges":1,"circlet_count":0,"victory":false,"master_deck":["Strike_R","Strike_R","Strike_R","Strike_R","Defend_R","Defend_R","Defend_R","Defend_R","Bash+1","AscendersBane","Parasite","Shrug It Off+1","True Grit+1","Pummel","Feel No Pain","Uppercut","Ghostly Armor","Apotheosis+1","Battle Trance"],"max_hp_per_floor":[80,80,80,80,80,80,80,80,80,80,80,80,82,82,82,82],"relics":["Burning Blood","Torii","Golden Idol","Bottled Lightning","Singing Bowl","Vajra"],"card_choices":[{"not_picked":["True Grit","Heavy Blade"],"picked":"Shrug It Off","floor":1},{"not_picked":["Heavy Blade","Rage"],"picked":"True Grit","floor":2},{"not_picked":["Headbutt","Combust"],"picked":"Pummel","floor":5},{"not_picked":["Shrug It Off","Clash"],"picked":"Feel No Pain","floor":10},{"not_picked":["Clothesline","Pommel Strike"],"picked":"Uppercut","floor":11},{"not_picked":["Carnage","Anger"],"picked":"Ghostly Armor","floor":12},{"not_picked":["Clothesline","Blood for Blood","Entrench"],"picked":"Singing Bowl","floor":13}],"player_experience":920025,"potions_floor_usage":[12],"damage_taken":[{"damage":6,"enemies":"Cultist","floor":1,"turns":3},{"damage":0,"enemies":"2 Louse","floor":2,"turns":6},{"damage":14,"enemies":"Jaw Worm","floor":5,"turns":6},{"damage":3,"enemies":"Blue Slaver","floor":10,"turns":4},{"damage":6,"enemies":"Looter","floor":11,"turns":3},{"damage":6,"enemies":"Lots of Slimes","floor":12,"turns":3},{"damage":1,"enemies":"3 Sentries","floor":13,"turns":14},{"damage":43,"enemies":"Hexaghost","floor":16,"turns":16}],"relics_obtained":[{"floor":9,"key":"Bottled Lightning"},{"floor":13,"key":"Singing Bowl"}],"event_choices":[{"event_name":"Scrap Ooze","player_choice":"success","floor":3,"damage_taken":18},{"event_name":"Golden Idol","player_choice":"Take Damage","floor":4,"damage_taken":0},{"event_name":"Living Wall","player_choice":"Grow","floor":7,"damage_taken":0}],"boss_relics":[],"items_purged_floors":[14],"is_endless":false,"potions_floor_spawned":[5,11],"seed_played":"393467884102671530","killed_by":"Hexaghost","ascension_level":11,"potions_obtained":[{"floor":5,"key":"Explosive Potion"},{"floor":11,"key":"FearPotion"}],"is_trial":false}