{"gold_per_floor":[213,53,53,53,69,69,85,85,110,147,159,171,200,232,244,256],"floor_reached":16,"playtime":1673,"items_purged":[],"score":200,"play_id":"3bf27c47-2bc6-4b2b-9549-2c80dd2165cc","local_time":"20190205133934","is_ascension_mode":true,"campfire_choices":[{"data":"Rage","floor":6,"key":"SMITH"},{"data":"Clothesline","floor":8,"key":"SMITH"},{"data":"Thunderclap","floor":12,"key":"SMITH"},{"data":"Rupture","floor":15,"key":"SMITH"}],"neow_cost":"NONE","seed_source_timestamp":89527644804600,"circlet_count":0,"master_deck":["AscendersBane","Strike_R","Strike_R","Strike_R","Strike_R","Strike_R","Defend_R","Defend_R","Defend_R","Defend_R","Bash+1","Thunderclap+1","Rage+1","Clothesline+1","Pummel","Pummel","Rupture+1"],"relics":["Burning Blood","Bronze Scales","MawBank","Smiling Mask"],"potions_floor_usage":[10,16],"damage_taken":[{"damage":8,"enemies":"Cultist","floor":1,"turns":5},{"damage":2,"enemies":"Jaw Worm","floor":5,"turns":3},{"damage":5,"enemies":"2 Louse","floor":7,"turns":3},{"damage":20,"enemies":"Lagavulin","floor":10,"turns":6},{"damage":6,"enemies":"Looter","floor":13,"turns":3},{"damage":13,"enemies":"Large Slime","floor":14,"turns":5},{"damage":55,"enemies":"The Guardian","floor":16,"turns":13}],"seed_played":"-4934000287443538906","potions_obtained":[{"floor":5,"key":"Fire Potion"},{"floor":13,"key":"Weak Potion"}],"is_trial":false,"path_per_floor":["M","$","?","?","M","R","M","R","T","E","$","R","M","M","R","B"],"character_chosen":"IRONCLAD","items_purchased":["Bronze Scales"],"campfire_rested":0,"item_purchase_floors":[2],"current_hp_per_floor":[66,66,66,66,70,70,71,71,71,57,57,57,57,50,50,0],"gold":256,"neow_bonus":"HUNDRED_GOLD","is_prod":false,"is_daily":false,"chose_seed":false,"campfire_upgraded":4,"win_rate":0,"timestamp":1549391974,"path_taken":["M","$","?","?","M","R","M","R","T","E","$","R","M","M","R","BOSS"],"build_version":"2019-01-23","purchased_purges":0,"victory":false,"max_hp_per_floor":[75,75,75,75,75,75,75,75,75,75,75,75,75,75,75,75],"card_choices":[{"not_picked":["Reckless Charge","Power Through"],"picked":"Thunderclap","floor":1},{"not_picked":["Bloodletting","True Grit"],"picked":"Rage","floor":5},{"not_picked":["Fire Breathing","Hemokinesis"],"picked":"Clothesline","floor":7},{"not_picked":["Armaments","Hemokinesis"],"picked":"Pummel","floor":10},{"not_picked":["Clothesline","Flex"],"picked":"Pummel","floor":13},{"not_picked":["Dropkick","Dual Wield"],"picked":"Rupture","floor":14}],"player_experience":1179285,"relics_obtained":[{"floor":9,"key":"MawBank"},{"floor":10,"key":"Smiling Mask"}],"event_choices":[{"damage_healed":0,"gold_gain":0,"player_choice":"Grow","damage_taken":0,"max_hp_gain":0,"max_hp_loss":0,"event_name":"Living Wall","floor":3,"gold_loss":0,"cards_upgraded":["Bash"]},{"damage_healed":0,"gold_gain":0,"player_choice":"Ignored","damage_taken":0,"max_hp_gain":0,"max_hp_loss":0,"event_name":"Liars Game","floor":4,"gold_loss":0}],"is_beta":false,"boss_relics":[],"items_purged_floors":[],"is_endless":false,"potions_floor_spawned":[5,13],"killed_by":"The Guardian","ascension_level":20}