{"gold_per_floor":[114,114,40,56,76,109,120,195,274,284,310,327,327,340,340,445,445,457,472,319,319,24,24,24,24,48,59,59,59],"floor_reached":29,"playtime":1122,"items_purged":[],"score":235,"play_id":"cb7c9f73-a975-420c-9eee-aee00ef4f191","local_time":"20180714202421","is_ascension_mode":false,"campfire_choices":[{"data":"White Noise","floor":13,"key":"SMITH"},{"floor":15,"key":"REST"},{"data":"Echo Form","floor":23,"key":"SMITH"},{"data":"Hello World","floor":28,"key":"SMITH"}],"neow_cost":"","seed_source_timestamp":9986978788650,"circlet_count":0,"master_deck":["Strike_B","Strike_B","Strike_B","Defend_B","Defend_B","Defend_B+1","Defend_B","Zap","Dualcast","White Noise+1","Multi-Cast","Self Repair","Self Repair","Loop","Self Repair","Multi-Cast","Hello World+1","Amplify+1","Echo Form+1"],"relics":["Cracked Core","Mango","Meat on the Bone","Dream Catcher","Inserter","War Paint","Centennial Puzzle"],"potions_floor_usage":[11,11,11,29],"damage_taken":[{"damage":6,"enemies":"Jaw Worm","floor":1,"turns":3},{"damage":0,"enemies":"2 Louse","floor":4,"turns":2},{"damage":6,"enemies":"Cultist","floor":5,"turns":4},{"damage":17,"enemies":"Lagavulin","floor":6,"turns":6},{"damage":28,"enemies":"Exordium Thugs","floor":7,"turns":3},{"damage":25,"enemies":"Exordium Wildlife","floor":10,"turns":6},{"damage":19,"enemies":"Gremlin Nob","floor":11,"turns":4},{"damage":15,"enemies":"3 Louse","floor":12,"turns":5},{"damage":16,"enemies":"Red Slaver","floor":14,"turns":4},{"damage":57,"enemies":"Slime Boss","floor":16,"turns":13},{"damage":39,"enemies":"Chosen","floor":18,"turns":6},{"damage":61,"enemies":"Shell Parasite","floor":19,"turns":8},{"damage":74,"enemies":"Cultist and Chosen","floor":27,"turns":7},{"damage":56,"enemies":"Slaver and Parasite","floor":29,"turns":4}],"seed_played":"-1891579340487040574","potions_obtained":[{"floor":4,"key":"Poison Potion"},{"floor":6,"key":"FearPotion"},{"floor":7,"key":"EssenceOfSteel"},{"floor":10,"key":"EssenceOfSteel"},{"floor":14,"key":"Weak Potion"},{"floor":19,"key":"Weak Potion"},{"floor":25,"key":"Block Potion"}],"is_trial":false,"path_per_floor":["M","?","$","M","M","E","M","?","T","M","E","M","R","M","R","B",null,"M","M","$","?","$","R","?","?","T","M","R"],"character_chosen":"DEFECT","items_purchased":["White Noise","Amplify","Echo Form","War Paint"],"campfire_rested":1,"item_purchase_floors":[3,20,22,22],"current_hp_per_floor":[69,62,62,62,56,67,46,35,35,29,29,40,40,43,69,52,89,71,43,43,89,89,89,89,89,89,48,48,0],"gold":59,"neow_bonus":"","is_prod":false,"is_daily":false,"chose_seed":false,"campfire_upgraded":3,"win_rate":0.0,"timestamp":1531563861,"path_taken":["M","?","?","M","M","E","?","?","T","M","E","?","R","?","R","BOSS","M","M","?","?","$","R","?","?","T","M","R","?"],"build_version":"2018-07-12","purchased_purges":0,"victory":false,"max_hp_per_floor":[75,75,75,75,75,89,89,89,89,89,89,89,89,89,89,89,89,89,89,89,89,89,89,89,89,89,89,89,89],"card_choices":[{"not_picked":["Turbo","Leap"],"picked":"Chaos","floor":1},{"not_picked":["Coolheaded","Cold Snap"],"picked":"Multi-Cast","floor":4},{"not_picked":["Storm","Auto Shields"],"picked":"Self Repair","floor":5},{"not_picked":["Coolheaded","Steam","Hologram"],"picked":"SKIP","floor":6},{"not_picked":["Doom and Gloom","Cold Snap","Stack"],"picked":"SKIP","floor":7},{"not_picked":["Turbo","Go for the Eyes","Cold Snap"],"picked":"SKIP","floor":10},{"not_picked":["Ball Lightning","Rainbow"],"picked":"Self Repair","floor":11},{"not_picked":["Go for the Eyes","Steam","Beam Cell"],"picked":"SKIP","floor":12},{"not_picked":["Coolheaded","FTL"],"picked":"Loop","floor":14},{"not_picked":["Force Field","Undo"],"picked":"Self Repair","floor":15},{"not_picked":["Meteor Strike","All For One"],"picked":"Multi-Cast","floor":16},{"not_picked":["Conserve Battery+1","Sweeping Beam","Cold Snap"],"picked":"SKIP","floor":18},{"not_picked":["Aggregate+1","Ball Lightning"],"picked":"Hello World","floor":19},{"not_picked":["Blizzard","Steam","Turbo"],"picked":"SKIP","floor":27}],"player_experience":369873,"relics_obtained":[{"floor":6,"key":"Mango"},{"floor":9,"key":"Meat on the Bone"},{"floor":11,"key":"Dream Catcher"},{"floor":26,"key":"Centennial Puzzle"}],"event_choices":[{"event_name":"Golden Wing","player_choice":"Card Removal","floor":2,"damage_taken":0},{"event_name":"World of Goop","player_choice":"Gather Gold","floor":8,"damage_taken":0},{"event_name":"Bonfire Elementals","player_choice":"UNCOMMON","floor":21,"damage_taken":0},{"event_name":"Drug Dealer","player_choice":"Ignored","floor":24,"damage_taken":0},{"event_name":"The Lab","player_choice":"Got Potions","floor":25,"damage_taken":0}],"boss_relics":[{"not_picked":["Eternal Feather","White Beast Statue"],"picked":"Inserter"}],"items_purged_floors":[],"is_endless":false,"potions_floor_spawned":[4,6,7,10,14,19],"killed_by":"Slaver and Parasite","ascension_level":0}