{"gold_per_floor":[109,109,79,4,15,40,40,53,53,66,66,82,82,108,120,132],"floor_reached":16,"playtime":766,"items_purged":["Strike_R"],"score":171,"play_id":"04dae213-2a34-445b-ac1d-2e938ad63607","local_time":"20190113091633","is_ascension_mode":true,"campfire_choices":[{"data":"Body Slam","floor":7,"key":"SMITH"},{"data":"True Grit","floor":11,"key":"SMITH"},{"data":"Body Slam","floor":13,"key":"SMITH"},{"floor":15,"key":"REST"}],"neow_cost":"NONE","seed_source_timestamp":220086764338782,"circlet_count":0,"master_deck":["AscendersBane","Strike_R","Strike_R","Strike_R","Strike_R","Defend_R+1","Defend_R","Defend_R","Defend_R+1","Bash","Barricade","True Grit+1","Body Slam","Body Slam+1","Clothesline","Ghostly Armor","Body Slam+1","Hemokinesis"],"relics":["Burning Blood","Boot","Mummified Hand","MawBank"],"potions_floor_usage":[10,14,14],"damage_taken":[{"damage":13,"enemies":"Jaw Worm","floor":1,"turns":4},{"damage":0,"enemies":"2 Louse","floor":5,"turns":3},{"damage":35,"enemies":"Gremlin Nob","floor":6,"turns":5},{"damage":0,"enemies":"Cultist","floor":8,"turns":3},{"damage":6,"enemies":"3 Louse","floor":10,"turns":4},{"damage":0,"enemies":"Exordium Wildlife","floor":12,"turns":4},{"damage":18,"enemies":"3 Sentries","floor":14,"turns":8},{"damage":55,"enemies":"Hexaghost","floor":16,"turns":11}],"seed_played":"-3364725242133475215","potions_obtained":[{"floor":3,"key":"Energy Potion"},{"floor":3,"key":"Energy Potion"},{"floor":6,"key":"Swift Potion"},{"floor":10,"key":"AttackPotion"},{"floor":12,"key":"PowerPotion"}],"is_trial":false,"path_per_floor":["M","?","?","$","M","E","R","M","T","M","R","M","R","E","R","B"],"character_chosen":"IRONCLAD","items_purchased":[],"campfire_rested":1,"item_purchase_floors":[],"current_hp_per_floor":[65,49,49,49,55,26,26,32,32,32,32,38,38,26,50,0],"gold":132,"neow_bonus":"ONE_RANDOM_RARE_CARD","is_prod":false,"is_daily":false,"chose_seed":false,"campfire_upgraded":3,"win_rate":0,"timestamp":1547392593,"path_taken":["M","?","?","$","?","E","R","M","T","M","R","M","R","E","R","BOSS"],"build_version":"2019-01-10","purchased_purges":1,"victory":false,"max_hp_per_floor":[80,80,80,80,80,80,80,80,80,80,80,80,80,80,80,80],"card_choices":[{"not_picked":["Sword Boomerang","Burning Pact"],"picked":"True Grit","floor":1},{"not_picked":["Twin Strike","Dual Wield"],"picked":"Body Slam","floor":5},{"not_picked":["Cleave","Pummel"],"picked":"Body Slam","floor":6},{"not_picked":["Flex","Wild Strike"],"picked":"Clothesline","floor":8},{"not_picked":["Sentinel","Pommel Strike"],"picked":"Ghostly Armor","floor":10},{"not_picked":["Dual Wield","Rampage"],"picked":"Body Slam","floor":12},{"not_picked":["Dropkick","Battle Trance"],"picked":"Hemokinesis","floor":14}],"player_experience":453156,"relics_obtained":[{"floor":6,"key":"Boot"},{"floor":9,"key":"Mummified Hand"},{"floor":14,"key":"MawBank"}],"event_choices":[{"damage_healed":0,"gold_gain":0,"player_choice":"Entered Light","damage_taken":16,"max_hp_gain":0,"max_hp_loss":0,"event_name":"Shining Light","floor":2,"gold_loss":0,"cards_upgraded":["Defend_R","Defend_R"]},{"damage_healed":0,"gold_gain":0,"player_choice":"Bought 2 Potions","damage_taken":0,"max_hp_gain":0,"max_hp_loss":0,"event_name":"The Woman in Blue","floor":3,"gold_loss":0}],"is_beta":false,"boss_relics":[],"items_purged_floors":[4],"is_endless":false,"potions_floor_spawned":[6,10,12],"killed_by":"Hexaghost","ascension_level":11}