{"gold_per_floor":[214,214,72,88,101,129,129,161,230,2,18,18,18],"floor_reached":13,"playtime":546,"items_purged":["Regret"],"score":116,"play_id":"25e4a913-d320-4ac1-8361-777e5450fb8d","local_time":"20190205192606","is_ascension_mode":true,"campfire_choices":[{"data":"Neutralize","floor":7,"key":"SMITH"}],"neow_cost":"NONE","seed_source_timestamp":2177039928977777,"circlet_count":0,"master_deck":["Defend_G","Defend_G","Defend_G","Defend_G","Defend_G","Strike_G","Strike_G","Strike_G","Strike_G","Survivor","Neutralize+1","Heel Hook","Footwork","Dagger Spray","Acrobatics","Noxious Fumes","Well Laid Plans","Deadly Poison"],"relics":["Ring of the Snake","Calipers","Snake Skull","Torii","Paper Crane","Bronze Scales"],"potions_floor_usage":[6,13],"damage_taken":[{"damage":6,"enemies":"Jaw Worm","floor":1,"turns":5},{"damage":0,"enemies":"Cultist","floor":4,"turns":4},{"damage":0,"enemies":"2 Louse","floor":5,"turns":3},{"damage":30,"enemies":"3 Sentries","floor":6,"turns":9},{"damage":10,"enemies":"Lagavulin","floor":8,"turns":8},{"damage":19,"enemies":"Gremlin Gang","floor":11,"turns":3},{"damage":8,"enemies":"Lots of Slimes","floor":13,"turns":2}],"seed_played":"-2637442995877909823","potions_obtained":[{"floor":1,"key":"Explosive Potion"},{"floor":4,"key":"LiquidBronze"}],"is_trial":false,"path_per_floor":["M","?","$","M","M","E","R","E","T","$","M","?","M"],"character_chosen":"THE_SILENT","items_purchased":["Footwork","Bronze Scales","Well Laid Plans"],"campfire_rested":0,"item_purchase_floors":[3,10,10],"current_hp_per_floor":[64,64,64,64,64,34,34,24,24,24,5,5,0],"gold":18,"neow_bonus":"HUNDRED_GOLD","is_prod":false,"is_daily":false,"chose_seed":false,"campfire_upgraded":1,"win_rate":0,"timestamp":1549355166,"path_taken":["M","?","$","M","M","E","R","E","T","$","M","?","M"],"build_version":"2019-01-23","purchased_purges":1,"victory":false,"max_hp_per_floor":[70,70,70,70,70,70,70,70,70,70,70,70,70],"card_choices":[{"not_picked":["Backflip","Outmaneuver"],"picked":"Heel Hook","floor":1},{"not_picked":["Deadly Poison","Dash"],"picked":"Dagger Spray","floor":4},{"not_picked":["Outmaneuver","Concentrate"],"picked":"Acrobatics","floor":5},{"not_picked":["Flying Knee","Prepared"],"picked":"Noxious Fumes","floor":6},{"not_picked":["Masterful Stab","Cloak And Dagger","Glass Knife"],"picked":"SKIP","floor":8},{"not_picked":["Riddle With Holes","Flying Knee"],"picked":"Deadly Poison","floor":11}],"player_experience":262875,"relics_obtained":[{"floor":6,"key":"Snake Skull"},{"floor":8,"key":"Torii"},{"floor":9,"key":"Paper Crane"}],"event_choices":[{"damage_healed":0,"gold_gain":0,"player_choice":"Box","damage_taken":0,"relics_obtained":["Calipers"],"max_hp_gain":0,"max_hp_loss":0,"event_name":"Big Fish","floor":2,"gold_loss":0,"cards_obtained":["Regret"]},{"cards_removed":["Strike_G"],"damage_healed":0,"gold_gain":0,"player_choice":"Purged","damage_taken":0,"max_hp_gain":0,"max_hp_loss":0,"event_name":"Purifier","floor":12,"gold_loss":0}],"is_beta":false,"boss_relics":[],"items_purged_floors":[3],"is_endless":false,"potions_floor_spawned":[1,4],"killed_by":"Lots of Slimes","ascension_level":5}