{"gold_per_floor":[113,131,131,131,149,149,149,149,174,188,199,224,189,207,207,207],"floor_reached":16,"playtime":494,"items_purged":[],"score":189,"play_id":"f06206c8-0b7d-49c7-83ab-8cb9d005bd4c","local_time":"20181118102318","is_ascension_mode":true,"campfire_choices":[{"data":"Neutralize","floor":6,"key":"SMITH"},{"data":"Glass Knife","floor":15,"key":"SMITH"}],"neow_cost":"PERCENT_DAMAGE","seed_source_timestamp":781068667508502,"circlet_count":0,"master_deck":["AscendersBane","Defend_G","Defend_G","Defend_G","Defend_G","Defend_G","Strike_G","Strike_G","Strike_G","Strike_G","Survivor","Neutralize+1","Burst","Bouncing Flask","Crippling Poison+1","Blur","Quick Slash","Cloak And Dagger","Glass Knife+1","Footwork"],"relics":["Ring of the Snake","Ancient Tea Set","Vajra","Blood Vial"],"potions_floor_usage":[12,12,16],"damage_taken":[{"damage":21,"enemies":"Jaw Worm","floor":1,"turns":10},{"damage":8,"enemies":"2 Louse","floor":2,"turns":3},{"damage":6,"enemies":"Small Slimes","floor":5,"turns":5},{"damage":11,"enemies":"Gremlin Gang","floor":10,"turns":3},{"damage":0,"enemies":"Blue Slaver","floor":11,"turns":5},{"damage":5,"enemies":"3 Sentries","floor":12,"turns":5},{"damage":0,"enemies":"Red Slaver","floor":14,"turns":5},{"damage":28,"enemies":"Slime Boss","floor":16,"turns":5}],"seed_played":"5864857182109338424","potions_obtained":[{"floor":2,"key":"Strength Potion"},{"floor":10,"key":"AttackPotion"},{"floor":14,"key":"SneckoOil"}],"is_trial":false,"path_per_floor":["M","M","?","?","M","R","?","T","T","M","M","E","?","M","R","B"],"character_chosen":"THE_SILENT","items_purchased":[],"campfire_rested":0,"item_purchase_floors":[],"current_hp_per_floor":[23,15,15,37,31,31,24,24,24,13,13,8,24,26,26,0],"gold":207,"neow_bonus":"THREE_RARE_CARDS","is_prod":false,"is_daily":false,"chose_seed":false,"campfire_upgraded":2,"win_rate":0,"timestamp":1542565398,"path_taken":["M","M","?","?","M","R","?","?","T","M","M","E","?","M","R","BOSS"],"build_version":"2018-11-15","purchased_purges":0,"victory":false,"max_hp_per_floor":[66,66,66,66,66,66,66,66,66,66,66,66,66,66,66,66],"card_choices":[{"not_picked":["Wraith Form v2","Grand Finale"],"picked":"Burst","floor":0},{"not_picked":["Sucker Punch","Prepared"],"picked":"Bouncing Flask","floor":1},{"not_picked":["Deflect","Caltrops"],"picked":"Crippling Poison","floor":2},{"not_picked":["Dodge and Roll","Accuracy"],"picked":"Blur","floor":5},{"not_picked":["Slice","Deflect"],"picked":"Quick Slash","floor":10},{"not_picked":["Flying Knee","Terror"],"picked":"Cloak And Dagger","floor":11},{"not_picked":["All Out Attack","Prepared"],"picked":"Glass Knife","floor":12},{"not_picked":["Acrobatics","Finisher"],"picked":"Footwork","floor":14}],"player_experience":948369,"relics_obtained":[{"floor":8,"key":"Ancient Tea Set"},{"floor":9,"key":"Vajra"},{"floor":12,"key":"Blood Vial"}],"event_choices":[{"damage_healed":0,"gold_gain":0,"player_choice":"Grow","damage_taken":0,"max_hp_gain":0,"max_hp_loss":0,"event_name":"Living Wall","floor":3,"gold_loss":0,"cards_upgraded":["Crippling Poison"]},{"damage_healed":22,"gold_gain":0,"player_choice":"Banana","damage_taken":0,"max_hp_gain":0,"max_hp_loss":0,"event_name":"Big Fish","floor":4,"gold_loss":0},{"cards_removed":["Strike_G"],"damage_healed":0,"gold_gain":0,"player_choice":"Card Removal","damage_taken":7,"max_hp_gain":0,"max_hp_loss":0,"event_name":"Golden Wing","floor":7,"gold_loss":0},{"damage_healed":16,"gold_gain":0,"player_choice":"Healed","damage_taken":0,"max_hp_gain":0,"max_hp_loss":0,"event_name":"The Cleric","floor":13,"gold_loss":35}],"is_beta":true,"boss_relics":[],"items_purged_floors":[],"is_endless":false,"potions_floor_spawned":[2,10,11,14],"killed_by":"Slime Boss","ascension_level":17}