{"gold_per_floor":[16,16,16,29,43,43,58,82,162,162,187,202,202,36,36,36],"floor_reached":16,"playtime":401,"items_purged":[],"score":184,"play_id":"bed10df8-5ad1-4e38-8000-d38770bb6a1e","local_time":"20190126171203","is_ascension_mode":true,"campfire_choices":[{"data":"Bash","floor":6,"key":"SMITH"},{"data":"Regret","floor":10,"key":"PURGE"},{"data":"True Grit","floor":13,"key":"SMITH"},{"floor":15,"key":"REST"}],"neow_cost":"NO_GOLD","seed_source_timestamp":27287398332453,"circlet_count":0,"master_deck":["AscendersBane","Strike_R","Strike_R","Strike_R","Strike_R","Defend_R","Defend_R","Defend_R","Bash+1","Spot Weakness","Twin Strike","Iron Wave","True Grit+1","Dark Embrace","Heavy Blade"],"relics":["Burning Blood","Golden Idol","Peace Pipe","Sundial","Oddly Smooth Stone","Red Skull"],"potions_floor_usage":[16,16],"damage_taken":[{"damage":2,"enemies":"2 Louse","floor":1,"turns":3},{"damage":25,"enemies":"Jaw Worm","floor":4,"turns":4},{"damage":1,"enemies":"Cultist","floor":5,"turns":3},{"damage":7,"enemies":"Looter","floor":7,"turns":3},{"damage":20,"enemies":"3 Louse","floor":8,"turns":4},{"damage":7,"enemies":"Exordium Wildlife","floor":12,"turns":4},{"damage":46,"enemies":"Slime Boss","floor":16,"turns":7}],"seed_played":"-3066951124041426101","potions_obtained":[{"floor":5,"key":"BloodPotion"},{"floor":8,"key":"BloodPotion"},{"floor":12,"key":"PowerPotion"}],"is_trial":false,"path_per_floor":["M","?","?","M","M","R","M","M","T","R","T","M","R","$","R","B"],"character_chosen":"IRONCLAD","items_purchased":["Red Skull"],"campfire_rested":1,"item_purchase_floors":[14],"current_hp_per_floor":[72,46,46,27,32,32,31,17,17,17,17,16,16,16,38,0],"gold":36,"neow_bonus":"REMOVE_TWO","is_prod":false,"is_daily":false,"chose_seed":false,"campfire_upgraded":2,"win_rate":0,"timestamp":1548551523,"path_taken":["M","?","?","M","M","R","M","M","T","R","?","M","R","$","R","BOSS"],"build_version":"2019-01-23","purchased_purges":0,"victory":false,"max_hp_per_floor":[75,75,75,75,75,75,75,75,75,75,75,75,75,75,75,75],"card_choices":[{"not_picked":["Pommel Strike","Havoc"],"picked":"Spot Weakness","floor":1},{"not_picked":["Dropkick","Rupture"],"picked":"Twin Strike","floor":4},{"not_picked":["Anger","Sentinel"],"picked":"Iron Wave","floor":5},{"not_picked":["Wild Strike","Thunderclap"],"picked":"True Grit","floor":7},{"not_picked":["Clash","Spot Weakness"],"picked":"Dark Embrace","floor":8},{"not_picked":["Entrench","Bloodletting"],"picked":"Heavy Blade","floor":12}],"player_experience":994888,"relics_obtained":[{"floor":9,"key":"Sundial"},{"floor":11,"key":"Oddly Smooth Stone"}],"event_choices":[{"damage_healed":0,"gold_gain":0,"player_choice":"Take Damage","damage_taken":26,"relics_obtained":["Golden Idol"],"max_hp_gain":0,"max_hp_loss":0,"event_name":"Golden Idol","floor":2,"gold_loss":0},{"damage_healed":0,"gold_gain":0,"player_choice":"Box","damage_taken":0,"relics_obtained":["Peace Pipe"],"max_hp_gain":0,"max_hp_loss":0,"event_name":"Big Fish","floor":3,"gold_loss":0,"cards_obtained":["Regret"]}],"is_beta":true,"boss_relics":[],"items_purged_floors":[],"is_endless":false,"potions_floor_spawned":[5,8,12],"killed_by":"Slime Boss","ascension_level":20}