{"gold_per_floor":[114,114,39,57,72,72,98,98,98,98,98,127,127,143,143,241,241,259,259,25,25,25,25,25,25,25,58,0,0],"floor_reached":29,"playtime":1673,"items_purged":["Writhe","Strike_B"],"score":371,"play_id":"d745f4f7-43b7-4ab5-87cb-6cc0bf508423","local_time":"20181031222608","is_ascension_mode":true,"campfire_choices":[{"data":"Discovery","floor":6,"key":"SMITH"},{"data":"Forethought","floor":10,"key":"SMITH"},{"data":"Streamline","floor":13,"key":"SMITH"},{"floor":15,"key":"REST"},{"data":"Capacitor","floor":23,"key":"SMITH"},{"data":"Coolheaded","floor":25,"key":"SMITH"}],"neow_cost":"CURSE","seed_source_timestamp":165345172046201,"circlet_count":0,"master_deck":["Strike_B","Defend_B","Defend_B","Defend_B","Defend_B","Zap","Dualcast","AscendersBane","Forethought+1","Discovery+1","Streamline","Leap","Streamline+1","Glacier","Regret","Cold Snap+1","Consume","Ball Lightning+1","Capacitor+1","Coolheaded+1","Cold Snap+1"],"relics":["Cracked Core","Mercury Hourglass","Molten Egg 2","Happy Flower","Nunchaku","Black Star","Meat on the Bone","Blue Candle","Mummified Hand"],"potions_floor_usage":[2,7,12,14,22,27],"damage_taken":[{"damage":8,"enemies":"Small Slimes","floor":1,"turns":3},{"damage":0,"enemies":"Cultist","floor":4,"turns":3},{"damage":0,"enemies":"2 Louse","floor":5,"turns":2},{"damage":25,"enemies":"Lagavulin","floor":7,"turns":7},{"damage":12,"enemies":"Gremlin Nob","floor":12,"turns":3},{"damage":2,"enemies":"Exordium Thugs","floor":14,"turns":2},{"damage":36,"enemies":"Slime Boss","floor":16,"turns":9},{"damage":16,"enemies":"3 Byrds","floor":18,"turns":4},{"damage":0,"enemies":"2 Thieves","floor":22,"turns":1},{"damage":54,"enemies":"Gremlin Leader","floor":27,"turns":8},{"damage":34,"enemies":"Book of Stabbing","floor":29,"turns":3}],"seed_played":"-1822902075453100161","potions_obtained":[{"floor":2,"key":"Fruit Juice"},{"floor":2,"key":"FearPotion"},{"floor":2,"key":"Regen Potion"},{"floor":5,"key":"SmokeBomb"},{"floor":7,"key":"Energy Potion"},{"floor":16,"key":"Weak Potion"}],"is_trial":false,"path_per_floor":["M","?","$","M","M","R","E","?","T","R","?","E","R","M","R","B",null,"M","?","$","$","M","R","?","R","T","E","?"],"character_chosen":"DEFECT","items_purchased":["Capacitor","Coolheaded"],"campfire_rested":1,"item_purchase_floors":[20,20],"current_hp_per_floor":[60,65,65,65,65,65,49,42,42,42,42,30,30,28,52,16,64,48,74,74,74,74,74,74,74,74,32,32,0],"gold":0,"neow_bonus":"RANDOM_COLORLESS_2","is_prod":false,"is_daily":false,"chose_seed":false,"campfire_upgraded":5,"win_rate":0,"timestamp":1540985168,"path_taken":["M","?","$","?","M","R","E","?","T","R","?","E","R","M","R","BOSS","M","?","?","$","M","R","?","R","T","E","?","E"],"build_version":"2018-10-25v2","purchased_purges":2,"victory":false,"max_hp_per_floor":[75,80,80,80,80,80,80,80,80,80,80,80,80,80,80,80,80,80,80,80,80,80,80,80,80,80,80,80,80],"card_choices":[{"not_picked":["Stack","Sunder"],"picked":"Streamline","floor":1},{"not_picked":["Steam","Barrage"],"picked":"Leap","floor":4},{"not_picked":["Steam","Barrage"],"picked":"Streamline","floor":5},{"not_picked":["Hologram","Chill"],"picked":"Glacier","floor":7},{"not_picked":["Aggregate","Self Repair"],"picked":"Cold Snap+1","floor":12},{"not_picked":["Hologram","Steam Power"],"picked":"Consume","floor":14},{"not_picked":["Streamline+1","Barrage+1"],"picked":"Ball Lightning+1","floor":18},{"not_picked":["Go for the Eyes+1","Beam Cell+1"],"picked":"Cold Snap+1","floor":27}],"player_experience":692778,"relics_obtained":[{"floor":7,"key":"Mercury Hourglass"},{"floor":9,"key":"Molten Egg 2"},{"floor":12,"key":"Nunchaku"},{"floor":26,"key":"Meat on the Bone"},{"floor":27,"key":"Blue Candle"},{"floor":27,"key":"Mummified Hand"}],"event_choices":[{"damage_healed":0,"gold_gain":0,"player_choice":"Got Potions","damage_taken":0,"max_hp_gain":0,"max_hp_loss":0,"event_name":"The Lab","floor":2,"gold_loss":0},{"cards_removed":["Strike_B"],"damage_healed":0,"gold_gain":0,"player_choice":"Card Removal","damage_taken":7,"max_hp_gain":0,"max_hp_loss":0,"event_name":"Golden Wing","floor":8,"gold_loss":0},{"damage_healed":0,"gold_gain":0,"player_choice":"Box","damage_taken":0,"relics_obtained":["Happy Flower"],"max_hp_gain":0,"max_hp_loss":0,"event_name":"Big Fish","floor":11,"gold_loss":0,"cards_obtained":["Regret"]},{"damage_healed":26,"gold_gain":0,"player_choice":"Heal","damage_taken":0,"max_hp_gain":0,"max_hp_loss":0,"event_name":"The Library","floor":19,"gold_loss":0},{"cards_removed":["Strike_B"],"damage_healed":0,"gold_gain":0,"player_choice":"Elegance","damage_taken":0,"max_hp_gain":0,"max_hp_loss":0,"event_name":"Back to Basics","floor":24,"gold_loss":0},{"damage_healed":0,"gold_gain":0,"player_choice":"Paid Fearfully","damage_taken":0,"max_hp_gain":0,"max_hp_loss":0,"event_name":"Masked Bandits","floor":28,"gold_loss":58}],"is_beta":false,"boss_relics":[{"not_picked":["Velvet Choker","Eternal Feather"],"picked":"Black Star"}],"items_purged_floors":[3,20],"is_endless":false,"potions_floor_spawned":[5,7,16],"killed_by":"Book of Stabbing","ascension_level":10}