{"gold_per_floor":[118,135,135,158,171,171,215,234,257,257,92,92,126,151,163,175],"floor_reached":16,"playtime":629,"items_purged":[],"score":213,"play_id":"edf021d1-1652-47f6-b4ec-e07acf1e741b","local_time":"20181228100438","is_ascension_mode":true,"campfire_choices":[{"data":"True Grit","floor":6,"key":"SMITH"},{"data":"Whirlwind","floor":10,"key":"SMITH"},{"data":"Burning Pact","floor":12,"key":"SMITH"},{"floor":15,"key":"REST"}],"neow_cost":"NONE","seed_source_timestamp":612093791827054,"circlet_count":0,"master_deck":["AscendersBane","Strike_R","Strike_R","Strike_R","Strike_R","Strike_R","Defend_R","Defend_R","Defend_R","Defend_R","Bash","Forethought","Power Through","Whirlwind+1","Carnage","True Grit+1","Burning Pact+1","Clothesline","Uppercut","Shrug It Off"],"relics":["Burning Blood","Golden Idol","Happy Flower","Juzu Bracelet","Lantern","MawBank"],"potions_floor_usage":[7],"damage_taken":[{"damage":5,"enemies":"2 Louse","floor":1,"turns":4},{"damage":11,"enemies":"Jaw Worm","floor":2,"turns":5},{"damage":6,"enemies":"Cultist","floor":4,"turns":4},{"damage":17,"enemies":"Looter","floor":5,"turns":3},{"damage":21,"enemies":"Gremlin Nob","floor":7,"turns":4},{"damage":5,"enemies":"Red Slaver","floor":8,"turns":4},{"damage":35,"enemies":"Lagavulin","floor":13,"turns":7},{"damage":0,"enemies":"2 Fungi Beasts","floor":14,"turns":2},{"damage":37,"enemies":"Hexaghost","floor":16,"turns":11}],"seed_played":"2603744691860007907","potions_obtained":[{"floor":2,"key":"AttackPotion"},{"floor":4,"key":"Dexterity Potion"},{"floor":13,"key":"EntropicBrew"}],"is_trial":false,"path_per_floor":["M","M","?","M","M","R","E","M","T","R","$","R","E","M","R","B"],"character_chosen":"IRONCLAD","items_purchased":["Lantern"],"campfire_rested":1,"item_purchase_floors":[11],"current_hp_per_floor":[69,64,64,64,53,53,38,39,39,39,39,39,10,16,36,0],"gold":175,"neow_bonus":"RANDOM_COLORLESS","is_prod":false,"is_daily":false,"chose_seed":false,"campfire_upgraded":3,"win_rate":0,"timestamp":1546020278,"path_taken":["M","M","?","M","M","R","E","M","T","R","$","R","E","M","R","BOSS"],"build_version":"2018-12-20","purchased_purges":0,"victory":false,"max_hp_per_floor":[75,75,68,68,68,68,68,68,68,68,68,68,68,68,68,68],"card_choices":[{"not_picked":["Bloodletting","Blood for Blood"],"picked":"Power Through","floor":1},{"not_picked":["Cleave","Sentinel"],"picked":"Whirlwind","floor":2},{"not_picked":["Shrug It Off","Warcry"],"picked":"Carnage","floor":4},{"not_picked":["Intimidate","Twin Strike"],"picked":"True Grit","floor":5},{"not_picked":["Twin Strike","Anger"],"picked":"Burning Pact","floor":7},{"not_picked":["Power Through","Anger"],"picked":"Clothesline","floor":8},{"not_picked":["Heavy Blade","Pommel Strike"],"picked":"Uppercut","floor":13},{"not_picked":["Hemokinesis","Intimidate"],"picked":"Shrug It Off","floor":14}],"player_experience":1619859,"relics_obtained":[{"floor":7,"key":"Happy Flower"},{"floor":9,"key":"Juzu Bracelet"},{"floor":13,"key":"MawBank"}],"event_choices":[{"damage_healed":0,"gold_gain":0,"player_choice":"Lose Max HP","damage_taken":0,"relics_obtained":["Golden Idol"],"max_hp_gain":0,"max_hp_loss":7,"event_name":"Golden Idol","floor":3,"gold_loss":0}],"is_beta":false,"boss_relics":[],"items_purged_floors":[],"is_endless":false,"potions_floor_spawned":[2,4,13,14],"killed_by":"Hexaghost","ascension_level":18}