{"gold_per_floor":[117,117,134,149,159,192,192,204,204,219,239,257,103,116,116,190,190,190,105,120,140,140,140,140,155,201,215,215,215,215,235,235,306,306,320,371,389,402,414,414,426,426,426,267,267,267,267,286,286,286],"floor_reached":51,"playtime":4162,"items_purged":["Strike_B","Defend_B"],"score":1173,"play_id":"e86674af-0e33-4340-9b1b-27b78ffeb634","local_time":"20181009021800","is_ascension_mode":true,"campfire_choices":[{"data":"Creative AI","floor":7,"key":"SMITH"},{"floor":15,"key":"REST"},{"data":"Echo Form","floor":23,"key":"SMITH"},{"floor":30,"key":"REST"},{"floor":32,"key":"REST"},{"floor":40,"key":"REST"},{"data":"Deep Breath","floor":47,"key":"SMITH"},{"floor":49,"key":"REST"}],"neow_cost":"NONE","seed_source_timestamp":236480630402496,"circlet_count":0,"master_deck":["Zap","Dualcast","AscendersBane","Go for the Eyes","Sweeping Beam","Glacier","Conserve Battery","Creative AI+1","Sunder","Coolheaded","Echo Form+1","Glacier","Meteor Strike","Leap+1","Glacier","Aggregate","Seek","Conserve Battery+1","Flash of Steel","Deep Breath+1","Finesse"],"relics":["Cracked Core","Ice Cream","Happy Flower","Singing Bowl","Velvet Choker","Pocketwatch","DataDisk","Empty Cage","Emotion Chip","Prayer Wheel","Dodecahedron"],"potions_floor_usage":[6,10,12,18,21,24,27,31,37,39,50,50],"damage_taken":[{"damage":4,"enemies":"Small Slimes","floor":1,"turns":3},{"damage":2,"enemies":"Jaw Worm","floor":3,"turns":3},{"damage":0,"enemies":"Cultist","floor":4,"turns":3},{"damage":7,"enemies":"Exordium Wildlife","floor":5,"turns":5},{"damage":0,"enemies":"Lagavulin","floor":6,"turns":10},{"damage":9,"enemies":"Large Slime","floor":8,"turns":6},{"damage":18,"enemies":"Gremlin Gang","floor":10,"turns":4},{"damage":9,"enemies":"Exordium Thugs","floor":11,"turns":5},{"damage":9,"enemies":"3 Louse","floor":12,"turns":3},{"damage":0,"enemies":"Large Slime","floor":14,"turns":5},{"damage":10,"enemies":"Slime Boss","floor":16,"turns":15},{"damage":0,"enemies":"Spheric Guardian","floor":18,"turns":1},{"damage":19,"enemies":"3 Byrds","floor":20,"turns":7},{"damage":17,"enemies":"3 Cultists","floor":21,"turns":6},{"damage":0,"enemies":"Snake Plant","floor":24,"turns":1},{"damage":3,"enemies":"Centurion and Healer","floor":25,"turns":11},{"damage":10,"enemies":"3 Cultists","floor":27,"turns":5},{"damage":8,"enemies":"Snake Plant","floor":31,"turns":5},{"damage":7,"enemies":"Automaton","floor":33,"turns":18},{"damage":3,"enemies":"Orb Walker","floor":35,"turns":8},{"damage":15,"enemies":"Mysterious Sphere","floor":36,"turns":8},{"damage":3,"enemies":"3 Shapes","floor":37,"turns":9},{"damage":34,"enemies":"Transient","floor":38,"turns":6},{"damage":5,"enemies":"3 Darklings","floor":39,"turns":8},{"damage":4,"enemies":"4 Shapes","floor":41,"turns":6},{"damage":0,"enemies":"Mind Bloom Boss Battle","floor":42,"turns":12},{"damage":56,"enemies":"Reptomancer","floor":48,"turns":16},{"damage":49,"enemies":"Awakened One","floor":50,"turns":42}],"seed_played":"-618644363201952089","potions_obtained":[{"floor":1,"key":"FocusPotion"},{"floor":3,"key":"EntropicBrew"},{"floor":6,"key":"PowerPotion"},{"floor":10,"key":"SkillPotion"},{"floor":12,"key":"SmokeBomb"},{"floor":25,"key":"AttackPotion"},{"floor":33,"key":"SpeedPotion"},{"floor":35,"key":"EssenceOfSteel"},{"floor":37,"key":"Dexterity Potion"}],"is_trial":false,"path_per_floor":["M","?","M","M","M","E","R","M","T","M","M","M","$","M","R","B",null,"M","?","M","M","?","R","M","M","T","M","?","?","R","M","R","B",null,"M","?","M","M","M","R","M","?","T","$","?","?","R","M","R","B"],"character_chosen":"DEFECT","items_purchased":["Glacier","Dexterity Potion"],"campfire_rested":5,"item_purchase_floors":[13,44],"current_hp_per_floor":[60,55,53,53,46,46,46,37,37,19,12,3,3,5,27,17,61,61,61,44,27,27,27,27,26,26,18,18,18,42,36,60,55,78,77,62,61,29,26,53,51,53,53,53,43,80,80,28,53,4],"gold":286,"neow_bonus":"REMOVE_CARD","is_prod":false,"is_daily":false,"chose_seed":false,"campfire_upgraded":3,"win_rate":0,"timestamp":1539076680,"path_taken":["M","?","M","M","M","E","R","M","T","M","M","?","$","M","R","BOSS","M","?","M","M","?","R","M","M","T","M","?","?","R","M","R","BOSS","M","?","M","M","M","R","M","?","T","$","?","?","R","M","R","BOSS"],"build_version":"2018-10-08","purchased_purges":2,"victory":true,"max_hp_per_floor":[71,71,71,71,71,71,71,71,71,71,73,73,73,75,75,75,75,75,75,77,77,77,77,77,79,79,81,81,81,81,83,83,85,85,87,87,89,91,93,93,95,97,97,97,97,80,80,84,84,84],"card_choices":[{"not_picked":["Steam","Streamline"],"picked":"Go for the Eyes","floor":1},{"not_picked":["Barrage","Turbo"],"picked":"Sweeping Beam","floor":3},{"not_picked":["Doom and Gloom","Reinforced Body"],"picked":"Glacier","floor":4},{"not_picked":["Reprogram","Stack"],"picked":"Conserve Battery","floor":5},{"not_picked":["Hologram","Darkness"],"picked":"Creative AI","floor":6},{"not_picked":["Streamline","Redo"],"picked":"Sunder","floor":8},{"not_picked":["Stack","Aggregate"],"picked":"Coolheaded","floor":10},{"not_picked":["Steam","Static Discharge","Coolheaded"],"picked":"Singing Bowl","floor":11},{"not_picked":["Consume","Go for the Eyes"],"picked":"Echo Form","floor":12},{"not_picked":["Coolheaded","Blizzard","Fusion"],"picked":"Singing Bowl","floor":14},{"not_picked":["Rainbow","Hyperbeam"],"picked":"Meteor Strike","floor":16},{"not_picked":["Hologram","Stack","Beam Cell"],"picked":"Singing Bowl","floor":20},{"not_picked":["Sweeping Beam","Sunder"],"picked":"Leap+1","floor":21},{"not_picked":["Double Energy","Compile Driver","Turbo"],"picked":"Singing Bowl","floor":25},{"not_picked":["Echo Form","Steam Power","White Noise"],"picked":"Singing Bowl","floor":27},{"not_picked":["Steam","Sunder+1","Rebound"],"picked":"Singing Bowl","floor":31},{"not_picked":["All For One","Biased Cognition","Meteor Strike"],"picked":"Singing Bowl","floor":33},{"not_picked":["Aggregate","Gash","Ball Lightning+1"],"picked":"Singing Bowl","floor":35},{"not_picked":["Doom and Gloom","Gash"],"picked":"Conserve Battery+1","floor":36},{"not_picked":["Heatsinks+1","Aggregate","Reinforced Body"],"picked":"Singing Bowl","floor":37},{"not_picked":["Rip and Tear","Turbo+1","Streamline+1"],"picked":"Singing Bowl","floor":38},{"not_picked":["Lockon","Capacitor","Conserve Battery+1"],"picked":"Singing Bowl","floor":39},{"not_picked":["Turbo","Redo","Machine Learning"],"picked":"Singing Bowl","floor":41},{"not_picked":["Compile Driver","Recycle","FTL"],"picked":"Singing Bowl","floor":42},{"not_picked":["Blind","Metamorphosis"],"picked":"Flash of Steel","floor":45},{"not_picked":["Good Instincts","Dramatic Entrance"],"picked":"Deep Breath","floor":45},{"not_picked":["Impatience","Jack Of All Trades"],"picked":"Finesse","floor":45},{"not_picked":["Rebound","Beam Cell","Stack+1"],"picked":"Singing Bowl","floor":48},{"not_picked":["Coolheaded","Leap","Gash+1"],"picked":"Singing Bowl","floor":48}],"player_experience":871277,"relics_obtained":[{"floor":6,"key":"Happy Flower"},{"floor":9,"key":"Singing Bowl"},{"floor":26,"key":"DataDisk"},{"floor":36,"key":"Emotion Chip"},{"floor":42,"key":"Prayer Wheel"},{"floor":43,"key":"Dodecahedron"}],"event_choices":[{"event_name":"Scrap Ooze","player_choice":"success","floor":2,"damage_taken":5},{"event_name":"Addict","player_choice":"Obtained Relic","floor":19,"damage_taken":0},{"event_name":"Duplicator","player_choice":"One dupe","floor":22,"damage_taken":0},{"event_name":"Drug Dealer","player_choice":"Became Test Subject","floor":28,"damage_taken":0},{"event_name":"Purifier","player_choice":"One Purge","floor":29,"damage_taken":0},{"event_name":"Mysterious Sphere","player_choice":"Fight","floor":36,"damage_taken":0},{"event_name":"MindBloom","player_choice":"Fight","floor":42,"damage_taken":0},{"event_name":"SensoryStone","player_choice":"Memory 3","floor":45,"damage_taken":0},{"event_name":"The Moai Head","player_choice":"Heal","floor":46,"damage_taken":0}],"is_beta":true,"boss_relics":[{"not_picked":["Pandora\u0027s Box","Astrolabe"],"picked":"Velvet Choker"},{"not_picked":["Calling Bell","Philosopher\u0027s Stone"],"picked":"Empty Cage"}],"items_purged_floors":[13,44],"is_endless":false,"potions_floor_spawned":[1,3,6,10,12,14,18,24,25,33,35,37,38],"ascension_level":17}