{"gold_per_floor":[110,129,129,304,156,156,182,182,182,182,201,234,234,269,269,269],"floor_reached":16,"playtime":499,"items_purged":["Regret"],"score":122,"play_id":"59c18257-f9d9-43ea-9801-57d5d0e25d40","local_time":"20190108203125","is_ascension_mode":true,"campfire_choices":[{"data":"Fusion","floor":6,"key":"SMITH"},{"floor":8,"key":"REST"},{"data":"Zap","floor":10,"key":"SMITH"},{"data":"Meteor Strike","floor":15,"key":"SMITH"}],"neow_cost":"NONE","seed_source_timestamp":83568009041020,"circlet_count":0,"master_deck":["Strike_B","Strike_B","Strike_B","Strike_B","Defend_B","Defend_B","Defend_B","Defend_B","Zap+1","Dualcast","Meteor Strike+1","Conserve Battery","Doubt","Fusion+1","Electrodynamics"],"relics":["Cracked Core","Cables","Meat on the Bone","Mummified Hand","Bronze Scales","Juzu Bracelet","Emotion Chip"],"potions_floor_usage":[12],"damage_taken":[{"damage":4,"enemies":"2 Louse","floor":1,"turns":2},{"damage":0,"enemies":"Jaw Worm","floor":2,"turns":4},{"damage":54,"enemies":"Lagavulin","floor":7,"turns":9},{"damage":0,"enemies":"Cultist","floor":11,"turns":3},{"damage":14,"enemies":"Gremlin Nob","floor":12,"turns":4},{"damage":4,"enemies":"3 Sentries","floor":14,"turns":2},{"damage":36,"enemies":"The Guardian","floor":16,"turns":6}],"seed_played":"-3119265785754614438","potions_obtained":[{"floor":11,"key":"Weak Potion"}],"is_trial":false,"path_per_floor":["M","M","?","?","$","R","E","R","T","R","M","E","?","E","R","B"],"character_chosen":"DEFECT","items_purchased":["Fusion"],"campfire_rested":1,"item_purchase_floors":[5],"current_hp_per_floor":[71,71,71,71,71,71,17,39,39,39,39,37,34,42,42,6],"gold":269,"neow_bonus":"ONE_RANDOM_RARE_CARD","is_prod":false,"is_daily":false,"chose_seed":false,"campfire_upgraded":3,"win_rate":0,"timestamp":1546939885,"path_taken":["M","M","?","?","$","R","E","R","T","R","M","E","?","E","R","BOSS"],"build_version":"2018-11-15","purchased_purges":1,"victory":false,"max_hp_per_floor":[75,75,75,75,75,75,75,75,75,75,75,75,75,75,75,75],"card_choices":[{"not_picked":["Compile Driver","Aggregate"],"picked":"Conserve Battery","floor":1},{"not_picked":["Stack","Hello World","Beam Cell"],"picked":"SKIP","floor":2},{"not_picked":["Genetic Algorithm","Streamline","Coolheaded"],"picked":"SKIP","floor":7},{"not_picked":["Steam","Barrage","Sweeping Beam"],"picked":"SKIP","floor":11},{"not_picked":["Steam","Barrage","Sweeping Beam"],"picked":"SKIP","floor":11},{"not_picked":["Blizzard","BootSequence"],"picked":"Electrodynamics","floor":12},{"not_picked":["Sweeping Beam","Chaos","Stack"],"picked":"SKIP","floor":14}],"player_experience":1053480,"relics_obtained":[{"floor":7,"key":"Meat on the Bone"},{"floor":9,"key":"Mummified Hand"},{"floor":12,"key":"Bronze Scales"},{"floor":14,"key":"Emotion Chip"}],"event_choices":[{"damage_healed":0,"gold_gain":0,"player_choice":"Box","damage_taken":0,"relics_obtained":["Cables"],"max_hp_gain":0,"max_hp_loss":0,"event_name":"Big Fish","floor":3,"gold_loss":0,"cards_obtained":["Regret"]},{"damage_healed":0,"gold_gain":175,"player_choice":"AGREE","damage_taken":0,"max_hp_gain":0,"max_hp_loss":0,"event_name":"Liars Game","floor":4,"gold_loss":0,"cards_obtained":["Doubt"]},{"damage_healed":0,"gold_gain":0,"player_choice":"Success","damage_taken":3,"relics_obtained":["Juzu Bracelet"],"max_hp_gain":0,"max_hp_loss":0,"event_name":"Scrap Ooze","floor":13,"gold_loss":0}],"is_beta":true,"boss_relics":[],"items_purged_floors":[5],"is_endless":false,"potions_floor_spawned":[11],"killed_by":"The Guardian","ascension_level":1}