{"gold_per_floor":[111,111,111,111,111,111,139,152,152,177,177,177,187,205,205,309,309,290,290,290,290,84,115,214,214,214,231,245,273,273,283,283,388,388,408,423,423,423,437,464,271,305,305,305,319,319,40,56,56,56],"floor_reached":51,"playtime":2446,"items_purged":[],"score":996,"play_id":"0768f356-4f3d-41e8-85d1-54f02aa170fb","local_time":"20190204203732","is_ascension_mode":true,"campfire_choices":[{"floor":6.0,"key":"REST"},{"floor":11.0,"key":"REST"},{"floor":15.0,"key":"REST"},{"floor":25.0,"key":"REST"},{"data":"Seeing Red","floor":32.0,"key":"SMITH"},{"floor":44.0,"key":"REST"},{"data":"Exhume","floor":46.0,"key":"SMITH"},{"data":"Heavy Blade","floor":49.0,"key":"SMITH"}],"neow_cost":"PERCENT_DAMAGE","seed_source_timestamp":0,"circlet_count":0,"master_deck":["Strike_R","Strike_R","Strike_R+1","Strike_R","Strike_R+1","Defend_R","Defend_R","Defend_R","Defend_R","Offering","Ghostly Armor","Rage","Seeing Red+1","Spot Weakness","Flex","Feed","Infernal Blade+1","Uppercut","Spot Weakness","Heavy Blade+1","Clash+1","Warcry+1","Bloodletting","Exhume+1","Inflame","Dropkick+1","Power Through+1","Ghostly Armor","Headbutt+1","Shrug It Off","Infernal Blade+1","Bloodletting","Heavy Blade+1","Pommel Strike+1"],"special_seed":0,"relics":["Burning Blood","Vajra","Torii","Question Card","Unceasing Top","Pear","Nunchaku","Runic Cube","Anchor","HandDrill","Whetstone","Happy Flower","Smiling Mask","Lizard Tail","FaceOfCleric","Bag of Preparation","Lee\u0027s Waffle","Self Forming Clay","Frozen Egg 2","DollysMirror"],"potions_floor_usage":[50,50],"damage_taken":[{"damage":18.0,"enemies":"Small Slimes","floor":1.0,"turns":3.0},{"damage":50.0,"enemies":"3 Sentries","floor":7.0,"turns":10.0},{"damage":7.0,"enemies":"Jaw Worm","floor":8.0,"turns":4.0},{"damage":7.0,"enemies":"Gremlin Nob","floor":10.0,"turns":4.0},{"damage":0.0,"enemies":"2 Louse","floor":13.0,"turns":3.0},{"damage":21.0,"enemies":"Exordium Thugs","floor":14.0,"turns":4.0},{"damage":27.0,"enemies":"The Guardian","floor":16.0,"turns":12.0},{"damage":18.0,"enemies":"2 Thieves","floor":18.0,"turns":4.0},{"damage":37.0,"enemies":"Gremlin Leader","floor":23.0,"turns":5.0},{"damage":1.0,"enemies":"Chosen","floor":27.0,"turns":4.0},{"damage":8.0,"enemies":"Centurion and Healer","floor":28.0,"turns":3.0},{"damage":23.0,"enemies":"Book of Stabbing","floor":29.0,"turns":4.0},{"damage":12.0,"enemies":"Shelled Parasite and Fungi","floor":31.0,"turns":3.0},{"damage":72.0,"enemies":"Champ","floor":33.0,"turns":10.0},{"damage":18.0,"enemies":"3 Shapes","floor":35.0,"turns":2.0},{"damage":10.0,"enemies":"Orb Walker","floor":36.0,"turns":3.0},{"damage":3.0,"enemies":"Jaw Worm Horde","floor":39.0,"turns":2.0},{"damage":23.0,"enemies":"Reptomancer","floor":40.0,"turns":4.0},{"damage":35.0,"enemies":"Nemesis","floor":42.0,"turns":7.0},{"damage":24.0,"enemies":"4 Shapes","floor":45.0,"turns":4.0},{"damage":18.0,"enemies":"3 Darklings","floor":48.0,"turns":4.0},{"damage":95,"enemies":"Awakened One","floor":50,"turns":11}],"seed_played":"8872890604778825000","potions_obtained":[{"floor":10.0,"key":"Ancient Potion"},{"floor":16.0,"key":"PowerPotion"},{"floor":18.0,"key":"SpeedPotion"},{"floor":23.0,"key":"SneckoOil"},{"floor":27.0,"key":"AttackPotion"},{"floor":33.0,"key":"Swift Potion"},{"floor":35.0,"key":"Dexterity Potion"},{"floor":39.0,"key":"FearPotion"},{"floor":45.0,"key":"SpeedPotion"}],"is_trial":false,"path_per_floor":["M","?","?","T","?","R","E","M","T","E","R","?","M","M","R","B",null,"M","?","$","?","$","E","?","R","T","M","M","E","?","M","R","B",null,"M","M","?","?","M","E","$","E","T","R","M","R","$","M","R","B",null],"character_chosen":"IRONCLAD","items_purchased":["HandDrill","Lee\u0027s Waffle","DollysMirror","Bloodletting","Heavy Blade"],"campfire_rested":5,"item_purchase_floors":[22,41,47,47,47],"current_hp_per_floor":[44,49,42,42,42,67,23,22,32,31,59,59,65,50,78,57,95,86,86,86,86,86,58,58,88,88,96,97,80,80,74,74,8,107,98,94,94,94,101,85,122,94,94,123,109,109,109,98,98,13],"gold":56,"neow_bonus":"THREE_RARE_CARDS","is_prod":false,"is_daily":false,"chose_seed":false,"campfire_upgraded":3,"win_rate":0,"timestamp":1549283852,"path_taken":["M","?","?","?","?","R","E","?","T","E","R","?","M","M","R","BOSS","M","?","?","?","$","E","?","R","T","?","?","E","?","M","R","BOSS","M","M","?","?","M","E","$","E","T","R","?","R","$","M","R","BOSS"],"build_version":"2019-01-23","purchased_purges":0,"victory":true,"max_hp_per_floor":[80,85,85,85,85,85,85,85,95,95,95,95,95,95,95,95,95,98,98,98,98,98,101,101,101,101,104,107,107,107,107,107,107,107,110,110,110,110,114,115,122,123,123,123,127,127,127,128,128,132],"card_choices":[{"not_picked":["Fiend Fire","Dark Embrace"],"picked":"Offering","floor":0.0},{"not_picked":["Warcry","Cleave"],"picked":"Flex","floor":1.0},{"not_picked":["Shockwave","Hemokinesis","Havoc"],"picked":"Ghostly Armor","floor":7.0},{"not_picked":["Thunderclap","Carnage","Clash"],"picked":"Rage","floor":8.0},{"not_picked":["Double Tap","Rupture","Uppercut"],"picked":"Seeing Red","floor":10.0},{"not_picked":["Fire Breathing","Dual Wield","Entrench"],"picked":"Spot Weakness","floor":13.0},{"not_picked":["Body Slam","Blood for Blood","Perfected Strike"],"picked":"Flex","floor":14.0},{"not_picked":["Dark Embrace","Demon Form","Brutality"],"picked":"Feed","floor":16.0},{"not_picked":["Feel No Pain+1","Warcry+1","Body Slam"],"picked":"Infernal Blade+1","floor":18.0},{"not_picked":["Dual Wield","Metallicize","Flex"],"picked":"Spot Weakness","floor":23.0},{"not_picked":["Sever Soul+1","Body Slam+1","Dropkick+1"],"picked":"Heavy Blade+1","floor":27.0},{"not_picked":["Perfected Strike","Twin Strike+1","Sentinel"],"picked":"Clash+1","floor":28.0},{"not_picked":["Ghostly Armor","Battle Trance","Searing Blow"],"picked":"Warcry+1","floor":29.0},{"not_picked":["Sword Boomerang","Disarm","Iron Wave"],"picked":"Bloodletting","floor":31.0},{"not_picked":["Offering","Limit Break","Reaper"],"picked":"Exhume","floor":33.0},{"not_picked":["Sword Boomerang+1","Anger+1","Havoc"],"picked":"Inflame","floor":35.0},{"not_picked":["Metallicize","Headbutt+1","Iron Wave"],"picked":"Dropkick+1","floor":36.0},{"not_picked":["Armaments+1","Sword Boomerang+1","Dual Wield+1"],"picked":"Power Through+1","floor":39.0},{"not_picked":["Entrench","Cleave","Offering"],"picked":"Ghostly Armor","floor":40.0},{"not_picked":["Clash","Shrug It Off","Perfected Strike"],"picked":"Headbutt+1","floor":42.0},{"not_picked":["Headbutt","Armaments","Evolve+1"],"picked":"Shrug It Off","floor":45.0},{"not_picked":["Clothesline+1","Clash","Twin Strike+1"],"picked":"Pommel Strike+1","floor":48.0}],"player_experience":62510,"relics_obtained":[{"floor":4.0,"key":"Torii"},{"floor":7.0,"key":"Unceasing Top"},{"floor":9.0,"key":"Pear"},{"floor":10.0,"key":"Nunchaku"},{"floor":19.0,"key":"Anchor"},{"floor":23.0,"key":"Whetstone"},{"floor":26.0,"key":"Happy Flower"},{"floor":29.0,"key":"Smiling Mask"},{"floor":40.0,"key":"Bag of Preparation"},{"floor":42.0,"key":"Self Forming Clay"},{"floor":43.0,"key":"Frozen Egg 2"}],"event_choices":[{"damage_healed":0.0,"max_hp_gain":5.0,"max_hp_loss":0.0,"gold_gain":0.0,"event_name":"Big Fish","player_choice":"Donut","floor":2.0,"gold_loss":0.0,"damage_taken":0.0},{"damage_healed":0.0,"max_hp_gain":0.0,"max_hp_loss":0.0,"gold_gain":0.0,"event_name":"Scrap Ooze","player_choice":"Success","floor":3.0,"gold_loss":0.0,"damage_taken":7.0,"relics_obtained":["Vajra"]},{"cards_removed":["Flex"],"damage_healed":0.0,"max_hp_gain":0.0,"max_hp_loss":0.0,"gold_gain":0.0,"event_name":"WeMeetAgain","player_choice":"Gave Card","floor":5.0,"gold_loss":0.0,"damage_taken":0.0,"relics_obtained":["Question Card"]},{"damage_healed":0.0,"max_hp_gain":0.0,"max_hp_loss":0.0,"gold_gain":0.0,"event_name":"Golden Wing","player_choice":"Ignored","floor":12.0,"gold_loss":0.0,"damage_taken":0.0},{"damage_healed":0.0,"max_hp_gain":0.0,"max_hp_loss":0.0,"gold_gain":0.0,"event_name":"Wheel of Change","player_choice":"Relic","floor":19.0,"gold_loss":0.0,"damage_taken":0.0},{"damage_healed":0.0,"max_hp_gain":0.0,"max_hp_loss":0.0,"gold_gain":0.0,"event_name":"The Library","player_choice":"Read","floor":21.0,"gold_loss":0.0,"damage_taken":0.0,"cards_obtained":["Uppercut"]},{"damage_healed":0.0,"max_hp_gain":0.0,"max_hp_loss":0.0,"gold_gain":99.0,"event_name":"Nest","player_choice":"Stole From Cult","floor":24.0,"gold_loss":0.0,"damage_taken":0.0},{"damage_healed":0.0,"max_hp_gain":0.0,"max_hp_loss":0.0,"gold_gain":0.0,"event_name":"Ghosts","player_choice":"Ignored","floor":30.0,"gold_loss":0.0,"damage_taken":0.0},{"cards_removed":["Bash"],"damage_healed":0.0,"max_hp_gain":0.0,"max_hp_loss":0.0,"gold_gain":0.0,"event_name":"Falling","player_choice":"Removed Attack","floor":37.0,"gold_loss":0.0,"damage_taken":0.0},{"damage_healed":0.0,"max_hp_gain":0.0,"max_hp_loss":0.0,"gold_gain":0.0,"event_name":"FaceTrader","player_choice":"Trade","floor":38.0,"gold_loss":0.0,"damage_taken":0.0,"relics_obtained":["FaceOfCleric"]}],"is_beta":false,"boss_relics":[{"not_picked":["Fusion Hammer","Ectoplasm"],"picked":"Runic Cube"},{"not_picked":["Coffee Dripper","Tiny House"],"picked":"Lizard Tail"}],"items_purged_floors":[],"is_endless":false,"potions_floor_spawned":[10,16,18,23,27,33,35,39,45],"ascension_level":4}