{"gold_per_floor":[115,128,303,303,322,322,341,341,341,132,132,132,151,167,167,297,297,312,312,312,4,25,25,25,0,0,13,13],"floor_reached":28,"playtime":1983,"items_purged":["Doubt","Writhe"],"score":333,"play_id":"a11fa4c5-611d-4ea1-ab4f-bee574754de3","local_time":"20180925145402","is_ascension_mode":true,"campfire_choices":[{"data":"Whirlwind","floor":6.0,"key":"SMITH"},{"data":"Rampage","floor":8.0,"key":"SMITH"},{"data":"Intimidate","floor":11.0,"key":"SMITH"},{"floor":15.0,"key":"REST"},{"floor":23.0,"key":"REST"}],"neow_cost":"NONE","seed_source_timestamp":0,"circlet_count":0,"master_deck":["Strike_R+1","Strike_R+1","Strike_R+1","Defend_R","Defend_R","Defend_R","Defend_R","Bash","AscendersBane","Rampage+1","Clothesline+1","Whirlwind+1","Spot Weakness","Headbutt","Intimidate+1","Metallicize","Inflame","Double Tap","Pummel","Pommel Strike+1"],"special_seed":0,"relics":["Eternal Feather","Golden Idol","Whetstone","Empty Cage","Enchiridion","Sundial","OrangePellets","Dodecahedron"],"potions_floor_usage":[27],"damage_taken":[{"damage":11.0,"enemies":"Small Slimes","floor":1.0,"turns":5.0},{"damage":13.0,"enemies":"Jaw Worm","floor":2.0,"turns":4.0},{"damage":6.0,"enemies":"2 Louse","floor":5.0,"turns":3.0},{"damage":17.0,"enemies":"Looter","floor":7.0,"turns":3.0},{"damage":10.0,"enemies":"Exordium Thugs","floor":13.0,"turns":3.0},{"damage":0.0,"enemies":"Large Slime","floor":14.0,"turns":4.0},{"damage":39.0,"enemies":"The Guardian","floor":16.0,"turns":11.0},{"damage":26.0,"enemies":"Shell Parasite","floor":18.0,"turns":6.0},{"damage":19.0,"enemies":"Spheric Guardian","floor":22.0,"turns":4.0},{"damage":36,"enemies":"3 Cultists","floor":27,"turns":5},{"damage":7,"enemies":"Centurion and Healer","floor":28,"turns":1}],"seed_played":"54422203556940565","potions_obtained":[{"floor":7.0,"key":"Dexterity Potion"},{"floor":13.0,"key":"Dexterity Potion"},{"floor":16.0,"key":"Explosive Potion"},{"floor":18.0,"key":"BloodPotion"},{"floor":22.0,"key":"SpeedPotion"}],"is_trial":false,"path_per_floor":["M","M","?","?","M","R","M","R","T","$","R","?","M","M","R","B",null,"M","?","?","$","M","R","$","?","T","M"],"character_chosen":"IRONCLAD","items_purchased":["Headbutt","Intimidate","OrangePellets"],"campfire_rested":2,"item_purchase_floors":[10,10,21],"current_hp_per_floor":[61,48,48,48,42,51,34,43,43,43,52,37,27,27,58,19,60,34,18,18,18,6,40,40,40,40,4,0],"gold":13,"neow_bonus":"BOSS_RELIC","is_prod":false,"is_daily":false,"chose_seed":false,"campfire_upgraded":3,"win_rate":0,"timestamp":1537912442,"path_taken":["M","M","?","?","?","R","M","R","T","$","R","?","M","M","R","BOSS","M","?","?","$","M","R","?","?","T","M","M"],"build_version":"2018-09-20","purchased_purges":2,"victory":false,"max_hp_per_floor":[80,80,80,74,74,74,74,74,74,74,74,74,74,74,74,74,74,74,74,74,74,74,74,74,74,74,74,74],"card_choices":[{"not_picked":["Anger","Pommel Strike"],"picked":"Rampage","floor":1.0},{"not_picked":["Havoc","Pommel Strike"],"picked":"Clothesline","floor":2.0},{"not_picked":["Wild Strike","True Grit"],"picked":"Whirlwind","floor":5.0},{"not_picked":["Thunderclap","Havoc"],"picked":"Spot Weakness","floor":7.0},{"not_picked":["Warcry","Searing Blow"],"picked":"Metallicize","floor":13.0},{"not_picked":["Heavy Blade","Clash"],"picked":"Inflame","floor":14.0},{"not_picked":["Offering","Barricade"],"picked":"Double Tap","floor":16.0},{"not_picked":["Twin Strike","Clothesline"],"picked":"Pummel","floor":18.0},{"not_picked":["Combust","Body Slam+1"],"picked":"Pommel Strike+1","floor":22.0},{"not_picked":["Spot Weakness+1","Cleave","Reckless Charge+1"],"picked":"SKIP","floor":27}],"player_experience":1078272,"relics_obtained":[{"floor":9.0,"key":"Whetstone"},{"floor":19.0,"key":"Enchiridion"},{"floor":26,"key":"Dodecahedron"}],"event_choices":[{"event_name":"Liars Game","player_choice":"agreed","floor":3.0,"damage_taken":0.0},{"event_name":"Golden Idol","player_choice":"Lose Max HP","floor":4.0,"damage_taken":0.0},{"event_name":"Shining Light","player_choice":"Entered Light","floor":12.0,"damage_taken":0.0},{"event_name":"Cursed Tome","player_choice":"Obtained Book","floor":19.0,"damage_taken":0.0},{"event_name":"The Mausoleum","player_choice":"Yes","floor":20.0,"damage_taken":0.0},{"event_name":"Masked Bandits","player_choice":"Paid Fearfully","floor":25,"damage_taken":0}],"is_beta":false,"boss_relics":[{"not_picked":["Orrery","Sozu"],"picked":"Empty Cage"}],"items_purged_floors":[10,21],"is_endless":false,"potions_floor_spawned":[7,13,16,18,22],"killed_by":"Centurion and Healer","ascension_level":12}