{"gold_per_floor":[119,44,44,54,54,54,83,83,83,83,115,115,128,92,92,192,192,205,304,304,319,332,332,363,381,426,426,17,17,36,53,53,157,157,174,74,0,16,32,63,83,99,99,113,123,49,79,91,91,91],"floor_reached":50,"playtime":4275,"items_purged":["Strike_B","Writhe"],"score":695,"play_id":"d686decd-039a-410b-8dfc-2456411cffe8","local_time":"20180705104811","is_ascension_mode":true,"campfire_choices":[{"data":"Cold Snap","floor":6,"key":"SMITH"},{"data":"Glacier","floor":8,"key":"SMITH"},{"data":"Conserve Battery","floor":10,"key":"SMITH"},{"data":"Creative AI","floor":15,"key":"SMITH"},{"data":"Storm","floor":23,"key":"SMITH"},{"floor":27,"key":"REST"},{"floor":32,"key":"REST"},{"floor":49,"key":"REST"}],"neow_cost":"NONE","seed_source_timestamp":648960696002858,"circlet_count":0,"master_deck":["Defend_B","Defend_B","Defend_B","Defend_B","Zap+1","Dualcast","Conserve Battery+1","Stack","Cold Snap+1","Glacier+1","Ball Lightning","Creative AI+1","Storm+1","Seek","Hyperbeam","Defragment","Ball Lightning","Defragment+1","Capacitor","Magnetism","Coolheaded+1","Seek","Defragment+1","Self Repair+1","Consume+1","Storm+1","Undo+1","Writhe","Capacitor","Creative AI","Conserve Battery+1","BootSequence+1"],"relics":["Cracked Core","Bag of Marbles","Gremlin Horn","Art of War","Cursed Key","Cables","Dream Catcher","Medical Kit","Fusion Hammer","Red Mask","Torii","Darkstone Periapt","Potion Belt"],"potions_floor_usage":[7,16,29,30,33,33,40,41,44,47,50],"damage_taken":[{"damage":1,"enemies":"Cultist","floor":1,"turns":3},{"damage":2,"enemies":"Jaw Worm","floor":4,"turns":3},{"damage":10,"enemies":"Gremlin Nob","floor":7,"turns":4},{"damage":0,"enemies":"3 Sentries","floor":11,"turns":13},{"damage":0,"enemies":"2 Louse","floor":13,"turns":1},{"damage":10,"enemies":"The Guardian","floor":16,"turns":8},{"damage":3,"enemies":"Spheric Guardian","floor":18,"turns":4},{"damage":3,"enemies":"2 Thieves","floor":21,"turns":4},{"damage":9,"enemies":"Chosen and Byrds","floor":22,"turns":6},{"damage":32,"enemies":"Book of Stabbing","floor":24,"turns":5},{"damage":3,"enemies":"3 Cultists","floor":25,"turns":3},{"damage":0,"enemies":"Slavers","floor":29,"turns":1},{"damage":30,"enemies":"Slaver and Parasite","floor":30,"turns":4},{"damage":0,"enemies":"Centurion and Healer","floor":31,"turns":5},{"damage":35,"enemies":"Automaton","floor":33,"turns":7},{"damage":2,"enemies":"3 Shapes","floor":35,"turns":3},{"damage":5,"enemies":"Orb Walker","floor":38,"turns":4},{"damage":0,"enemies":"3 Darklings","floor":39,"turns":4},{"damage":34,"enemies":"2 Orb Walkers","floor":40,"turns":5},{"damage":1,"enemies":"4 Shapes","floor":41,"turns":2},{"damage":0,"enemies":"Sphere and 2 Shapes","floor":42,"turns":2},{"damage":29,"enemies":"3 Darklings","floor":44,"turns":3},{"damage":24,"enemies":"Maw","floor":45,"turns":5},{"damage":8,"enemies":"Giant Head","floor":47,"turns":6},{"damage":6,"enemies":"4 Shapes","floor":48,"turns":3},{"damage":39,"enemies":"Awakened One","floor":50,"turns":5}],"seed_played":"8215090924779177780","potions_obtained":[{"floor":4,"key":"GamblersBrew"},{"floor":13,"key":"Fire Potion"},{"floor":21,"key":"Explosive Potion"},{"floor":24,"key":"SmokeBomb"},{"floor":25,"key":"PowerPotion"},{"floor":31,"key":"Swift Potion"},{"floor":38,"key":"LiquidBronze"},{"floor":39,"key":"Swift Potion"},{"floor":40,"key":"PowerPotion"},{"floor":41,"key":"Explosive Potion"},{"floor":45,"key":"AttackPotion"}],"is_trial":false,"path_per_floor":["M","$","?","M","$","R","E","R","T","R","E","?","M","$","R","B",null,"M","?","?","M","M","R","E","M","T","R","$","E","M","M","R","B",null,"M","$","?","M","M","E","M","M","T","M","M","$","E","M","R"],"character_chosen":"DEFECT","items_purchased":["Storm","Magnetism","Medical Kit","Capacitor"],"campfire_rested":3,"item_purchase_floors":[14,28,28,46],"current_hp_per_floor":[74,74,74,72,72,72,62,62,62,62,62,62,62,62,62,52,75,72,72,72,69,60,60,28,25,25,47,47,47,17,17,39,4,75,73,73,73,68,75,41,40,50,56,27,13,13,15,9,33,0],"gold":91,"neow_bonus":"UPGRADE_CARD","is_prod":false,"is_daily":false,"chose_seed":false,"campfire_upgraded":5,"win_rate":0,"timestamp":1530751691,"path_taken":["M","$","?","M","$","R","E","R","T","R","E","?","?","$","R","BOSS","M","?","?","M","?","R","E","?","T","R","$","E","M","M","R","BOSS","M","$","?","M","M","E","?","M","T","M","M","$","E","M","R","BOSS"],"build_version":"2018-06-28","purchased_purges":2,"victory":false,"max_hp_per_floor":[75,75,75,75,75,75,75,75,75,75,75,75,75,75,75,75,75,75,75,75,75,75,75,75,75,75,75,75,75,75,75,75,75,75,75,75,75,75,75,75,75,75,81,81,81,81,81,81,81,81],"card_choices":[{"not_picked":["Compile Driver","Streamline"],"picked":"Conserve Battery","floor":1},{"not_picked":["Streamline","Compile Driver"],"picked":"Cold Snap","floor":4},{"not_picked":["Barrage","Stack"],"picked":"Glacier","floor":7},{"not_picked":["Beam Cell","Reprogram"],"picked":"Ball Lightning","floor":11},{"not_picked":["Go for the Eyes","Compile Driver"],"picked":"Creative AI","floor":13},{"not_picked":["Reboot","Multi-Cast"],"picked":"Seek","floor":16},{"not_picked":["Skim","Reprogram+1","Streamline"],"picked":"SKIP","floor":18},{"not_picked":["Sweeping Beam","Steam+1"],"picked":"Defragment","floor":21},{"not_picked":["Chill","Tempest"],"picked":"Ball Lightning","floor":22},{"not_picked":["Melter","Rebound"],"picked":"Defragment+1","floor":24},{"not_picked":["Rebound","Sunder","Turbo"],"picked":"SKIP","floor":25},{"not_picked":["Streamline+1","Chaos"],"picked":"Capacitor","floor":27},{"not_picked":["Lockon","Steam"],"picked":"Coolheaded+1","floor":30},{"not_picked":["Coolheaded","Melter","Redo+1"],"picked":"SKIP","floor":31},{"not_picked":["Multi-Cast","Meteor Strike"],"picked":"Seek","floor":33},{"not_picked":["Stack","Ball Lightning+1"],"picked":"Defragment+1","floor":35},{"not_picked":["Ball Lightning","Go for the Eyes+1"],"picked":"Self Repair+1","floor":38},{"not_picked":["Doom and Gloom","Ball Lightning+1","Coolheaded"],"picked":"SKIP","floor":39},{"not_picked":["Lockon","Capacitor"],"picked":"Consume+1","floor":40},{"not_picked":["Leap+1","Turbo"],"picked":"Storm+1","floor":41},{"not_picked":["Cold Snap","Recycle+1"],"picked":"Undo+1","floor":42},{"not_picked":["Beam Cell","Hello World","Go for the Eyes+1"],"picked":"SKIP","floor":44},{"not_picked":["Ball Lightning+1","Compile Driver","Cold Snap"],"picked":"SKIP","floor":45},{"not_picked":["Compile Driver","Loop"],"picked":"Creative AI","floor":47},{"not_picked":["Steam","Turbo+1"],"picked":"Conserve Battery+1","floor":48},{"not_picked":["Gash+1","Leap"],"picked":"BootSequence+1","floor":49}],"player_experience":500134,"relics_obtained":[{"floor":7,"key":"Bag of Marbles"},{"floor":9,"key":"Gremlin Horn"},{"floor":11,"key":"Art of War"},{"floor":24,"key":"Cables"},{"floor":26,"key":"Dream Catcher"},{"floor":40,"key":"Torii"},{"floor":43,"key":"Darkstone Periapt"},{"floor":47,"key":"Potion Belt"}],"event_choices":[{"event_name":"Transmorgrifier","player_choice":"Transform","floor":3,"damage_taken":0},{"event_name":"Living Wall","player_choice":"Forget","floor":12,"damage_taken":0},{"event_name":"Nest","player_choice":"Stole From Cult","floor":19,"damage_taken":0},{"event_name":"Transmorgrifier","player_choice":"Transform","floor":20,"damage_taken":0},{"event_name":"Tomb of Lord Red Mask","player_choice":"Paid","floor":37,"damage_taken":0}],"boss_relics":[{"not_picked":["Calling Bell","Coffee Dripper"],"picked":"Cursed Key"},{"not_picked":["Snecko Eye","Runic Dome"],"picked":"Fusion Hammer"}],"items_purged_floors":[2,36],"is_endless":false,"potions_floor_spawned":[4,13,21,24,25,31,38,39,40,41,45],"killed_by":"Awakened One","ascension_level":3}