{"gold_per_floor":[114,64,239,251,12,41,51,84,84,84,84,12,25,45,45,171,171,186,69,85,85,30,30,30,30,30,30,50,50],"floor_reached":29,"playtime":1100,"items_purged":["Doubt","Injury"],"score":231,"play_id":"54bb0885-a383-4c3e-b5cf-fbce7762d39f","local_time":"20180829000628","is_ascension_mode":false,"campfire_choices":[{"floor":11,"key":"REST"},{"data":"Neutralize","floor":15,"key":"SMITH"},{"floor":23,"key":"REST"},{"floor":25,"key":"REST"}],"neow_cost":"NONE","seed_source_timestamp":1980053026059,"circlet_count":0,"master_deck":["Defend_G","Defend_G","Defend_G","Strike_G","Strike_G","Strike_G","Strike_G","Strike_G","Survivor","Neutralize+1","Sucker Punch","Infinite Blades","Dagger Spray","Accuracy","Escape Plan","Dagger Throw","Escape Plan","Crippling Poison","Footwork","Terror","Deflect","Corpse Explosion","Cloak And Dagger","Accuracy","Cloak And Dagger+1","Poisoned Stab+1"],"relics":["Ring of the Snake","Smiling Mask","Juzu Bracelet","Kunai","Golden Idol","Black Star","Nilry\u0027s Codex","Tiny Chest","Mercury Hourglass"],"potions_floor_usage":[6,8,16,28],"damage_taken":[{"damage":0,"enemies":"Cultist","floor":1,"turns":4},{"damage":0,"enemies":"Small Slimes","floor":4,"turns":5},{"damage":17,"enemies":"Gremlin Nob","floor":6,"turns":5},{"damage":0,"enemies":"Jaw Worm","floor":7,"turns":3},{"damage":9,"enemies":"3 Sentries","floor":8,"turns":8},{"damage":1,"enemies":"2 Fungi Beasts","floor":13,"turns":4},{"damage":3,"enemies":"Looter","floor":14,"turns":3},{"damage":28,"enemies":"Slime Boss","floor":16,"turns":8},{"damage":30,"enemies":"Spheric Guardian","floor":18,"turns":7},{"damage":17,"enemies":"Chosen","floor":20,"turns":7},{"damage":16,"enemies":"Shelled Parasite and Fungi","floor":28,"turns":7},{"damage":33,"enemies":"3 Cultists","floor":29,"turns":4}],"seed_played":"2246287088565319883","potions_obtained":[{"floor":1,"key":"Swift Potion"},{"floor":7,"key":"Dexterity Potion"},{"floor":13,"key":"Explosive Potion"},{"floor":16,"key":"Weak Potion"},{"floor":20,"key":"Ancient Potion"}],"is_trial":false,"path_per_floor":["M","?","?","M","$","E","M","E","T","?","R","$","M","M","R","B",null,"M","$","M","?","?","R","?","R","T","?","M"],"character_chosen":"THE_SILENT","items_purchased":["Accuracy","Escape Plan","Dagger Throw","Footwork","Accuracy"],"campfire_rested":3,"item_purchase_floors":[5,5,5,12,19],"current_hp_per_floor":[70,70,70,70,70,53,53,44,44,44,65,65,64,61,61,33,70,40,40,23,7,7,28,28,49,49,49,33,0],"gold":50,"neow_bonus":"THREE_CARDS","is_prod":false,"is_daily":false,"chose_seed":false,"campfire_upgraded":1,"win_rate":0.0,"timestamp":1535493988,"path_taken":["M","?","?","M","$","E","M","E","T","?","R","$","M","M","R","BOSS","M","$","M","?","?","R","?","R","T","?","M","M"],"build_version":"2018-08-27","purchased_purges":2,"victory":false,"max_hp_per_floor":[70,70,70,70,70,70,70,70,70,70,70,70,70,70,70,70,70,70,70,70,70,70,70,70,70,70,70,70,70],"card_choices":[{"not_picked":["PiercingWail","Flying Knee"],"picked":"Sucker Punch","floor":0},{"not_picked":["Acrobatics","Prepared"],"picked":"Infinite Blades","floor":1},{"not_picked":["Flying Knee","PiercingWail"],"picked":"Dagger Spray","floor":4},{"not_picked":["Skewer","Expertise","Deadly Poison"],"picked":"SKIP","floor":6},{"not_picked":["Dodge and Roll","Endless Agony"],"picked":"Escape Plan","floor":7},{"not_picked":["PiercingWail","Deadly Poison"],"picked":"Crippling Poison","floor":8},{"not_picked":["All Out Attack","Poisoned Stab"],"picked":"Terror","floor":13},{"not_picked":["Outmaneuver","Bouncing Flask"],"picked":"Deflect","floor":14},{"not_picked":["Venomology","Malaise"],"picked":"Corpse Explosion","floor":16},{"not_picked":["PiercingWail","Deadly Poison"],"picked":"Cloak And Dagger","floor":18},{"not_picked":["Deflect+1","Blade Dance"],"picked":"Cloak And Dagger+1","floor":20},{"not_picked":["Skewer","Blur"],"picked":"Poisoned Stab+1","floor":28}],"player_experience":73916,"relics_obtained":[{"floor":6,"key":"Smiling Mask"},{"floor":8,"key":"Juzu Bracelet"},{"floor":9,"key":"Kunai"},{"floor":21,"key":"Nilry\u0027s Codex"},{"floor":26,"key":"Mercury Hourglass"}],"event_choices":[{"event_name":"The Cleric","player_choice":"Card Removal","floor":2,"damage_taken":0},{"event_name":"Liars Game","player_choice":"agreed","floor":3,"damage_taken":0},{"event_name":"Golden Idol","player_choice":"Take Wound","floor":10,"damage_taken":0},{"event_name":"Cursed Tome","player_choice":"Obtained Book","floor":21,"damage_taken":0},{"event_name":"Addict","player_choice":"Obtained Relic","floor":22,"damage_taken":0},{"event_name":"Purifier","player_choice":"One Purge","floor":24,"damage_taken":0},{"event_name":"Ghosts","player_choice":"Ignored","floor":27,"damage_taken":0}],"is_beta":true,"boss_relics":[{"not_picked":["Busted Crown","Astrolabe"],"picked":"Black Star"}],"items_purged_floors":[5,19],"is_endless":false,"potions_floor_spawned":[1,7,13,16,20],"killed_by":"3 Cultists","ascension_level":0}