{"gold_per_floor":[218,218,21,21,32,32,61,61,61,76,76,86,86,29,29,103,103,122,135,146,172,182,182,182],"floor_reached":24,"playtime":1408,"items_purged":[],"score":372,"play_id":"dbe96623-40c8-4a6e-94e3-e66284b30364","local_time":"20181214132215","is_ascension_mode":true,"campfire_choices":[{"data":"Darkness","floor":6.0,"key":"SMITH"},{"floor":8.0,"key":"REST"},{"floor":11.0,"key":"REST"},{"data":"Streamline","floor":15.0,"key":"SMITH"},{"floor":23,"key":"REST"}],"neow_cost":"NONE","seed_source_timestamp":197514304727619,"circlet_count":0,"master_deck":["AscendersBane","Strike_B+1","Strike_B+1","Defend_B","Defend_B","Defend_B","Zap","Dualcast","Streamline+1","Hologram","Coolheaded","Lockon","Darkness+1","Sweeping Beam","Rebound","White Noise","Biased Cognition","Electrodynamics+1","Rip and Tear+1","Storm+1","Stack","Compile Driver","Auto Shields","Steam","Creative AI"],"special_seed":0,"relics":["Cracked Core","CultistMask","Blood Vial","Dodecahedron","Astrolabe","Red Mask"],"potions_floor_usage":[21,24,24],"damage_taken":[{"damage":7.0,"enemies":"2 Louse","floor":1.0,"turns":3.0},{"damage":2.0,"enemies":"Small Slimes","floor":5.0,"turns":3.0},{"damage":33.0,"enemies":"Gremlin Nob","floor":7.0,"turns":4.0},{"damage":5.0,"enemies":"Cultist","floor":10.0,"turns":4.0},{"damage":4.0,"enemies":"2 Fungi Beasts","floor":12.0,"turns":3.0},{"damage":34.0,"enemies":"Slime Boss","floor":16.0,"turns":6.0},{"damage":15.0,"enemies":"Spheric Guardian","floor":18.0,"turns":4.0},{"damage":12.0,"enemies":"Chosen","floor":19.0,"turns":3.0},{"damage":6.0,"enemies":"3 Cultists","floor":20.0,"turns":3.0},{"damage":0,"enemies":"Masked Bandits","floor":21,"turns":2},{"damage":25,"enemies":"Sentry and Sphere","floor":22,"turns":5},{"damage":53,"enemies":"Book of Stabbing","floor":24,"turns":4}],"seed_played":"5048852642890488856","potions_obtained":[{"floor":1.0,"key":"EssenceOfSteel"},{"floor":12.0,"key":"Regen Potion"},{"floor":18.0,"key":"SteroidPotion"},{"floor":19.0,"key":"Regen Potion"},{"floor":21,"key":"EssenceOfSteel"}],"is_trial":false,"path_per_floor":["M","?","$","?","M","R","E","R","T","M","R","M","?","?","R","B",null,"M","M","M","?","M","R","E"],"character_chosen":"DEFECT","items_purchased":["Hologram","Coolheaded","Lockon"],"campfire_rested":3,"item_purchase_floors":[3,3,3],"current_hp_per_floor":[57,36,36,36,34,34,1,22,22,19,40,38,38,38,38,21,59,46,36,32,34,11,32,0],"gold":182,"neow_bonus":"HUNDRED_GOLD","is_prod":false,"is_daily":false,"chose_seed":false,"campfire_upgraded":2,"win_rate":0,"timestamp":1544822535,"path_taken":["M","?","$","?","M","R","E","R","T","?","R","M","?","?","R","BOSS","M","M","M","?","M","R","E"],"build_version":"2018-12-13","purchased_purges":0,"victory":false,"max_hp_per_floor":[71,71,71,71,71,71,71,71,71,71,71,71,71,71,71,71,71,71,71,71,71,71,71,71],"card_choices":[{"not_picked":["Blizzard","Barrage"],"picked":"Streamline","floor":1.0},{"not_picked":["Streamline","Gash"],"picked":"Darkness","floor":5.0},{"not_picked":["Go for the Eyes","Force Field"],"picked":"Sweeping Beam","floor":7.0},{"not_picked":["Cold Snap","Sweeping Beam"],"picked":"Rebound","floor":10.0},{"not_picked":["Stack","Gash"],"picked":"White Noise","floor":12.0},{"not_picked":["Buffer","Core Surge"],"picked":"Biased Cognition","floor":16.0},{"not_picked":["Rebound+1","Redo"],"picked":"Stack","floor":18.0},{"not_picked":["Rebound","Hologram"],"picked":"Compile Driver","floor":19.0},{"not_picked":["Storm","Beam Cell"],"picked":"Auto Shields","floor":20.0},{"not_picked":["Genetic Algorithm","Gash"],"picked":"Steam","floor":21},{"not_picked":["Gash","Rebound"],"picked":"Creative AI","floor":22}],"player_experience":1565974,"relics_obtained":[{"floor":7.0,"key":"Blood Vial"},{"floor":9.0,"key":"Dodecahedron"},{"floor":21,"key":"Red Mask"}],"event_choices":[{"damage_healed":0.0,"max_hp_gain":0.0,"max_hp_loss":0.0,"gold_gain":0.0,"event_name":"Shining Light","player_choice":"Entered Light","floor":2.0,"gold_loss":0.0,"damage_taken":21.0,"cards_upgraded":["Strike_B","Strike_B"]},{"damage_healed":0.0,"max_hp_gain":0.0,"max_hp_loss":0.0,"gold_gain":0.0,"event_name":"FaceTrader","player_choice":"Trade","floor":4.0,"gold_loss":0.0,"damage_taken":0.0,"relics_obtained":["CultistMask"]},{"damage_healed":0.0,"max_hp_gain":0.0,"max_hp_loss":0.0,"gold_gain":0.0,"event_name":"Liars Game","player_choice":"Ignored","floor":13.0,"gold_loss":0.0,"damage_taken":0.0},{"damage_healed":0.0,"max_hp_gain":0.0,"max_hp_loss":0.0,"gold_gain":0.0,"event_name":"World of Goop","player_choice":"Left Gold","floor":14.0,"gold_loss":57.0,"damage_taken":0.0},{"damage_healed":0,"gold_gain":0,"player_choice":"Fought Bandits","damage_taken":0,"max_hp_gain":0,"max_hp_loss":0,"event_name":"Masked Bandits","floor":21,"gold_loss":0}],"is_beta":false,"boss_relics":[{"not_picked":["Velvet Choker","Coffee Dripper"],"picked":"Astrolabe"}],"items_purged_floors":[],"is_endless":false,"potions_floor_spawned":[1,12,18,19,21],"killed_by":"Book of Stabbing","ascension_level":18}