{"gold_per_floor":[118,193,193,193,80,80,30,60,60,72,85,85,85],"floor_reached":13,"playtime":348,"items_purged":["Strike_R"],"score":97,"play_id":"30d781db-e372-4d28-85b4-5d8964b1edd9","local_time":"20190131002931","is_ascension_mode":true,"campfire_choices":[{"data":"Bash","floor":6,"key":"SMITH"},{"data":"Entrench","floor":12,"key":"SMITH"}],"neow_cost":"NONE","seed_source_timestamp":1749328416011231,"circlet_count":0,"master_deck":["Strike_R","Strike_R","Strike_R","Defend_R","Defend_R","Defend_R","Defend_R","Bash+1","Cleave","Reckless Charge","Entrench+1"],"relics":["Burning Blood","Strawberry","Boot","Lantern","Incense Burner"],"potions_floor_usage":[],"damage_taken":[{"damage":18,"enemies":"Jaw Worm","floor":1,"turns":5},{"damage":38,"enemies":"Gremlin Nob","floor":8,"turns":5},{"damage":0,"enemies":"2 Louse","floor":10,"turns":2},{"damage":0,"enemies":"Small Slimes","floor":11,"turns":3},{"damage":50,"enemies":"3 Sentries","floor":13,"turns":8}],"seed_played":"-8658367489487758618","potions_obtained":[],"is_trial":false,"path_per_floor":["M","?","?","?","$","R","?","E","T","M","M","R","E"],"character_chosen":"IRONCLAD","items_purchased":["Reckless Charge"],"campfire_rested":0,"item_purchase_floors":[5],"current_hp_per_floor":[75,64,64,64,64,64,64,32,32,38,44,44,0],"gold":85,"neow_bonus":"RANDOM_COMMON_RELIC","is_prod":false,"is_daily":false,"chose_seed":false,"campfire_upgraded":2,"win_rate":0,"timestamp":1548862171,"path_taken":["M","?","?","?","?","R","?","E","T","?","M","R","E"],"build_version":"2019-01-23","purchased_purges":1,"victory":false,"max_hp_per_floor":[87,87,87,87,87,87,87,87,87,87,87,87,87],"card_choices":[{"not_picked":["Clash","Dropkick"],"picked":"Cleave","floor":1},{"not_picked":["Clash","Havoc","Pommel Strike"],"picked":"SKIP","floor":8},{"not_picked":["Perfected Strike","Clash","Flex"],"picked":"SKIP","floor":10},{"not_picked":["Second Wind","Ghostly Armor"],"picked":"Entrench","floor":11}],"player_experience":747886,"relics_obtained":[{"floor":8,"key":"Lantern"},{"floor":9,"key":"Incense Burner"}],"event_choices":[{"damage_healed":0,"gold_gain":75,"player_choice":"Gather Gold","damage_taken":11,"max_hp_gain":0,"max_hp_loss":0,"event_name":"World of Goop","floor":2,"gold_loss":0},{"damage_healed":0,"gold_gain":0,"player_choice":"Box","damage_taken":0,"relics_obtained":["Boot"],"max_hp_gain":0,"max_hp_loss":0,"event_name":"Big Fish","floor":3,"gold_loss":0,"cards_obtained":["Regret"]},{"cards_removed":["Regret"],"damage_healed":0,"gold_gain":0,"player_choice":"Forget","damage_taken":0,"max_hp_gain":0,"max_hp_loss":0,"event_name":"Living Wall","floor":4,"gold_loss":0},{"cards_removed":["Strike_R"],"damage_healed":0,"gold_gain":0,"player_choice":"Card Removal","damage_taken":0,"max_hp_gain":0,"max_hp_loss":0,"event_name":"The Cleric","floor":7,"gold_loss":50}],"is_beta":false,"boss_relics":[],"items_purged_floors":[5],"is_endless":false,"potions_floor_spawned":[],"killed_by":"3 Sentries","ascension_level":4}