{"path_per_floor":["M","M","?","?","M","E","R","$","T","M","?","M","R","M","R","B",null,"M","M","$","M","$","R","E"],"character_chosen":"THE_SILENT","items_purchased":["Noxious Fumes"],"gold_per_floor":[18,33,8,8,29,68,68,68,68,83,83,107,107,122,122,243,243,266,287,133,149,149,149,188,188],"floor_reached":25,"campfire_rested":2,"playtime":1635,"current_hp_per_floor":[70,63,63,46,46,33,33,33,33,33,33,33,54,42,42,32,61,48,42,42,35,35,56,22,0],"items_purged":["Strike_G"],"gold":188,"score":279,"play_id":"e1800d66-f79a-4758-995b-dcfae7cea0bd","local_time":"20180518163959","is_prod":false,"is_daily":false,"chose_seed":false,"is_ascension_mode":true,"campfire_upgraded":2,"timestamp":1526686799,"campfire_choices":[{"data":"Dagger Spray","floor":7,"key":"SMITH"},{"floor":13,"key":"REST"},{"data":"Bullet Time","floor":15,"key":"SMITH"},{"floor":23,"key":"REST"}],"path_taken":["M","M","?","?","M","E","R","$","T","M","?","M","R","M","R","BOSS","M","M","$","M","?","R","E","M"],"build_version":"2018-05-17","seed_source_timestamp":250202462916158,"purchased_purges":1,"victory":false,"master_deck":["Defend_G","Defend_G","Defend_G","Defend_G","Defend_G+1","Strike_G","Strike_G","Survivor","Neutralize","Bullet Time+1","Deadly Poison","Cloak And Dagger","After Image","Cloak And Dagger+1","Dagger Spray+1","Escape Plan","Infinite Blades","Backflip","Envenom","Cloak And Dagger","Noxious Fumes","Distraction+1"],"max_hp_per_floor":[70,70,70,70,70,70,70,70,70,70,70,70,70,70,70,70,70,70,70,70,70,70,70,70,70],"relics":["Ring of the Snake","Golden Idol","Toolbox","Blue Candle","Runic Pyramid","War Paint"],"card_choices":[{"not_picked":["Deadly Poison","Poisoned Stab"],"picked":"Cloak And Dagger","floor":1},{"not_picked":["Prepared","Setup"],"picked":"After Image","floor":2},{"not_picked":["Prepared","Infinite Blades"],"picked":"Cloak And Dagger","floor":5},{"not_picked":["Slice","Flechettes"],"picked":"Dagger Spray","floor":6},{"not_picked":["Dash","Calculated Gamble"],"picked":"Escape Plan","floor":10},{"not_picked":["Dagger Spray","Sucker Punch"],"picked":"Infinite Blades","floor":12},{"not_picked":["Underhanded Strike","PiercingWail"],"picked":"Backflip","floor":14},{"not_picked":["Burst","After Image"],"picked":"Envenom","floor":16},{"not_picked":["Flying Knee","Sucker Punch"],"picked":"Cloak And Dagger","floor":18},{"not_picked":["Unload","Well Laid Plans","PiercingWail"],"picked":"SKIP","floor":19},{"not_picked":["Slice","PiercingWail","Prepared"],"picked":"SKIP","floor":21},{"not_picked":["Deadly Poison","Riddle With Holes"],"picked":"Distraction+1","floor":24}],"player_experience":597956,"potions_floor_usage":[16,24,24],"damage_taken":[{"damage":0,"enemies":"2 Louse","floor":1,"turns":2},{"damage":7,"enemies":"Small Slimes","floor":2,"turns":4},{"damage":0,"enemies":"Cultist","floor":5,"turns":4},{"damage":13,"enemies":"3 Sentries","floor":6,"turns":14},{"damage":0,"enemies":"2 Fungi Beasts","floor":10,"turns":2},{"damage":0,"enemies":"Exordium Wildlife","floor":12,"turns":3},{"damage":12,"enemies":"Lots of Slimes","floor":14,"turns":4},{"damage":10,"enemies":"Hexaghost","floor":16,"turns":11},{"damage":13,"enemies":"Spheric Guardian","floor":18,"turns":8},{"damage":6,"enemies":"3 Byrds","floor":19,"turns":6},{"damage":7,"enemies":"Centurion and Healer","floor":21,"turns":8},{"damage":34,"enemies":"Book of Stabbing","floor":24,"turns":7},{"damage":40,"enemies":"Cultist and Chosen","floor":25,"turns":5}],"relics_obtained":[{"floor":6,"key":"Toolbox"},{"floor":9,"key":"Blue Candle"},{"floor":24,"key":"War Paint"}],"event_choices":[{"event_name":"World of Goop","player_choice":"Left","floor":3,"damage_taken":0},{"event_name":"Golden Idol","player_choice":"Take Damage","floor":4,"damage_taken":0},{"event_name":"Golden Wing","player_choice":"Ignored","floor":11,"damage_taken":0}],"boss_relics":[{"not_picked":["Velvet Choker","Snecko Eye"],"picked":"Runic Pyramid"}],"potions_floor_spawned":[6,12,14,16,21,24],"seed_played":"-3397351934085007989","killed_by":"Cultist and Chosen","ascension_level":5,"potions_obtained":[{"floor":6,"key":"Strength Potion"},{"floor":12,"key":"Block Potion"},{"floor":14,"key":"Strength Potion"},{"floor":16,"key":"Swift Potion"},{"floor":24,"key":"AttackPotion"}],"is_trial":false}