{"path_per_floor":["M","?","M","M","$","E","R","E","T","?","?","R","?","M","R"],"character_chosen":"THE_SILENT","items_purchased":[],"gold_per_floor":[117,67,79,99,99,125,125,160,186,186,186,186,186,199,199,199],"floor_reached":16,"campfire_rested":2,"playtime":818,"item_purchase_floors":[],"current_hp_per_floor":[63,63,63,63,63,13,34,15,15,15,15,36,36,32,32,0],"items_purged":[],"gold":199,"score":146,"play_id":"db23c47c-33ff-4496-9467-61b3f6447d56","local_time":"20180609135638","is_prod":false,"is_daily":false,"chose_seed":false,"is_ascension_mode":true,"campfire_upgraded":1,"win_rate":0,"timestamp":1528570598,"campfire_choices":[{"floor":7,"key":"REST"},{"floor":12,"key":"REST"},{"data":"Dagger Spray","floor":15,"key":"SMITH"}],"path_taken":["M","?","M","M","?","E","R","E","T","?","?","R","?","M","R","BOSS"],"build_version":"2018-06-07v3","seed_source_timestamp":26500660728331,"purchased_purges":0,"victory":false,"master_deck":["Defend_G","Defend_G","Defend_G","Defend_G","Defend_G","Strike_G","Strike_G","Strike_G","Strike_G","Survivor","Neutralize","Well Laid Plans","Dagger Spray+1","Escape Plan","Flying Knee","Well Laid Plans","Injury","Deflect"],"max_hp_per_floor":[70,70,70,70,70,70,70,70,70,70,70,70,70,70,70,70],"relics":["Ring of the Snake","Calipers","Juzu Bracelet","Vajra","Potion Belt","Golden Idol"],"card_choices":[{"not_picked":["Dagger Throw","Endless Agony"],"picked":"Well Laid Plans","floor":1},{"not_picked":["Masterful Stab","PiercingWail"],"picked":"Dagger Spray","floor":3},{"not_picked":["All Out Attack","Malaise"],"picked":"Escape Plan","floor":4},{"not_picked":["Calculated Gamble","Predator"],"picked":"Flying Knee","floor":6},{"not_picked":["Eviscerate","Dagger Spray"],"picked":"Well Laid Plans","floor":8},{"not_picked":["Outmaneuver","Bane"],"picked":"Deflect","floor":14}],"player_experience":241666,"potions_floor_usage":[6,8,16],"damage_taken":[{"damage":0,"enemies":"2 Louse","floor":1,"turns":4},{"damage":0,"enemies":"Small Slimes","floor":3,"turns":3},{"damage":0,"enemies":"Cultist","floor":4,"turns":4},{"damage":50,"enemies":"Lagavulin","floor":6,"turns":7},{"damage":19,"enemies":"3 Sentries","floor":8,"turns":7},{"damage":4,"enemies":"Large Slime","floor":14,"turns":5},{"damage":47,"enemies":"Hexaghost","floor":16,"turns":14}],"relics_obtained":[{"floor":6,"key":"Juzu Bracelet"},{"floor":8,"key":"Vajra"},{"floor":9,"key":"Potion Belt"}],"event_choices":[{"event_name":"The Cleric","player_choice":"Card Removal","floor":2,"damage_taken":0},{"event_name":"Golden Wing","player_choice":"Ignored","floor":10,"damage_taken":0},{"event_name":"Purifier","player_choice":"One Purge","floor":11,"damage_taken":0},{"event_name":"Golden Idol","player_choice":"Take Wound","floor":13,"damage_taken":0}],"boss_relics":[],"items_purged_floors":[],"potions_floor_spawned":[1,6,8],"seed_played":"7392862226557506834","killed_by":"Hexaghost","ascension_level":7,"potions_obtained":[{"floor":1,"key":"Fire Potion"},{"floor":6,"key":"PowerPotion"},{"floor":8,"key":"Regen Potion"}],"is_trial":false}