{"gold_per_floor":[118,118,16,16,30,30,65,65,65,96,115,115,115,155,155,286,349,374,374,32,51,27,60,60,79,79,103,103,103,119,134,134,264,264,282,5,24,24,24,57,57,71,71,71,92,107,125,145,145,145],"floor_reached":51,"playtime":5437,"items_purged":[],"score":752,"play_id":"5e163668-22ca-42ea-b048-3ac9e592b5f8","local_time":"20181207020716","is_ascension_mode":true,"campfire_choices":[{"data":"Cold Snap","floor":6.0,"key":"SMITH"},{"data":"Hello World","floor":8.0,"key":"SMITH"},{"data":"Cold Snap","floor":13.0,"key":"SMITH"},{"floor":15.0,"key":"REST"},{"floor":24.0,"key":"REST"},{"floor":28.0,"key":"REST"},{"data":"Buffer","floor":32.0,"key":"SMITH"},{"data":"Capacitor","floor":41.0,"key":"SMITH"},{"data":"Echo Form","floor":49,"key":"SMITH"}],"neow_cost":"NONE","seed_source_timestamp":1096483549061383,"circlet_count":0,"master_deck":["Strike_B","Strike_B","Strike_B+1","Strike_B+1","Defend_B","Defend_B","Defend_B","Defend_B","Zap","Dualcast+1","Rebound+1","FTL","Hologram","Cold Snap+1","Hello World+1","Cold Snap+1","Genetic Algorithm","Biased Cognition","Buffer+1","Glacier","Leap+1","Echo Form+1","Reinforced Body","Go for the Eyes","Self Repair","Conserve Battery+1","Compile Driver","Steam","Rip and Tear+1","Amplify","Go for the Eyes+1","Capacitor+1","Defragment","Bandage Up","Biased Cognition","Go for the Eyes+1","Steam+1","Stack+1","Amplify","Barrage+1"],"special_seed":0,"relics":["FrozenCore","Omamori","Bronze Scales","Golden Idol","Ornamental Fan","Tiny House","Nloth\u0027s Gift","HandDrill","Oddly Smooth Stone","Whetstone","Toolbox","Anchor","Bottled Lightning","Calipers"],"potions_floor_usage":[48,50],"damage_taken":[{"damage":0.0,"enemies":"Jaw Worm","floor":1.0,"turns":1.0},{"damage":0.0,"enemies":"2 Louse","floor":5.0,"turns":1.0},{"damage":0.0,"enemies":"3 Sentries","floor":7.0,"turns":1.0},{"damage":6.0,"enemies":"Gremlin Nob","floor":10.0,"turns":3.0},{"damage":0.0,"enemies":"Cultist","floor":11.0,"turns":3.0},{"damage":21.0,"enemies":"3 Sentries","floor":14.0,"turns":6.0},{"damage":4.0,"enemies":"Slime Boss","floor":16.0,"turns":13.0},{"damage":0.0,"enemies":"Shell Parasite","floor":18.0,"turns":4.0},{"damage":20.0,"enemies":"Spheric Guardian","floor":21.0,"turns":6.0},{"damage":42.0,"enemies":"Gremlin Leader","floor":23.0,"turns":12.0},{"damage":4.0,"enemies":"Chosen and Byrds","floor":25.0,"turns":6.0},{"damage":29.0,"enemies":"3 Cultists","floor":27.0,"turns":8.0},{"damage":4.0,"enemies":"Centurion and Healer","floor":30.0,"turns":7.0},{"damage":0.0,"enemies":"Cultist and Chosen","floor":31.0,"turns":6.0},{"damage":50.0,"enemies":"Collector","floor":33.0,"turns":15.0},{"damage":13.0,"enemies":"3 Shapes","floor":35.0,"turns":9.0},{"damage":16.0,"enemies":"3 Darklings","floor":37.0,"turns":10.0},{"damage":15.0,"enemies":"Reptomancer","floor":40.0,"turns":14.0},{"damage":24,"enemies":"4 Shapes","floor":42,"turns":8},{"damage":0,"enemies":"Spire Growth","floor":45,"turns":8},{"damage":24,"enemies":"Maw","floor":46,"turns":13},{"damage":0,"enemies":"4 Shapes","floor":47,"turns":10},{"damage":10,"enemies":"Transient","floor":48,"turns":5},{"damage":9,"enemies":"Time Eater","floor":50,"turns":24}],"seed_played":"-5731137750445693482","potions_obtained":[{"floor":1.0,"key":"Energy Potion"},{"floor":14.0,"key":"Regen Potion"},{"floor":17.0,"key":"FocusPotion"},{"floor":30.0,"key":"Ancient Potion"},{"floor":31.0,"key":"EssenceOfSteel"},{"floor":40.0,"key":"Block Potion"},{"floor":46,"key":"Dexterity Potion"},{"floor":47,"key":"AttackPotion"},{"floor":48,"key":"EssenceOfSteel"}],"is_trial":false,"path_per_floor":["M","?","$","?","M","R","E","R","T","E","M","?","R","E","R","B",null,"M","?","$","M","$","E","R","M","T","M","R","$","M","M","R","B",null,"M","$","M","?","?","E","R","M","T","T","M","M","M","M","R","B",null],"character_chosen":"DEFECT","items_purchased":["FTL","Hologram","Echo Form","HandDrill","Go for the Eyes","Toolbox","Capacitor"],"campfire_rested":3,"item_purchase_floors":[3,3,20,20,22,36,36],"current_hp_per_floor":[75,75,75,75,75,75,75,75,75,69,69,69,69,48,68,64,74,74,74,74,54,54,24,46,49,49,34,56,56,59,66,66,16,74,74,74,65,65,65,61,61,55,55,55,70,53,64,61,61,60],"gold":145,"neow_bonus":"THREE_ENEMY_KILL","is_prod":false,"is_daily":false,"chose_seed":false,"campfire_upgraded":6,"win_rate":0,"timestamp":1544166436,"path_taken":["M","?","$","?","M","R","E","R","T","E","M","?","R","E","R","BOSS","M","?","$","?","?","E","R","M","T","M","R","$","?","M","R","BOSS","M","$","M","?","?","E","R","M","T","?","M","M","M","?","R","BOSS"],"build_version":"2018-12-06","purchased_purges":0,"victory":true,"max_hp_per_floor":[75,75,75,75,75,75,75,75,75,75,75,69,69,69,69,69,74,74,74,74,74,74,74,74,74,74,74,74,74,74,74,74,74,74,74,74,74,74,70,70,70,70,70,70,70,70,70,70,70,70],"card_choices":[{"not_picked":["Recycle","Barrage"],"picked":"Rebound","floor":1.0},{"not_picked":["Redo","Turbo"],"picked":"Cold Snap","floor":5.0},{"not_picked":["Capacitor","Coolheaded"],"picked":"Hello World","floor":7.0},{"not_picked":["Darkness","Undo"],"picked":"Cold Snap","floor":10.0},{"not_picked":["Leap","Force Field"],"picked":"Genetic Algorithm","floor":11.0},{"not_picked":["Redo","Barrage"],"picked":"Biased Cognition","floor":14.0},{"not_picked":["Thunder Strike","Reboot"],"picked":"Buffer","floor":16.0},{"not_picked":["Cold Snap","Stack"],"picked":"Glacier","floor":17.0},{"not_picked":["Scrape","Tempest"],"picked":"Leap+1","floor":18.0},{"not_picked":["Conserve Battery","Hologram+1"],"picked":"Reinforced Body","floor":21.0},{"not_picked":["Storm","Rip and Tear"],"picked":"Self Repair","floor":23.0},{"not_picked":["Compile Driver","Recycle"],"picked":"Conserve Battery+1","floor":25.0},{"not_picked":["Turbo","Undo"],"picked":"Compile Driver","floor":27.0},{"not_picked":["Coolheaded","Streamline"],"picked":"Steam","floor":30.0},{"not_picked":["Melter","Force Field"],"picked":"Rip and Tear+1","floor":31.0},{"not_picked":["All For One","Fission"],"picked":"Amplify","floor":33.0},{"not_picked":["Amplify","Turbo"],"picked":"Go for the Eyes+1","floor":35.0},{"not_picked":["Gash","Go for the Eyes"],"picked":"Defragment","floor":37.0},{"not_picked":["Swift Strike","Transmutation"],"picked":"Bandage Up","floor":38.0},{"not_picked":["Beam Cell","Stack+1"],"picked":"Biased Cognition","floor":40.0},{"not_picked":["Conserve Battery+1","Hologram"],"picked":"Go for the Eyes+1","floor":42},{"not_picked":["Go for the Eyes","Undo+1"],"picked":"Steam+1","floor":45},{"not_picked":["Scrape","Ball Lightning+1"],"picked":"Stack+1","floor":46},{"not_picked":["Sweeping Beam","Go for the Eyes"],"picked":"Amplify","floor":47},{"not_picked":["Redo+1","Go for the Eyes"],"picked":"Barrage+1","floor":48}],"player_experience":156677,"relics_obtained":[{"floor":7.0,"key":"Omamori"},{"floor":10.0,"key":"Bronze Scales"},{"floor":14.0,"key":"Ornamental Fan"},{"floor":23.0,"key":"Oddly Smooth Stone"},{"floor":26.0,"key":"Whetstone"},{"floor":40.0,"key":"Anchor"},{"floor":43,"key":"Bottled Lightning"},{"floor":44,"key":"Calipers"}],"event_choices":[{"damage_healed":0.0,"max_hp_gain":0.0,"max_hp_loss":0.0,"gold_gain":0.0,"event_name":"Living Wall","player_choice":"Grow","floor":2.0,"gold_loss":0.0,"damage_taken":0.0,"cards_upgraded":["Dualcast"]},{"damage_healed":0.0,"max_hp_gain":0.0,"max_hp_loss":0.0,"gold_gain":0.0,"event_name":"Golden Wing","player_choice":"Ignored","floor":4.0,"gold_loss":0.0,"damage_taken":0.0},{"damage_healed":0.0,"max_hp_gain":0.0,"max_hp_loss":6.0,"gold_gain":0.0,"event_name":"Golden Idol","player_choice":"Lose Max HP","floor":12.0,"gold_loss":0.0,"damage_taken":0.0,"relics_obtained":["Golden Idol"]},{"damage_healed":0.0,"max_hp_gain":0.0,"max_hp_loss":0.0,"gold_gain":0.0,"event_name":"N\u0027loth","player_choice":"Traded Relic","floor":19.0,"relics_lost":["NeowsBlessing"],"gold_loss":0.0,"damage_taken":0.0,"relics_obtained":["Nloth\u0027s Gift"]},{"damage_healed":0.0,"max_hp_gain":0.0,"max_hp_loss":0.0,"gold_gain":0.0,"event_name":"SensoryStone","player_choice":"Memory 1","floor":38.0,"gold_loss":0.0,"damage_taken":0.0},{"damage_healed":0.0,"max_hp_gain":0.0,"max_hp_loss":4.0,"gold_gain":0.0,"event_name":"Winding Halls","player_choice":"Max HP","floor":39.0,"gold_loss":0.0,"damage_taken":0.0}],"is_beta":false,"boss_relics":[{"not_picked":["Busted Crown","Eternal Feather"],"picked":"Tiny House"},{"not_picked":["Cursed Key","Velvet Choker"],"picked":"FrozenCore"}],"items_purged_floors":[],"is_endless":false,"potions_floor_spawned":[1,14,18,30,31,40,46,47,48],"ascension_level":1}