{"path_per_floor":["M","?","M","$","M","R","$","R","T","M","M","E","M","?","R","B",null,"M","M","?","?","M","R","E","R","T","M","E","$","M","M","R"],"character_chosen":"THE_SILENT","items_purchased":["Noxious Fumes","Dash","Bandage Up"],"gold_per_floor":[109,184,201,132,149,149,82,82,139,157,170,195,207,207,207,281,281,263,278,278,278,293,293,319,319,319,330,365,197,212,230,230,230],"floor_reached":33,"campfire_rested":2,"playtime":2898,"item_purchase_floors":[],"current_hp_per_floor":[57,46,37,37,39,39,39,39,39,41,22,6,8,8,30,12,60,40,44,29,29,31,31,29,29,29,15,18,18,24,32,46,0],"items_purged":["Strike_G"],"gold":230,"score":502,"play_id":"686636f9-3126-44b2-bcd5-33f15a5bd80e","local_time":"20180608083533","is_prod":false,"is_daily":false,"chose_seed":false,"is_ascension_mode":true,"campfire_upgraded":4,"win_rate":0,"timestamp":1528472133,"campfire_choices":[{"data":"Skewer","floor":6.0,"key":"SMITH"},{"data":"Noxious Fumes","floor":8.0,"key":"SMITH"},{"floor":15.0,"key":"REST"},{"data":"Neutralize","floor":23,"key":"SMITH"},{"data":"Footwork","floor":25,"key":"SMITH"},{"floor":32,"key":"REST"}],"path_taken":["M","?","M","$","M","R","$","R","T","M","M","E","M","?","R","BOSS","M","M","?","?","M","R","E","R","T","?","E","$","M","M","R","BOSS"],"build_version":"2018-06-07","seed_source_timestamp":1534859244820912,"purchased_purges":1,"victory":false,"master_deck":["Defend_G","Defend_G","Defend_G","Defend_G","Defend_G","Strike_G+1","Strike_G","Strike_G+1","Survivor","Neutralize+1","AscendersBane","Infinite Blades","Skewer+1","Noxious Fumes+1","Dash","Terror","Footwork+1","Envenom","Blur","Ghostly","Ghostly","Ghostly","Ghostly","Ghostly","Blade Dance","Blur","Bandage Up","Backflip"],"max_hp_per_floor":[70,70,70,70,72,72,72,72,72,74,76,76,76,76,76,76,76,76,78,83,41,41,41,43,43,43,43,45,45,45,47,47,47],"relics":["Ring of the Snake","Singing Bowl","Tiny Chest","Blood Vial","Sozu","Whetstone","Matryoshka","Thread and Needle"],"card_choices":[{"not_picked":["Endless Agony","Outmaneuver"],"picked":"Infinite Blades","floor":1.0},{"not_picked":["Bane","Accuracy"],"picked":"Skewer","floor":3.0},{"not_picked":["Deflect","Prepared","Dodge and Roll"],"picked":"Singing Bowl","floor":5.0},{"not_picked":["Endless Agony","Slice","Outmaneuver"],"picked":"Singing Bowl","floor":10.0},{"not_picked":["Dash","Acrobatics","Dagger Throw"],"picked":"Singing Bowl","floor":11.0},{"not_picked":["Outmaneuver","Flying Knee"],"picked":"Terror","floor":12.0},{"not_picked":["Sucker Punch","Bane"],"picked":"Footwork","floor":13.0},{"not_picked":["Bullet Time","Adrenaline"],"picked":"Envenom","floor":16.0},{"not_picked":["Prepared","Bane"],"picked":"Blur","floor":18},{"not_picked":["Accuracy","Slice","Eviscerate"],"picked":"Singing Bowl","floor":19},{"not_picked":["Quick Slash","Masterful Stab"],"picked":"Blade Dance","floor":22},{"not_picked":["Backstab","Poisoned Stab+1","Outmaneuver"],"picked":"Singing Bowl","floor":24},{"not_picked":["Terror","Eviscerate"],"picked":"Blur","floor":27},{"not_picked":["Dagger Throw+1","Prepared","Calculated Gamble"],"picked":"Singing Bowl","floor":28},{"not_picked":["Dash","Bane"],"picked":"Backflip","floor":30},{"not_picked":["Sucker Punch","Venomology","Slice"],"picked":"Singing Bowl","floor":31}],"player_experience":820733,"potions_floor_usage":[18],"damage_taken":[{"damage":6.0,"enemies":"2 Louse","floor":1.0,"turns":8.0},{"damage":9.0,"enemies":"Jaw Worm","floor":3.0,"turns":4.0},{"damage":0.0,"enemies":"Small Slimes","floor":5.0,"turns":3.0},{"damage":0.0,"enemies":"Red Slaver","floor":10.0,"turns":4.0},{"damage":21.0,"enemies":"3 Louse","floor":11.0,"turns":4.0},{"damage":16.0,"enemies":"Gremlin Nob","floor":12.0,"turns":4.0},{"damage":0.0,"enemies":"2 Fungi Beasts","floor":13.0,"turns":4.0},{"damage":20.0,"enemies":"Hexaghost","floor":16.0,"turns":10.0},{"damage":22,"enemies":"2 Thieves","floor":18,"turns":4},{"damage":0,"enemies":"Chosen","floor":19,"turns":6},{"damage":0,"enemies":"Snake Plant","floor":22,"turns":6},{"damage":6,"enemies":"Book of Stabbing","floor":24,"turns":7},{"damage":16,"enemies":"Sentry and Sphere","floor":27,"turns":8},{"damage":1,"enemies":"Gremlin Leader","floor":28,"turns":7},{"damage":0,"enemies":"3 Cultists","floor":30,"turns":6},{"damage":0,"enemies":"Centurion and Healer","floor":31,"turns":9},{"damage":66,"enemies":"Champ","floor":33,"turns":15}],"relics_obtained":[{"floor":9.0,"key":"Tiny Chest"},{"floor":12.0,"key":"Blood Vial"},{"floor":24,"key":"Whetstone"},{"floor":26,"key":"Matryoshka"},{"floor":28,"key":"Thread and Needle"}],"event_choices":[{"event_name":"World of Goop","player_choice":"Gather Gold","floor":2.0,"damage_taken":0.0},{"event_name":"Purifier","player_choice":"One Purge","floor":14.0,"damage_taken":0.0},{"event_name":"Forgotten Altar","player_choice":"Shed Blood","floor":20,"damage_taken":0},{"event_name":"Ghosts","player_choice":"Became a Ghost","floor":21,"damage_taken":0}],"boss_relics":[{"not_picked":["Snecko Eye","Ectoplasm"],"picked":"Sozu"}],"items_purged_floors":[29],"potions_floor_spawned":[1,3,10,16,18,22,24,31],"seed_played":"-8985668449710872928","killed_by":"Champ","ascension_level":13,"potions_obtained":[{"floor":1.0,"key":"FearPotion"},{"floor":3.0,"key":"SpeedPotion"},{"floor":10.0,"key":"PowerPotion"},{"floor":16.0,"key":"Block Potion"}],"is_trial":false}