{"gold_per_floor":[113,124,138,155,10,43,58,88,114,149,149,180,199,217,217,316,316,335,345,260,278,278,311,330,362,362,62,62,88,103,31,31,31],"floor_reached":33,"playtime":1405,"items_purged":[],"score":424,"play_id":"f6ab075c-506b-4ef6-a586-5196a6967434","local_time":"20180726220951","is_ascension_mode":true,"campfire_choices":[{"floor":11,"key":"REST"},{"floor":15,"key":"REST"},{"floor":28,"key":"REST"},{"data":"Glacier","floor":32,"key":"SMITH"}],"neow_cost":"NONE","seed_source_timestamp":5820914887227,"circlet_count":0,"master_deck":["Strike_B","Strike_B","Strike_B","Strike_B","Defend_B","Defend_B","Defend_B","Defend_B","Zap","Dualcast","Sweeping Beam","Cold Snap","Ball Lightning","BootSequence","Hologram","Hologram","Sweeping Beam","Beam Cell","Gash","Electrodynamics","Glacier+1","Ball Lightning+1","Coolheaded+1","Blizzard","Gash","Go for the Eyes","Shame","Aggregate","Self Repair","Reboot"],"relics":["Cracked Core","Blood Vial","Vajra","Regal Pillow","Anchor","Lantern","Oddly Smooth Stone","Bag of Preparation","Cursed Key","Darkstone Periapt","Pen Nib","Du-Vu Doll","Question Card","Unceasing Top","Centennial Puzzle"],"potions_floor_usage":[6,8,10,12,12,24,25,25,33],"damage_taken":[{"damage":8,"enemies":"2 Louse","floor":1,"turns":2},{"damage":13,"enemies":"Jaw Worm","floor":2,"turns":4},{"damage":0,"enemies":"Small Slimes","floor":3,"turns":2},{"damage":8,"enemies":"Blue Slaver","floor":4,"turns":3},{"damage":4,"enemies":"3 Sentries","floor":6,"turns":4},{"damage":0,"enemies":"2 Fungi Beasts","floor":7,"turns":2},{"damage":19,"enemies":"Gremlin Nob","floor":8,"turns":4},{"damage":20,"enemies":"3 Sentries","floor":10,"turns":4},{"damage":16,"enemies":"Lagavulin","floor":12,"turns":6},{"damage":0,"enemies":"Gremlin Gang","floor":13,"turns":2},{"damage":0,"enemies":"Red Slaver","floor":14,"turns":2},{"damage":62,"enemies":"The Guardian","floor":16,"turns":10},{"damage":0,"enemies":"Spheric Guardian","floor":18,"turns":3},{"damage":0,"enemies":"Chosen","floor":19,"turns":3},{"damage":0,"enemies":"Centurion and Healer","floor":21,"turns":3},{"damage":8,"enemies":"Gremlin Leader","floor":23,"turns":7},{"damage":0,"enemies":"Snecko","floor":24,"turns":4},{"damage":29,"enemies":"Book of Stabbing","floor":25,"turns":6},{"damage":12,"enemies":"Slavers","floor":29,"turns":3},{"damage":1,"enemies":"Chosen and Byrds","floor":30,"turns":4},{"damage":89,"enemies":"Champ","floor":33,"turns":12}],"seed_played":"7143194324048973591","potions_obtained":[{"floor":3,"key":"Block Potion"},{"floor":4,"key":"Block Potion"},{"floor":7,"key":"LiquidBronze"},{"floor":8,"key":"LiquidBronze"},{"floor":10,"key":"SpeedPotion"},{"floor":21,"key":"Dexterity Potion"},{"floor":23,"key":"Dexterity Potion"},{"floor":24,"key":"SpeedPotion"},{"floor":30,"key":"Ancient Potion"}],"is_trial":false,"path_per_floor":["M","M","M","M","$","E","M","E","T","E","R","E","M","M","R","B",null,"M","M","?","M","?","E","M","E","T","$","R","E","M","$","R"],"character_chosen":"DEFECT","items_purchased":["Vajra","Unceasing Top","Reboot"],"campfire_rested":3,"item_purchase_floors":[5,27,31],"current_hp_per_floor":[67,56,58,52,52,50,52,35,35,17,54,40,42,44,75,13,60,62,64,64,66,66,60,62,35,41,41,80,69,70,70,70,0],"gold":31,"neow_bonus":"RANDOM_COMMON_RELIC","is_prod":false,"is_daily":false,"chose_seed":false,"campfire_upgraded":1,"win_rate":0,"timestamp":1532635791,"path_taken":["M","M","M","M","$","E","M","E","T","E","R","E","M","M","R","BOSS","M","M","?","M","?","E","M","E","T","$","R","E","?","$","R","BOSS"],"build_version":"2018-07-25","purchased_purges":0,"victory":false,"max_hp_per_floor":[75,75,75,75,75,75,75,75,75,75,75,75,75,75,75,75,75,75,75,75,75,75,75,75,75,81,81,81,81,81,81,81,81],"card_choices":[{"not_picked":["Compile Driver","Double Energy"],"picked":"Sweeping Beam","floor":1},{"not_picked":["Redo","Chill"],"picked":"Cold Snap","floor":2},{"not_picked":["Reinforced Body","Beam Cell"],"picked":"Ball Lightning","floor":3},{"not_picked":["Conserve Battery","Creative AI"],"picked":"BootSequence","floor":4},{"not_picked":["Chill","Coolheaded"],"picked":"Hologram","floor":6},{"not_picked":["Leap","Skim"],"picked":"Hologram","floor":7},{"not_picked":["Steam","Fusion"],"picked":"Sweeping Beam","floor":8},{"not_picked":["Coolheaded","Gash"],"picked":"Beam Cell","floor":10},{"not_picked":["Coolheaded","Hyperbeam","Turbo"],"picked":"SKIP","floor":12},{"not_picked":["Streamline","Hello World"],"picked":"Gash","floor":13},{"not_picked":["Conserve Battery","Streamline","Coolheaded"],"picked":"SKIP","floor":14},{"not_picked":["Hyperbeam","Biased Cognition"],"picked":"Electrodynamics","floor":16},{"not_picked":["Compile Driver","Double Energy+1"],"picked":"Glacier","floor":18},{"not_picked":["Chill","Reprogram+1"],"picked":"Ball Lightning+1","floor":19},{"not_picked":["Streamline","Static Discharge"],"picked":"Coolheaded+1","floor":21},{"not_picked":["Conserve Battery","Doom and Gloom"],"picked":"Blizzard","floor":23},{"not_picked":["Static Discharge","Defragment"],"picked":"Gash","floor":24},{"not_picked":["Conserve Battery","Barrage"],"picked":"Go for the Eyes","floor":25},{"not_picked":["Lockon","Capacitor","Biased Cognition"],"picked":"Aggregate","floor":29},{"not_picked":["Tempest","Fusion","Stack"],"picked":"Self Repair","floor":30}],"player_experience":355999,"relics_obtained":[{"floor":6,"key":"Regal Pillow"},{"floor":8,"key":"Anchor"},{"floor":9,"key":"Lantern"},{"floor":10,"key":"Oddly Smooth Stone"},{"floor":12,"key":"Bag of Preparation"},{"floor":23,"key":"Pen Nib"},{"floor":25,"key":"Du-Vu Doll"},{"floor":26,"key":"Question Card"},{"floor":29,"key":"Centennial Puzzle"}],"event_choices":[{"event_name":"Addict","player_choice":"Obtained Relic","floor":20,"damage_taken":0},{"event_name":"Ghosts","player_choice":"Ignored","floor":22,"damage_taken":0}],"is_beta":true,"boss_relics":[{"not_picked":["Orrery","Coffee Dripper"],"picked":"Cursed Key"}],"items_purged_floors":[],"is_endless":false,"potions_floor_spawned":[3,4,7,8,10,21,23,24,30],"killed_by":"Champ","ascension_level":5}