{"path_per_floor":["M","?","?","M","M","E","R","?","T","T","M"],"character_chosen":"DEFECT","items_purchased":[],"gold_per_floor":[116,191,191,204,218,278,278,278,304,330,346,346],"floor_reached":12,"campfire_rested":0,"playtime":336,"item_purchase_floors":[],"current_hp_per_floor":[66,55,60,60,55,34,34,16,16,16,8,0],"items_purged":[],"gold":346,"score":78,"play_id":"6bc3de69-474e-4f62-ad98-080c9dae9396","local_time":"20180603204826","is_prod":false,"is_daily":false,"chose_seed":false,"is_ascension_mode":false,"campfire_upgraded":1,"win_rate":0.0,"timestamp":1528022906,"campfire_choices":[{"data":"Chaos","floor":7,"key":"SMITH"}],"path_taken":["M","?","?","M","M","E","R","?","T","?","M","E"],"build_version":"2018-05-31","seed_source_timestamp":31800249844556,"purchased_purges":0,"victory":false,"master_deck":["Strike_B","Strike_B","Strike_B","Strike_B","Defend_B","Defend_B","Defend_B","Defend_B","Zap","Dualcast","BootSequence","Cold Snap","Chaos+1","Melter","Streamline"],"max_hp_per_floor":[75,75,80,80,80,80,80,80,80,80,80,80],"relics":["Cracked Core","Tiny Chest","Frozen Egg 2","Anchor","Dream Catcher"],"card_choices":[{"not_picked":["Barrage","Go for the Eyes"],"picked":"BootSequence","floor":1},{"not_picked":["Force Field","Hologram"],"picked":"Cold Snap","floor":4},{"not_picked":["Cold Snap","Barrage"],"picked":"Chaos","floor":5},{"not_picked":["Force Field","Double Energy"],"picked":"Melter","floor":6},{"not_picked":["Skim","Double Energy"],"picked":"Streamline","floor":11}],"player_experience":295943,"potions_floor_usage":[6],"damage_taken":[{"damage":9,"enemies":"Small Slimes","floor":1,"turns":3},{"damage":0,"enemies":"Jaw Worm","floor":4,"turns":3},{"damage":5,"enemies":"2 Louse","floor":5,"turns":3},{"damage":21,"enemies":"3 Sentries","floor":6,"turns":9},{"damage":8,"enemies":"Looter","floor":11,"turns":3},{"damage":16,"enemies":"Lagavulin","floor":12,"turns":4}],"relics_obtained":[{"floor":6,"key":"Tiny Chest"},{"floor":9,"key":"Anchor"},{"floor":10,"key":"Dream Catcher"}],"event_choices":[{"event_name":"World of Goop","player_choice":"Gather Gold","floor":2,"damage_taken":0},{"event_name":"Big Fish","player_choice":"Donut","floor":3,"damage_taken":0},{"event_name":"Scrap Ooze","player_choice":"success","floor":8,"damage_taken":18}],"boss_relics":[],"items_purged_floors":[],"potions_floor_spawned":[4],"seed_played":"-4476163693037282242","killed_by":"Lagavulin","ascension_level":0,"potions_obtained":[{"floor":4,"key":"EssenceOfSteel"}],"is_trial":false}