{"gold_per_floor":[112,112,112,128,53,53,85,85,85,85,99,126,126,143,143,238,288,299,299,37,51,67,67,167,187,213,225,239,249,249,249,249,249],"floor_reached":33,"playtime":965,"items_purged":["Regret"],"score":363,"play_id":"4166a7d1-8313-43d2-bdd3-43ec75e1c68d","local_time":"20190114233942","is_ascension_mode":true,"campfire_choices":[{"data":"Cold Snap","floor":6,"key":"SMITH"},{"data":"Dualcast","floor":8,"key":"SMITH"},{"floor":10,"key":"RECALL"},{"data":"Go for the Eyes","floor":13,"key":"SMITH"},{"floor":15,"key":"REST"},{"floor":23,"key":"REST"},{"floor":32,"key":"REST"}],"neow_cost":"NONE","seed_source_timestamp":11337105357222,"circlet_count":0,"master_deck":["Defend_B","Defend_B","Defend_B","Defend_B+1","Zap+1","Dualcast+1","Cold Snap+1","Genetic Algorithm","Go for the Eyes+1","Cold Snap","Gash","Machine Learning","Redo","Steam","Bite","Bite","Bite","Bite","Bite","Creative AI","Leap","Gash","Self Repair","Self Repair","Beam Cell","Static Discharge","Storm"],"relics":["Cracked Core","NeowsBlessing","Bronze Scales","Du-Vu Doll","Ancient Tea Set","Meat on the Bone","Tiny House","Bag of Marbles","DataDisk","Blood Vial"],"potions_floor_usage":[1,16,18,21,28,28],"damage_taken":[{"damage":0,"enemies":"Jaw Worm","floor":1,"turns":1},{"damage":0,"enemies":"Cultist","floor":4,"turns":1},{"damage":0,"enemies":"Lagavulin","floor":7,"turns":1},{"damage":1,"enemies":"2 Louse","floor":11,"turns":2},{"damage":15,"enemies":"Gremlin Nob","floor":12,"turns":4},{"damage":0,"enemies":"Exordium Wildlife","floor":14,"turns":3},{"damage":21,"enemies":"Hexaghost","floor":16,"turns":9},{"damage":6,"enemies":"2 Thieves","floor":18,"turns":4},{"damage":15,"enemies":"Shell Parasite","floor":21,"turns":5},{"damage":18,"enemies":"Centurion and Healer","floor":22,"turns":5},{"damage":32,"enemies":"Snecko","floor":25,"turns":7},{"damage":38,"enemies":"3 Cultists","floor":27,"turns":7},{"damage":10,"enemies":"Snake Plant","floor":28,"turns":4},{"damage":46,"enemies":"Shelled Parasite and Fungi","floor":29,"turns":6},{"damage":56,"enemies":"Automaton","floor":33,"turns":4}],"seed_played":"2727544774691477550","potions_obtained":[{"floor":1,"key":"Fruit Juice"},{"floor":11,"key":"FocusPotion"},{"floor":14,"key":"Energy Potion"},{"floor":17,"key":"Fire Potion"},{"floor":21,"key":"FearPotion"},{"floor":25,"key":"Weak Potion"},{"floor":27,"key":"EssenceOfSteel"}],"is_trial":false,"path_per_floor":["M","?","?","M","$","R","E","R","T","R","M","E","R","M","R","B",null,"M","?","$","M","M","R","?","M","T","M","M","M","?","?","R","B"],"character_chosen":"DEFECT","items_purchased":["Bag of Marbles","Creative AI","Leap"],"campfire_rested":3,"item_purchase_floors":[20,20,20],"current_hp_per_floor":[80,80,64,64,64,64,64,64,64,64,63,48,48,48,72,51,85,79,59,59,52,42,59,59,40,40,40,54,40,40,30,49,0],"gold":249,"neow_bonus":"THREE_ENEMY_KILL","is_prod":false,"is_daily":false,"chose_seed":false,"campfire_upgraded":3,"win_rate":0,"timestamp":1547505582,"path_taken":["M","?","?","M","?","R","E","R","T","R","M","E","R","?","R","BOSS","M","?","$","M","M","R","?","M","T","M","M","?","?","?","R","BOSS"],"build_version":"2019-01-10","purchased_purges":1,"victory":false,"max_hp_per_floor":[80,80,80,80,80,80,80,80,80,80,80,80,80,80,80,80,85,85,59,59,59,59,59,59,59,59,59,59,59,59,64,64,64],"card_choices":[{"not_picked":["Chill","Hologram","Steam"],"picked":"SKIP","floor":1},{"not_picked":["Hologram","Chill"],"picked":"Cold Snap","floor":4},{"not_picked":["Force Field","Turbo"],"picked":"Genetic Algorithm","floor":7},{"not_picked":["Streamline","Force Field"],"picked":"Go for the Eyes","floor":11},{"not_picked":["Sweeping Beam","Skim"],"picked":"Cold Snap","floor":12},{"not_picked":["Chaos","Go for the Eyes"],"picked":"Gash","floor":14},{"not_picked":["Thunder Strike","Rainbow"],"picked":"Machine Learning","floor":16},{"not_picked":["Compile Driver","Undo"],"picked":"Redo","floor":17},{"not_picked":["Compile Driver","Force Field"],"picked":"Steam","floor":18},{"not_picked":["Lockon+1","Cold Snap"],"picked":"Gash","floor":21},{"not_picked":["Hologram","Skim"],"picked":"Self Repair","floor":22},{"not_picked":["Reprogram","Aggregate"],"picked":"Self Repair","floor":25},{"not_picked":["Turbo","Hologram"],"picked":"Beam Cell","floor":27},{"not_picked":["Barrage","Go for the Eyes+1"],"picked":"Static Discharge","floor":28},{"not_picked":["All For One","Gash"],"picked":"Storm","floor":29}],"player_experience":183877,"relics_obtained":[{"floor":7,"key":"Du-Vu Doll"},{"floor":9,"key":"Ancient Tea Set"},{"floor":12,"key":"Meat on the Bone"},{"floor":26,"key":"DataDisk"}],"event_choices":[{"damage_healed":0,"gold_gain":0,"player_choice":"Box","damage_taken":0,"relics_obtained":["Bronze Scales"],"max_hp_gain":0,"max_hp_loss":0,"event_name":"Big Fish","floor":2,"gold_loss":0,"cards_obtained":["Regret"]},{"damage_healed":0,"gold_gain":0,"player_choice":"Entered Light","damage_taken":16,"max_hp_gain":0,"max_hp_loss":0,"event_name":"Shining Light","floor":3,"gold_loss":0,"cards_upgraded":["Defend_B","Zap"]},{"damage_healed":0,"gold_gain":0,"player_choice":"Became a vampire","damage_taken":0,"max_hp_gain":0,"max_hp_loss":26,"event_name":"Vampires","floor":19,"gold_loss":0,"cards_obtained":["Bite","Bite","Bite","Bite","Bite"]},{"damage_healed":0,"gold_gain":100,"player_choice":"Pray","damage_taken":0,"max_hp_gain":0,"max_hp_loss":0,"event_name":"Golden Shrine","floor":24,"gold_loss":0},{"damage_healed":0,"gold_gain":0,"player_choice":"Opened","damage_taken":0,"relics_obtained":["Blood Vial"],"max_hp_gain":0,"max_hp_loss":0,"event_name":"The Mausoleum","floor":30,"gold_loss":0},{"damage_healed":0,"gold_gain":0,"player_choice":"Shed Blood","damage_taken":15,"max_hp_gain":5,"max_hp_loss":0,"event_name":"Forgotten Altar","floor":31,"gold_loss":0}],"is_beta":true,"boss_relics":[{"not_picked":["Philosopher\u0027s Stone","Busted Crown"],"picked":"Tiny House"}],"items_purged_floors":[5],"is_endless":false,"potions_floor_spawned":[1,11,14,21,25,27],"killed_by":"Automaton","ascension_level":4}