{"gold_per_floor":[110,110,41,57,72,72,105,117,117,144,216,216],"floor_reached":12,"playtime":421,"items_purged":[],"score":101,"play_id":"8271ae01-7acd-4ccd-b6dc-b02466b79eaa","local_time":"20190204153544","is_ascension_mode":true,"campfire_choices":[{"data":"Intimidate","floor":6,"key":"SMITH"}],"neow_cost":"PERCENT_DAMAGE","seed_source_timestamp":13157140195053,"circlet_count":0,"master_deck":["Strike_R","Strike_R","Strike_R","Strike_R","Strike_R","Defend_R","Defend_R","Defend_R","Defend_R","Bash","Thunderclap","Intimidate+1","Clothesline","Thunderclap","Iron Wave","Bloodletting","Pommel Strike"],"relics":["Burning Blood","Magic Flower","Self Forming Clay","Gambling Chip","FossilizedHelix"],"potions_floor_usage":[7,10],"damage_taken":[{"damage":0,"enemies":"2 Louse","floor":1,"turns":3},{"damage":4,"enemies":"Cultist","floor":4,"turns":3},{"damage":4,"enemies":"Small Slimes","floor":5,"turns":3},{"damage":42,"enemies":"Lagavulin","floor":7,"turns":8},{"damage":4,"enemies":"2 Fungi Beasts","floor":8,"turns":3},{"damage":26,"enemies":"Gremlin Nob","floor":10,"turns":5},{"damage":36,"enemies":"Lagavulin","floor":12,"turns":6}],"seed_played":"5932799669515021246","potions_obtained":[{"floor":4,"key":"Dexterity Potion"},{"floor":7,"key":"LiquidBronze"}],"is_trial":false,"path_per_floor":["M","?","$","M","M","R","E","M","T","E","?","E"],"character_chosen":"IRONCLAD","items_purchased":["Intimidate"],"campfire_rested":0,"item_purchase_floors":[3],"current_hp_per_floor":[65,65,65,70,75,75,42,47,47,30,30,0],"gold":216,"neow_bonus":"ONE_RARE_RELIC","is_prod":false,"is_daily":false,"chose_seed":false,"campfire_upgraded":1,"win_rate":0,"timestamp":1549265744,"path_taken":["M","?","?","?","M","R","E","M","T","E","?","E"],"build_version":"2019-01-23","purchased_purges":0,"victory":false,"max_hp_per_floor":[80,80,80,80,80,80,80,80,80,80,80,80],"card_choices":[{"not_picked":["Wild Strike","Sentinel"],"picked":"Thunderclap","floor":1},{"not_picked":["Cleave","Wild Strike"],"picked":"Clothesline","floor":4},{"not_picked":["Havoc","Reckless Charge"],"picked":"Thunderclap","floor":5},{"not_picked":["Havoc","Reaper"],"picked":"Iron Wave","floor":7},{"not_picked":["Twin Strike","Battle Trance"],"picked":"Bloodletting","floor":8},{"not_picked":["Iron Wave","Pummel"],"picked":"Pommel Strike","floor":10}],"player_experience":59014,"relics_obtained":[{"floor":7,"key":"Self Forming Clay"},{"floor":9,"key":"Gambling Chip"},{"floor":10,"key":"FossilizedHelix"}],"event_choices":[{"damage_healed":0,"gold_gain":0,"player_choice":"Bought 0 Potions","damage_taken":0,"max_hp_gain":0,"max_hp_loss":0,"event_name":"The Woman in Blue","floor":2,"gold_loss":0},{"damage_healed":0,"gold_gain":72,"player_choice":"Gained Gold","damage_taken":0,"max_hp_gain":0,"max_hp_loss":0,"event_name":"Golden Wing","floor":11,"gold_loss":0}],"is_beta":false,"boss_relics":[],"items_purged_floors":[],"is_endless":false,"potions_floor_spawned":[4,7],"killed_by":"Lagavulin","ascension_level":3}