{"gold_per_floor":[115,128,145,156,175,206,206,225,225,238,254,287,298,311,311,416,466,479,492,492,502,522,522,83,108,157,186,199,199,219,239,239,339,339,353,366,73,73,73,73,102,119,119,119,134,134,147,147,147,147,147,147,12,45,45],"floor_reached":55,"playtime":3193,"items_purged":["Pain"],"score":929,"play_id":"c805bee1-2f08-4cf9-b951-905e837529a7","local_time":"20181226005404","is_ascension_mode":true,"campfire_choices":[{"data":"Catalyst","floor":15.0,"key":"SMITH"},{"floor":23.0,"key":"REST"},{"floor":29.0,"key":"RECALL"},{"floor":32.0,"key":"REST"},{"data":"Apotheosis","floor":40.0,"key":"SMITH"},{"floor":46,"key":"REST"},{"floor":49,"key":"REST"},{"data":"Adrenaline","floor":52,"key":"SMITH"}],"neow_cost":"NONE","seed_source_timestamp":619929097558868,"circlet_count":0,"master_deck":["Defend_G","Defend_G+1","Defend_G","Defend_G+1","Defend_G","Strike_G","Strike_G","Strike_G+1","Strike_G","Survivor","Neutralize","Backflip+1","Sucker Punch","Poisoned Stab+1","PiercingWail","Flying Knee","Quick Slash","Phantasmal Killer","Deadly Poison","Catalyst+1","Adrenaline","Poisoned Stab","Sucker Punch","Adrenaline+1","Quick Slash","Masterful Stab","Bane","Deflect+1","After Image","Terror+1","A Thousand Cuts","Leg Sweep+1","Deadly Poison+1","Catalyst","Apotheosis+1","Blind","Deadly Poison+1","Discovery+1","Noxious Fumes","Finesse+1"],"special_seed":0,"relics":["Ring of the Snake","Whetstone","War Paint","Mercury Hourglass","Tiny House","WarpedTongs","Lee\u0027s Waffle","Bag of Marbles","Vajra","Shuriken","Philosopher\u0027s Stone","Matryoshka","Pen Nib","Toxic Egg 2","Ancient Tea Set","Mummified Hand"],"potions_floor_usage":[41,45,50,50,55],"damage_taken":[{"damage":5.0,"enemies":"Cultist","floor":1.0,"turns":5.0},{"damage":8.0,"enemies":"Small Slimes","floor":2.0,"turns":5.0},{"damage":2.0,"enemies":"2 Louse","floor":3.0,"turns":2.0},{"damage":6.0,"enemies":"Exordium Thugs","floor":4.0,"turns":6.0},{"damage":0.0,"enemies":"3 Louse","floor":5.0,"turns":4.0},{"damage":26.0,"enemies":"Lagavulin","floor":6.0,"turns":8.0},{"damage":5.0,"enemies":"Large Slime","floor":8.0,"turns":4.0},{"damage":0.0,"enemies":"2 Fungi Beasts","floor":10.0,"turns":3.0},{"damage":10.0,"enemies":"Exordium Wildlife","floor":11.0,"turns":4.0},{"damage":10.0,"enemies":"Gremlin Nob","floor":12.0,"turns":4.0},{"damage":0.0,"enemies":"Lots of Slimes","floor":13.0,"turns":2.0},{"damage":5.0,"enemies":"Large Slime","floor":14.0,"turns":2.0},{"damage":34.0,"enemies":"Hexaghost","floor":16.0,"turns":6.0},{"damage":18.0,"enemies":"Shell Parasite","floor":18.0,"turns":4.0},{"damage":0.0,"enemies":"Chosen","floor":19.0,"turns":3.0},{"damage":14.0,"enemies":"3 Cultists","floor":21.0,"turns":4.0},{"damage":20.0,"enemies":"Snake Plant","floor":22.0,"turns":2.0},{"damage":11.0,"enemies":"Slavers","floor":25.0,"turns":6.0},{"damage":14.0,"enemies":"Book of Stabbing","floor":27.0,"turns":4.0},{"damage":4.0,"enemies":"Centurion and Healer","floor":28.0,"turns":3.0},{"damage":12.0,"enemies":"Cultist and Chosen","floor":30.0,"turns":3.0},{"damage":0.0,"enemies":"Snecko","floor":31.0,"turns":2.0},{"damage":51.0,"enemies":"Automaton","floor":33.0,"turns":5.0},{"damage":1.0,"enemies":"3 Shapes","floor":35.0,"turns":3.0},{"damage":9.0,"enemies":"Orb Walker","floor":36.0,"turns":3.0},{"damage":33,"enemies":"Reptomancer","floor":41,"turns":4},{"damage":4,"enemies":"Sphere and 2 Shapes","floor":42,"turns":5},{"damage":11,"enemies":"Jaw Worm Horde","floor":45,"turns":4},{"damage":5,"enemies":"Transient","floor":47,"turns":5},{"damage":14,"enemies":"Donu and Deca","floor":50,"turns":7},{"damage":74,"enemies":"Shield and Spear","floor":54,"turns":6},{"damage":14,"enemies":"The Heart","floor":55,"turns":2}],"seed_played":"8727207311937552726","potions_obtained":[{"floor":2.0,"key":"Strength Potion"},{"floor":4.0,"key":"SkillPotion"},{"floor":6.0,"key":"AttackPotion"},{"floor":13.0,"key":"Explosive Potion"},{"floor":16.0,"key":"Ancient Potion"},{"floor":17.0,"key":"Dexterity Potion"},{"floor":21.0,"key":"SkillPotion"},{"floor":22.0,"key":"Block Potion"},{"floor":25.0,"key":"Swift Potion"},{"floor":27.0,"key":"GamblersBrew"},{"floor":36.0,"key":"Fire Potion"},{"floor":41,"key":"GhostInAJar"},{"floor":42,"key":"Swift Potion"},{"floor":45,"key":"GamblersBrew"}],"is_trial":false,"path_per_floor":["M","M","M","M","M","E","?","M","T","M","M","E","M","M","R","B",null,"M","M","?","M","M","R","$","E","T","E","M","R","M","M","R","B",null,"M","M","$","?","T","R","E","M","T","?","M","R","M","?","R","B",null,"R","$","E","B"],"character_chosen":"THE_SILENT","items_purchased":["Lee\u0027s Waffle","Bag of Marbles","Catalyst","Apotheosis","Blind","Noxious Fumes","Finesse+1"],"campfire_rested":4,"item_purchase_floors":[24,24,37,37,37,53,53],"current_hp_per_floor":[65,57,55,49,49,23,80,75,75,75,65,55,55,50,50,16,85,67,67,67,53,33,58,92,81,81,67,63,63,51,51,78,27,92,91,82,82,82,82,82,49,45,45,45,34,60,55,55,81,67,87,87,87,13,0],"gold":45,"neow_bonus":"TRANSFORM_CARD","is_prod":false,"is_daily":false,"chose_seed":false,"campfire_upgraded":3,"win_rate":0,"timestamp":1545803644,"path_taken":["M","M","M","M","M","E","?","M","T","M","M","E","?","M","R","BOSS","M","M","?","M","M","R","$","E","T","E","M","R","M","?","R","BOSS","M","M","$","?","?","R","E","M","T","?","M","R","?","?","R","BOSS","R","$","E","BOSS"],"build_version":"2018-12-20","purchased_purges":1,"victory":false,"max_hp_per_floor":[70,70,70,70,70,70,80,80,80,80,80,80,80,80,80,80,85,85,85,85,85,85,85,92,92,92,92,92,92,92,92,92,92,92,92,92,92,87,87,87,87,87,87,87,87,87,87,87,87,87,87,87,87,87,87],"card_choices":[{"not_picked":["Leg Sweep","Outmaneuver"],"picked":"Backflip","floor":1.0},{"not_picked":["Heel Hook","Concentrate"],"picked":"Sucker Punch","floor":2.0},{"not_picked":["Finisher","Cloak And Dagger"],"picked":"Poisoned Stab","floor":3.0},{"not_picked":["Flying Knee","Blade Dance"],"picked":"PiercingWail","floor":4.0},{"not_picked":["PiercingWail","Outmaneuver"],"picked":"Flying Knee","floor":5.0},{"not_picked":["Finisher","Sucker Punch"],"picked":"Quick Slash","floor":6.0},{"not_picked":["Distraction","Flechettes"],"picked":"Phantasmal Killer","floor":8.0},{"not_picked":["Deflect","Backflip"],"picked":"Deadly Poison","floor":10.0},{"not_picked":["Prepared","Terror"],"picked":"Catalyst","floor":11.0},{"not_picked":["Sucker Punch","Distraction"],"picked":"Adrenaline","floor":12.0},{"not_picked":["Dodge and Roll","Slice"],"picked":"Poisoned Stab","floor":13.0},{"not_picked":["Dagger Spray","Cloak And Dagger"],"picked":"Sucker Punch","floor":14.0},{"not_picked":["Envenom","A Thousand Cuts"],"picked":"Adrenaline","floor":16.0},{"not_picked":["Deflect","Cloak And Dagger"],"picked":"Quick Slash","floor":17.0},{"not_picked":["Sucker Punch","Wraith Form v2","Underhanded Strike"],"picked":"SKIP","floor":18.0},{"not_picked":["Masterful Stab","Sucker Punch","Dagger Throw"],"picked":"SKIP","floor":19.0},{"not_picked":["Underhanded Strike+1","Quick Slash","Accuracy+1"],"picked":"SKIP","floor":21.0},{"not_picked":["Endless Agony","Underhanded Strike+1"],"picked":"Masterful Stab","floor":22.0},{"not_picked":["Prepared","Slice"],"picked":"Bane","floor":25.0},{"not_picked":["Sucker Punch","Quick Slash"],"picked":"Deflect+1","floor":27.0},{"not_picked":["Dagger Throw","Prepared","Quick Slash"],"picked":"SKIP","floor":28.0},{"not_picked":["Prepared","PiercingWail"],"picked":"After Image","floor":30.0},{"not_picked":["Dagger Throw+1","Flying Knee"],"picked":"Terror+1","floor":31.0},{"not_picked":["Malaise","Storm of Steel"],"picked":"A Thousand Cuts","floor":33.0},{"not_picked":["Setup+1","Deadly Poison"],"picked":"Leg Sweep+1","floor":35.0},{"not_picked":["Predator","Flying Knee"],"picked":"Deadly Poison+1","floor":36.0},{"not_picked":["Setup","Bane","Blade Dance"],"picked":"SKIP","floor":41},{"not_picked":["Reflex+1","Leg Sweep+1"],"picked":"Deadly Poison+1","floor":42},{"not_picked":["Dagger Throw+1","Outmaneuver+1","Acrobatics+1"],"picked":"SKIP","floor":45},{"not_picked":["Unload","Eviscerate+1","Dodge and Roll+1"],"picked":"SKIP","floor":47},{"not_picked":["Swift Strike","The Bomb+1"],"picked":"Discovery+1","floor":48},{"not_picked":["Unload","Escape Plan+1","Finisher"],"picked":"SKIP","floor":54}],"player_experience":252108,"relics_obtained":[{"floor":6.0,"key":"Whetstone"},{"floor":9.0,"key":"War Paint"},{"floor":12.0,"key":"Mercury Hourglass"},{"floor":25.0,"key":"Vajra"},{"floor":27.0,"key":"Shuriken"},{"floor":39.0,"key":"Matryoshka"},{"floor":41,"key":"Pen Nib"},{"floor":43,"key":"Toxic Egg 2"},{"floor":43,"key":"Ancient Tea Set"},{"floor":54,"key":"Mummified Hand"}],"event_choices":[{"cards_removed":["Night Terror"],"damage_healed":47.0,"max_hp_gain":10.0,"max_hp_loss":0.0,"gold_gain":0.0,"event_name":"Bonfire Elementals","player_choice":"Offered Rare","floor":7.0,"gold_loss":0.0,"damage_taken":0.0},{"damage_healed":0.0,"max_hp_gain":0.0,"max_hp_loss":0.0,"gold_gain":0.0,"event_name":"Accursed Blacksmith","player_choice":"Rummage","floor":20.0,"gold_loss":0.0,"damage_taken":0.0,"relics_obtained":["WarpedTongs"],"cards_obtained":["Pain"]},{"damage_healed":0.0,"max_hp_gain":0.0,"max_hp_loss":5.0,"gold_gain":0.0,"event_name":"Winding Halls","player_choice":"Max HP","floor":38.0,"gold_loss":0.0,"damage_taken":0.0},{"damage_healed":0,"gold_gain":0,"player_choice":"Ignored","damage_taken":0,"max_hp_gain":0,"max_hp_loss":0,"event_name":"SecretPortal","floor":44,"gold_loss":0},{"damage_healed":0,"gold_gain":0,"player_choice":"Memory 1","damage_taken":0,"max_hp_gain":0,"max_hp_loss":0,"event_name":"SensoryStone","floor":48,"gold_loss":0}],"is_beta":false,"boss_relics":[{"not_picked":["Coffee Dripper","Velvet Choker"],"picked":"Tiny House"},{"not_picked":["Snecko Eye","Black Star"],"picked":"Philosopher\u0027s Stone"}],"items_purged_floors":[24],"is_endless":false,"potions_floor_spawned":[2,4,6,13,16,21,22,25,27,28,31,36,41,42,45],"killed_by":"The Heart","ascension_level":3}