{"path_per_floor":["M","$","?","M","?","?","M","M","T","?","M","E","M","M","R"],"character_chosen":"IRONCLAD","items_purchased":[],"gold_per_floor":[119,119,119,136,136,211,230,245,270,445,458,483,494,512,512,512],"floor_reached":16,"campfire_rested":1,"playtime":628,"item_purchase_floors":[],"current_hp_per_floor":[64,64,64,64,64,53,52,34,34,34,30,17,23,16,40,0],"items_purged":[],"gold":512,"score":140,"play_id":"fa5a8868-bf35-4235-bfcf-c799d6273c37","local_time":"20180610181510","is_prod":false,"is_daily":false,"chose_seed":false,"is_ascension_mode":true,"campfire_upgraded":0,"win_rate":0,"timestamp":1528672510,"campfire_choices":[{"floor":15,"key":"REST"}],"path_taken":["M","$","?","M","?","?","M","?","T","?","M","E","M","M","R","BOSS"],"build_version":"2018-06-07v3","seed_source_timestamp":28393552055746,"purchased_purges":0,"victory":false,"master_deck":["Strike_R","Strike_R","Strike_R","Strike_R","Strike_R","Defend_R","Defend_R","Defend_R","Defend_R","Bash","Spot Weakness","Clash","Regret","Whirlwind","Disarm","Doubt","Metallicize","Disarm","Metallicize","Headbutt","Seeing Red"],"max_hp_per_floor":[80,80,80,80,80,80,80,80,80,80,80,80,80,80,80,80],"relics":["Burning Blood","Bag of Marbles","Dream Catcher","Dodecahedron"],"card_choices":[{"not_picked":["Disarm","Dual Wield"],"picked":"Spot Weakness","floor":1},{"not_picked":["Havoc","Bloodletting"],"picked":"Clash","floor":4},{"not_picked":["Body Slam","Shrug It Off"],"picked":"Whirlwind","floor":7},{"not_picked":["Corruption","Cleave"],"picked":"Disarm","floor":8},{"not_picked":["Carnage","Anger"],"picked":"Metallicize","floor":11},{"not_picked":["Hemokinesis","Flex"],"picked":"Disarm","floor":12},{"not_picked":["True Grit","Havoc"],"picked":"Metallicize","floor":13},{"not_picked":["Fire Breathing","True Grit"],"picked":"Headbutt","floor":14},{"not_picked":["Iron Wave","Body Slam"],"picked":"Seeing Red","floor":15}],"player_experience":264277,"potions_floor_usage":[12,12,16,16],"damage_taken":[{"damage":14,"enemies":"Jaw Worm","floor":1,"turns":3},{"damage":6,"enemies":"Cultist","floor":4,"turns":3},{"damage":7,"enemies":"2 Louse","floor":7,"turns":2},{"damage":24,"enemies":"Large Slime","floor":8,"turns":8},{"damage":10,"enemies":"2 Fungi Beasts","floor":11,"turns":2},{"damage":19,"enemies":"Lagavulin","floor":12,"turns":6},{"damage":0,"enemies":"3 Louse","floor":13,"turns":1},{"damage":13,"enemies":"Blue Slaver","floor":14,"turns":5},{"damage":40,"enemies":"Slime Boss","floor":16,"turns":8}],"relics_obtained":[{"floor":9,"key":"Dream Catcher"},{"floor":12,"key":"Dodecahedron"}],"event_choices":[{"event_name":"The Woman in Blue","player_choice":"Bought 0 Potions","floor":3,"damage_taken":0},{"event_name":"Big Fish","player_choice":"Box","floor":5,"damage_taken":0},{"event_name":"World of Goop","player_choice":"Gather Gold","floor":6,"damage_taken":0},{"event_name":"Liars Game","player_choice":"agreed","floor":10,"damage_taken":0}],"boss_relics":[],"items_purged_floors":[],"potions_floor_spawned":[1,8,12,13],"seed_played":"8330615623819130575","killed_by":"Slime Boss","ascension_level":7,"potions_obtained":[{"floor":1,"key":"SkillPotion"},{"floor":8,"key":"Fire Potion"},{"floor":12,"key":"Poison Potion"},{"floor":13,"key":"EssenceOfSteel"}],"is_trial":false}