{"gold_per_floor":[113,130,149,149,163,195,195,229,311,342,358,358,358,373,373,373],"floor_reached":16,"playtime":1088,"items_purged":[],"score":146,"play_id":"542c0af9-5ab8-4f4e-a542-c7d776930944","local_time":"20190203032623","is_ascension_mode":true,"campfire_choices":[{"data":"Storm of Steel","floor":7,"key":"SMITH"},{"data":"Footwork","floor":12,"key":"SMITH"},{"floor":15,"key":"REST"}],"neow_cost":"NONE","seed_source_timestamp":1946104087842099,"circlet_count":0,"master_deck":["Defend_G","Defend_G","Defend_G","Defend_G","Defend_G","Strike_G","Strike_G","Strike_G","Strike_G","Survivor","Neutralize","Blur","Underhanded Strike","Flechettes","Cloak And Dagger","Storm of Steel+1","Footwork+1","After Image"],"relics":["Ring of the Snake","Centennial Puzzle","Singing Bowl","Torii","Meat on the Bone","Dream Catcher"],"potions_floor_usage":[6,10,10],"damage_taken":[{"damage":0,"enemies":"2 Louse","floor":1,"turns":4},{"damage":2,"enemies":"Cultist","floor":2,"turns":4},{"damage":1,"enemies":"Small Slimes","floor":3,"turns":5},{"damage":3,"enemies":"Looter","floor":5,"turns":4},{"damage":26,"enemies":"Gremlin Nob","floor":6,"turns":4},{"damage":6,"enemies":"3 Sentries","floor":8,"turns":7},{"damage":8,"enemies":"Lagavulin","floor":10,"turns":5},{"damage":11,"enemies":"Large Slime","floor":11,"turns":6},{"damage":1,"enemies":"Blue Slaver","floor":14,"turns":3},{"damage":66,"enemies":"Hexaghost","floor":16,"turns":21}],"seed_played":"2706218379484387198","potions_obtained":[{"floor":1,"key":"Energy Potion"},{"floor":5,"key":"Explosive Potion"},{"floor":6,"key":"Fire Potion"},{"floor":8,"key":"SteroidPotion"}],"is_trial":false,"path_per_floor":["M","M","M","?","M","E","R","E","T","E","M","R","?","M","R","B"],"character_chosen":"THE_SILENT","items_purchased":[],"campfire_rested":1,"item_purchase_floors":[],"current_hp_per_floor":[70,68,67,67,64,38,38,32,32,36,39,39,39,40,64,0],"gold":373,"neow_bonus":"RANDOM_COMMON_RELIC","is_prod":false,"is_daily":false,"chose_seed":false,"campfire_upgraded":2,"win_rate":0,"timestamp":1549124783,"path_taken":["M","M","M","?","?","E","R","E","T","E","M","R","?","M","R","BOSS"],"build_version":"2019-01-23","purchased_purges":0,"victory":false,"max_hp_per_floor":[70,70,70,70,70,70,70,70,70,70,72,72,72,74,76,76],"card_choices":[{"not_picked":["Quick Slash","Slice"],"picked":"Blur","floor":1},{"not_picked":["Deadly Poison","Choke"],"picked":"Underhanded Strike","floor":2},{"not_picked":["Bane","Sucker Punch"],"picked":"Flechettes","floor":3},{"not_picked":["Dagger Throw","Sucker Punch"],"picked":"Cloak And Dagger","floor":5},{"not_picked":["PiercingWail","Deflect"],"picked":"Storm of Steel","floor":6},{"not_picked":["Quick Slash","Bullet Time"],"picked":"Footwork","floor":8},{"not_picked":["All Out Attack","Blur"],"picked":"After Image","floor":10},{"not_picked":["Poisoned Stab","Deadly Poison","Quick Slash"],"picked":"Singing Bowl","floor":11},{"not_picked":["Outmaneuver","Sucker Punch","Underhanded Strike"],"picked":"Singing Bowl","floor":14},{"not_picked":["Slice","Bullet Time","Caltrops"],"picked":"Singing Bowl","floor":15}],"player_experience":242619,"relics_obtained":[{"floor":6,"key":"Singing Bowl"},{"floor":8,"key":"Torii"},{"floor":9,"key":"Meat on the Bone"},{"floor":10,"key":"Dream Catcher"}],"event_choices":[{"damage_healed":0,"gold_gain":0,"player_choice":"0 cards matched","damage_taken":0,"max_hp_gain":0,"max_hp_loss":0,"event_name":"Match and Keep!","floor":4,"gold_loss":0,"cards_obtained":[]},{"cards_removed":["Strike_G"],"damage_healed":0,"gold_gain":0,"player_choice":"Forget","damage_taken":0,"max_hp_gain":0,"max_hp_loss":0,"event_name":"Living Wall","floor":13,"gold_loss":0}],"is_beta":false,"boss_relics":[],"items_purged_floors":[],"is_endless":false,"potions_floor_spawned":[1,5,6,8],"killed_by":"Hexaghost","ascension_level":4}