{"gold_per_floor":[118,118,130,145,66,66,100,100,154,165,165,185,202,202,202,298,298,310,54,54,54],"floor_reached":21,"playtime":742,"items_purged":["Strike_R"],"score":215,"play_id":"897abbe7-b676-4345-b094-c2583355615f","local_time":"20190129210258","is_ascension_mode":true,"campfire_choices":[{"data":"Whirlwind","floor":6,"key":"SMITH"},{"data":"Demon Form","floor":8,"key":"SMITH"},{"data":"Inflame","floor":11,"key":"SMITH"},{"data":"Feed","floor":15,"key":"SMITH"}],"neow_cost":"NONE","seed_source_timestamp":1650139391919653,"circlet_count":0,"master_deck":["Strike_R","Strike_R","Strike_R","Defend_R","Defend_R","Defend_R","Defend_R","Bash","Twin Strike","Whirlwind+1","Inflame+1","Metallicize","Demon Form+1","Shrug It Off","Feed+1","Barricade","Ghostly Armor","Sword Boomerang"],"relics":["Burning Blood","Bag of Preparation","Centennial Puzzle","Anchor","Black Star","Vajra"],"potions_floor_usage":[16,16],"damage_taken":[{"damage":6,"enemies":"Cultist","floor":1,"turns":3},{"damage":2,"enemies":"Jaw Worm","floor":3,"turns":3},{"damage":7,"enemies":"2 Louse","floor":4,"turns":2},{"damage":42,"enemies":"3 Sentries","floor":7,"turns":8},{"damage":3,"enemies":"Exordium Thugs","floor":10,"turns":3},{"damage":0,"enemies":"2 Fungi Beasts","floor":12,"turns":3},{"damage":12,"enemies":"Looter","floor":13,"turns":3},{"damage":29,"enemies":"The Guardian","floor":16,"turns":9},{"damage":48,"enemies":"2 Thieves","floor":18,"turns":4},{"damage":46,"enemies":"Shell Parasite","floor":21,"turns":6}],"seed_played":"-7740493229434191974","potions_obtained":[{"floor":7,"key":"Swift Potion"},{"floor":10,"key":"Regen Potion"},{"floor":12,"key":"Dexterity Potion"},{"floor":16,"key":"Poison Potion"},{"floor":18,"key":"GamblersBrew"}],"is_trial":false,"path_per_floor":["M","?","M","M","$","R","E","R","T","M","R","M","M","?","R","B",null,"M","$","?","M"],"character_chosen":"IRONCLAD","items_purchased":["Metallicize","Vajra","Sword Boomerang"],"campfire_rested":0,"item_purchase_floors":[5,19,19],"current_hp_per_floor":[80,80,80,79,79,79,43,43,43,46,46,52,46,51,51,28,85,43,43,43,0],"gold":54,"neow_bonus":"RANDOM_COMMON_RELIC","is_prod":false,"is_daily":false,"chose_seed":false,"campfire_upgraded":4,"win_rate":0,"timestamp":1548763378,"path_taken":["M","?","M","M","$","R","E","R","T","?","R","M","M","?","R","BOSS","M","$","?","M"],"build_version":"2019-01-23","purchased_purges":1,"victory":false,"max_hp_per_floor":[80,80,80,80,80,80,80,80,80,80,80,80,80,85,85,85,85,85,85,85,85],"card_choices":[{"not_picked":["Clash","Body Slam"],"picked":"Twin Strike","floor":1},{"not_picked":["Armaments","Rampage"],"picked":"Whirlwind","floor":3},{"not_picked":["Battle Trance","Flex"],"picked":"Inflame","floor":4},{"not_picked":["Sword Boomerang","Cleave"],"picked":"Demon Form","floor":7},{"not_picked":["Cleave","Clothesline","Headbutt"],"picked":"SKIP","floor":10},{"not_picked":["Rampage","Feel No Pain"],"picked":"Shrug It Off","floor":12},{"not_picked":["Blood for Blood","Rupture"],"picked":"Feed","floor":13},{"not_picked":["Double Tap","Brutality"],"picked":"Barricade","floor":16},{"not_picked":["Blood for Blood","Searing Blow"],"picked":"Ghostly Armor","floor":18}],"player_experience":732073,"relics_obtained":[{"floor":7,"key":"Centennial Puzzle"},{"floor":9,"key":"Anchor"}],"event_choices":[{"cards_removed":["Strike_R"],"damage_healed":0,"gold_gain":0,"player_choice":"Offered Basic","damage_taken":0,"max_hp_gain":0,"max_hp_loss":0,"event_name":"Bonfire Elementals","floor":2,"gold_loss":0},{"damage_healed":0,"gold_gain":0,"player_choice":"Donut","damage_taken":0,"max_hp_gain":5,"max_hp_loss":0,"event_name":"Big Fish","floor":14,"gold_loss":0}],"is_beta":false,"boss_relics":[{"not_picked":["Tiny House","Runic Cube"],"picked":"Black Star"}],"items_purged_floors":[19],"is_endless":false,"potions_floor_spawned":[7,10,12,16,18],"killed_by":"Shell Parasite","ascension_level":4}