{"gold_per_floor":[116,78,78,96,21,51,51,51,99,131,142,202,230,230,230,230],"floor_reached":16,"playtime":674,"items_purged":["Pain"],"score":190,"play_id":"1180bdc2-6275-4c4a-8e9a-f956751cd3e6","local_time":"20181231151540","is_ascension_mode":true,"campfire_choices":[{"data":"Chill","floor":8,"key":"SMITH"},{"data":"Storm","floor":15,"key":"SMITH"}],"neow_cost":"NONE","seed_source_timestamp":895900278022418,"circlet_count":0,"master_deck":["Strike_B","Strike_B","Strike_B","Strike_B","Defend_B","Defend_B","Defend_B","Defend_B","Zap","Dualcast","Chill+1","Loop","Self Repair","Conserve Battery","Leap","Glacier","Genetic Algorithm","Storm+1"],"relics":["Cracked Core","NeowsBlessing","WarpedTongs","Strawberry","Blood Vial","Question Card","Anchor","Nunchaku"],"potions_floor_usage":[13,13,16,16],"damage_taken":[{"damage":0,"enemies":"Small Slimes","floor":1,"turns":1},{"damage":1,"enemies":"Cultist","floor":4,"turns":1},{"damage":0,"enemies":"Lagavulin","floor":6,"turns":1},{"damage":28,"enemies":"Gremlin Nob","floor":10,"turns":5},{"damage":7,"enemies":"Jaw Worm","floor":11,"turns":4},{"damage":10,"enemies":"3 Sentries","floor":12,"turns":10},{"damage":28,"enemies":"Lagavulin","floor":13,"turns":6},{"damage":80,"enemies":"Hexaghost","floor":16,"turns":17}],"seed_played":"1229932777366896194","potions_obtained":[{"floor":1,"key":"Strength Potion"},{"floor":4,"key":"Strength Potion"},{"floor":10,"key":"SteroidPotion"},{"floor":12,"key":"SpeedPotion"},{"floor":13,"key":"SteroidPotion"}],"is_trial":false,"path_per_floor":["M","$","?","M","$","E","$","R","T","E","M","?","E","?","R","B"],"character_chosen":"DEFECT","items_purchased":["Loop"],"campfire_rested":0,"item_purchase_floors":[2],"current_hp_per_floor":[68,68,68,67,67,74,74,74,74,58,63,62,43,70,70,0],"gold":230,"neow_bonus":"THREE_ENEMY_KILL","is_prod":false,"is_daily":false,"chose_seed":false,"campfire_upgraded":2,"win_rate":0,"timestamp":1546290940,"path_taken":["M","$","?","M","$","E","?","R","T","E","?","?","E","?","R","BOSS"],"build_version":"2018-12-20","purchased_purges":1,"victory":false,"max_hp_per_floor":[75,75,75,75,75,82,82,82,82,82,82,82,82,82,82,82],"card_choices":[{"not_picked":["Skim","Self Repair"],"picked":"Chill","floor":1},{"not_picked":["Rebound","Sweeping Beam"],"picked":"Self Repair","floor":4},{"not_picked":["Compile Driver","Go for the Eyes"],"picked":"Conserve Battery","floor":6},{"not_picked":["Rainbow","Streamline"],"picked":"Leap","floor":10},{"not_picked":["Stack","Capacitor","Steam"],"picked":"Glacier","floor":11},{"not_picked":["Hologram","Aggregate","Leap"],"picked":"Genetic Algorithm","floor":12},{"not_picked":["Streamline","Sweeping Beam","Hologram"],"picked":"Storm","floor":13}],"player_experience":358426,"relics_obtained":[{"floor":6,"key":"Strawberry"},{"floor":9,"key":"Blood Vial"},{"floor":10,"key":"Question Card"},{"floor":12,"key":"Anchor"},{"floor":13,"key":"Nunchaku"}],"event_choices":[{"damage_healed":0,"gold_gain":0,"player_choice":"Rummage","damage_taken":0,"relics_obtained":["WarpedTongs"],"max_hp_gain":0,"max_hp_loss":0,"event_name":"Accursed Blacksmith","floor":3,"gold_loss":0,"cards_obtained":["Pain"]},{"damage_healed":0,"gold_gain":0,"player_choice":"Searched \u00271\u0027 times","damage_taken":0,"max_hp_gain":0,"max_hp_loss":0,"event_name":"Dead Adventurer","floor":12,"gold_loss":0},{"damage_healed":27,"gold_gain":0,"player_choice":"Banana","damage_taken":0,"max_hp_gain":0,"max_hp_loss":0,"event_name":"Big Fish","floor":14,"gold_loss":0}],"is_beta":false,"boss_relics":[],"items_purged_floors":[5],"is_endless":false,"potions_floor_spawned":[1,4,10,12,13],"killed_by":"Hexaghost","ascension_level":7}