{"path_per_floor":["M","M","?","M","M","R","E","$","T","?","R","E","M","M","R","B",null,"M","?","M","T","M","R","T","M","T","M","M","E"],"character_chosen":"IRONCLAD","items_purchased":[],"gold_per_floor":[110,122,122,138,153,153,218,143,143,243,243,270,280,299,299,400,430,450,450,419,445,464,464,540,560,606,623,636,663,663],"floor_reached":30,"campfire_rested":0,"playtime":2012,"item_purchase_floors":[],"current_hp_per_floor":[74,65,65,65,66,66,50,50,50,50,50,32,36,40,40,8,67,67,67,49,49,32,32,32,38,38,44,31,9,0],"items_purged":["Strike_R"],"gold":663,"score":356,"play_id":"973bccbd-0904-4ce9-9136-e4f42a7413b8","local_time":"20180529144640","is_prod":false,"is_daily":false,"chose_seed":false,"is_ascension_mode":true,"campfire_upgraded":4,"win_rate":0,"timestamp":1527630400,"campfire_choices":[{"data":"Uppercut","floor":6,"key":"SMITH"},{"data":"True Grit","floor":11,"key":"SMITH"},{"data":"Pommel Strike","floor":15,"key":"SMITH"},{"data":"Bludgeon","floor":23,"key":"SMITH"}],"path_taken":["M","M","?","M","M","R","E","$","T","?","R","E","M","M","R","BOSS","M","?","M","?","M","R","?","M","T","M","M","E","M"],"build_version":"2018-05-24","seed_source_timestamp":694269181225105,"purchased_purges":1,"victory":false,"master_deck":["Strike_R","Strike_R","Strike_R","Strike_R","Defend_R","Defend_R+1","Defend_R","Defend_R","Bash","Clothesline","Whirlwind+1","True Grit+1","Uppercut+1","Pommel Strike+1","Spot Weakness","Ghostly Armor","Bludgeon+1","Pommel Strike+1","Feel No Pain+1","Armaments+1","Iron Wave+1","True Grit"],"max_hp_per_floor":[80,80,80,80,80,80,80,80,80,80,80,80,80,80,80,80,85,85,85,85,85,85,85,85,85,85,85,85,85,85],"relics":["Burning Blood","Tiny Chest","Self Forming Clay","Dead Branch","Tiny House","Bronze Scales","The Courier","Happy Flower","Ancient Tea Set"],"card_choices":[{"not_picked":["Warcry","Body Slam"],"picked":"Clothesline","floor":1},{"not_picked":["Wild Strike","Havoc"],"picked":"Whirlwind","floor":2},{"not_picked":["Sever Soul","Anger"],"picked":"True Grit","floor":4},{"not_picked":["Clothesline","True Grit"],"picked":"Uppercut","floor":5},{"not_picked":["True Grit","Bloodletting"],"picked":"Pommel Strike","floor":7},{"not_picked":["Battle Trance","Dark Embrace"],"picked":"Spot Weakness","floor":12},{"not_picked":["Anger","Thunderclap"],"picked":"Ghostly Armor","floor":13},{"not_picked":["True Grit","Rage","Pommel Strike"],"picked":"SKIP","floor":14},{"not_picked":["Feed","Immolate"],"picked":"Bludgeon","floor":16},{"not_picked":["Pommel Strike","Clash","Cleave"],"picked":"SKIP","floor":18},{"not_picked":["Perfected Strike","Bloodletting"],"picked":"Feel No Pain+1","floor":20},{"not_picked":["Havoc+1","Combust+1","Dropkick"],"picked":"SKIP","floor":22},{"not_picked":["Pommel Strike","Twin Strike"],"picked":"Armaments+1","floor":25},{"not_picked":["Corruption","Infernal Blade+1","Body Slam"],"picked":"SKIP","floor":27},{"not_picked":["Dark Embrace","Perfected Strike"],"picked":"Iron Wave+1","floor":28},{"not_picked":["Battle Trance","Clash"],"picked":"True Grit","floor":29}],"player_experience":722038,"potions_floor_usage":[5,16,18,22,27,29,29],"damage_taken":[{"damage":4,"enemies":"2 Louse","floor":1,"turns":3},{"damage":15,"enemies":"Jaw Worm","floor":2,"turns":4},{"damage":6,"enemies":"Cultist","floor":4,"turns":3},{"damage":5,"enemies":"Red Slaver","floor":5,"turns":4},{"damage":22,"enemies":"3 Sentries","floor":7,"turns":5},{"damage":24,"enemies":"Lagavulin","floor":12,"turns":7},{"damage":2,"enemies":"Blue Slaver","floor":13,"turns":4},{"damage":2,"enemies":"Exordium Wildlife","floor":14,"turns":3},{"damage":38,"enemies":"The Guardian","floor":16,"turns":16},{"damage":6,"enemies":"3 Byrds","floor":18,"turns":4},{"damage":24,"enemies":"2 Thieves","floor":20,"turns":5},{"damage":23,"enemies":"Cultist and Chosen","floor":22,"turns":7},{"damage":0,"enemies":"Snecko","floor":25,"turns":3},{"damage":0,"enemies":"Chosen and Byrds","floor":27,"turns":4},{"damage":19,"enemies":"Snake Plant","floor":28,"turns":4},{"damage":28,"enemies":"Gremlin Leader","floor":29,"turns":7},{"damage":19,"enemies":"Cultist and Chosen","floor":30,"turns":4}],"relics_obtained":[{"floor":7,"key":"Tiny Chest"},{"floor":9,"key":"Self Forming Clay"},{"floor":12,"key":"Dead Branch"},{"floor":21,"key":"Bronze Scales"},{"floor":24,"key":"The Courier"},{"floor":26,"key":"Happy Flower"},{"floor":29,"key":"Ancient Tea Set"}],"event_choices":[{"event_name":"Living Wall","player_choice":"Grow","floor":3,"damage_taken":0},{"event_name":"Wheel of Change","player_choice":"Gold","floor":10,"damage_taken":0},{"event_name":"Duplicator","player_choice":"One dupe","floor":19,"damage_taken":0}],"boss_relics":[{"not_picked":["Calling Bell","Runic Pyramid"],"picked":"Tiny House"}],"items_purged_floors":[8],"potions_floor_spawned":[4,7,12,22,27,28],"seed_played":"-8371031945734051767","killed_by":"Cultist and Chosen","ascension_level":7,"potions_obtained":[{"floor":4,"key":"Weak Potion"},{"floor":7,"key":"SteroidPotion"},{"floor":12,"key":"Poison Potion"},{"floor":17,"key":"Energy Potion"},{"floor":22,"key":"FearPotion"},{"floor":27,"key":"PowerPotion"},{"floor":28,"key":"Explosive Potion"}],"is_trial":false}