{"gold_per_floor":[115,115,25,25,25,66,66,97,97,120,145,26,26,70,70,169,169,188,188,211,40,40,40,40],"floor_reached":24,"playtime":1148,"items_purged":["Strike_R"],"score":452,"play_id":"94004834-5a24-4bb0-b20d-8fea9518d5eb","local_time":"20190207003859","is_ascension_mode":true,"campfire_choices":[{"data":"Inflame","floor":7,"key":"SMITH"},{"data":"Metallicize","floor":13,"key":"SMITH"},{"data":"True Grit","floor":15,"key":"SMITH"},{"data":"Metallicize","floor":23,"key":"SMITH"}],"neow_cost":"NONE","seed_source_timestamp":5973748447299,"circlet_count":0,"master_deck":["AscendersBane","Strike_R","Strike_R","Strike_R+1","Strike_R+1","Defend_R","Defend_R","Defend_R","Defend_R","Bash","Shrug It Off","Dropkick","Inflame+1","Clash","Shrug It Off","Metallicize+1","True Grit+1","Offering","Flex","Armaments","Pommel Strike","True Grit","Metallicize+1","Offering","Cleave+1","Flame Barrier","Heavy Blade"],"relics":["Burning Blood","NeowsBlessing","Golden Idol","Blood Vial","Whetstone","Mummified Hand","Art of War","Smiling Mask","Orrery","Strawberry"],"potions_floor_usage":[11,14,20,24],"damage_taken":[{"damage":0,"enemies":"2 Louse","floor":1,"turns":1},{"damage":0,"enemies":"Gremlin Nob","floor":6,"turns":1},{"damage":0,"enemies":"3 Sentries","floor":8,"turns":2},{"damage":2,"enemies":"Small Slimes","floor":11,"turns":3},{"damage":11,"enemies":"Lagavulin","floor":14,"turns":6},{"damage":34,"enemies":"Hexaghost","floor":16,"turns":14},{"damage":8,"enemies":"Shell Parasite","floor":18,"turns":7},{"damage":12,"enemies":"3 Byrds","floor":20,"turns":8},{"damage":90,"enemies":"Gremlin Leader","floor":24,"turns":8}],"seed_played":"7708279983161134169","potions_obtained":[{"floor":6,"key":"SteroidPotion"},{"floor":20,"key":"Energy Potion"}],"is_trial":false,"path_per_floor":["M","?","$","?","?","E","R","E","T","T","M","$","R","E","R","B",null,"M","T","M","$","?","R","E"],"character_chosen":"IRONCLAD","items_purchased":["Dropkick","SkillPotion","Metallicize","SteroidPotion","Flame Barrier","Heavy Blade"],"campfire_rested":0,"item_purchase_floors":[3,3,12,12,21,21],"current_hp_per_floor":[74,74,74,74,48,54,54,62,62,62,68,68,68,65,65,39,66,66,73,69,69,69,69,0],"gold":40,"neow_bonus":"THREE_ENEMY_KILL","is_prod":false,"is_daily":false,"chose_seed":false,"campfire_upgraded":4,"win_rate":0,"timestamp":1549517939,"path_taken":["M","?","$","?","?","E","R","E","T","?","?","$","R","E","R","BOSS","M","?","?","$","?","R","E"],"build_version":"2019-01-23","purchased_purges":1,"victory":false,"max_hp_per_floor":[75,75,75,75,75,75,75,75,75,75,75,75,75,75,75,75,75,75,82,82,82,82,82,82],"card_choices":[{"not_picked":["Perfected Strike","Infernal Blade"],"picked":"Shrug It Off","floor":1},{"not_picked":["Battle Trance","Perfected Strike"],"picked":"Inflame","floor":6},{"not_picked":["Sentinel","Reckless Charge"],"picked":"Clash","floor":8},{"not_picked":["Havoc","Bloodletting"],"picked":"Shrug It Off","floor":11},{"not_picked":["Infernal Blade","Double Tap"],"picked":"True Grit","floor":14},{"not_picked":["Barricade","Impervious"],"picked":"Offering","floor":16},{"not_picked":["Anger","Cleave"],"picked":"Flex","floor":17},{"not_picked":["Headbutt","Searing Blow"],"picked":"Armaments","floor":17},{"not_picked":["Havoc","Perfected Strike"],"picked":"Pommel Strike","floor":17},{"not_picked":["Twin Strike","Cleave"],"picked":"True Grit","floor":17},{"not_picked":["Corruption","Rage"],"picked":"Metallicize","floor":17},{"not_picked":["Perfected Strike","Twin Strike"],"picked":"Offering","floor":18},{"not_picked":["Pommel Strike","True Grit"],"picked":"Cleave+1","floor":20}],"player_experience":724742,"relics_obtained":[{"floor":6,"key":"Blood Vial"},{"floor":8,"key":"Whetstone"},{"floor":9,"key":"Mummified Hand"},{"floor":10,"key":"Art of War"},{"floor":14,"key":"Smiling Mask"},{"floor":19,"key":"Strawberry"}],"event_choices":[{"damage_healed":0,"gold_gain":0,"player_choice":"Leave","damage_taken":0,"max_hp_gain":0,"max_hp_loss":0,"event_name":"The Cleric","floor":2,"gold_loss":0},{"damage_healed":0,"gold_gain":0,"player_choice":"Ignored","damage_taken":0,"max_hp_gain":0,"max_hp_loss":0,"event_name":"Liars Game","floor":4,"gold_loss":0},{"damage_healed":0,"gold_gain":0,"player_choice":"Take Damage","damage_taken":26,"relics_obtained":["Golden Idol"],"max_hp_gain":0,"max_hp_loss":0,"event_name":"Golden Idol","floor":5,"gold_loss":0},{"damage_healed":0,"gold_gain":0,"player_choice":"Ignored","damage_taken":0,"max_hp_gain":0,"max_hp_loss":0,"event_name":"Beggar","floor":22,"gold_loss":0}],"is_beta":false,"boss_relics":[{"not_picked":["Calling Bell","Fusion Hammer"],"picked":"Orrery"}],"items_purged_floors":[21],"is_endless":false,"potions_floor_spawned":[6,20],"killed_by":"Gremlin Leader","ascension_level":15}