{"gold_per_floor":[118,7,7,25,39,72,72,22,47,78,78,78,78,89,89,190,190,204,84,84,84,96,96,96,96,96,123,123,135,147,180,180,282,282,302,312,37,51,51,51,68,68,91,91,104,104],"floor_reached":46,"playtime":3096,"items_purged":["Strike_R","Spot Weakness+1"],"score":559,"play_id":"52e2dc20-3c0f-4be3-a52a-07304fbe05e9","local_time":"20190129192838","is_ascension_mode":true,"campfire_choices":[{"data":"Inflame","floor":7.0,"key":"SMITH"},{"data":"Body Slam","floor":11.0,"key":"SMITH"},{"data":"Flame Barrier","floor":13.0,"key":"SMITH"},{"data":"True Grit","floor":15.0,"key":"SMITH"},{"data":"Juggernaut","floor":23,"key":"SMITH"},{"data":"Juggernaut","floor":25,"key":"SMITH"},{"data":"Metallicize","floor":28,"key":"SMITH"},{"floor":32,"key":"REST"},{"floor":40,"key":"REST"},{"floor":42,"key":"REST"}],"neow_cost":"NONE","seed_source_timestamp":0,"circlet_count":0,"master_deck":["Defend_R","Defend_R","Defend_R+1","Bash","Metallicize+1","Flame Barrier+1","Inflame+1","Sword Boomerang","Body Slam+1","Seeing Red+1","True Grit+1","Juggernaut+1","Battle Trance","Shrug It Off","Juggernaut+1","Ghostly Armor","Feel No Pain","Iron Wave","Barricade","Bludgeon+1","Wild Strike+1","True Grit","Second Wind","Madness","Madness","Juggernaut"],"special_seed":0,"relics":["Burning Blood","Bronze Scales","Bag of Marbles","Red Skull","Mark of Pain","Smiling Mask","PreservedInsect","War Paint","Astrolabe","Happy Flower","Juzu Bracelet"],"potions_floor_usage":[35,46,46],"damage_taken":[{"damage":10.0,"enemies":"Small Slimes","floor":1.0,"turns":3.0},{"damage":6.0,"enemies":"Cultist","floor":4.0,"turns":3.0},{"damage":3.0,"enemies":"2 Louse","floor":5.0,"turns":3.0},{"damage":24.0,"enemies":"Gremlin Nob","floor":6.0,"turns":4.0},{"damage":25.0,"enemies":"3 Sentries","floor":10.0,"turns":12.0},{"damage":11.0,"enemies":"Looter","floor":14.0,"turns":2.0},{"damage":22.0,"enemies":"The Guardian","floor":16.0,"turns":10.0},{"damage":18.0,"enemies":"Shell Parasite","floor":18.0,"turns":5.0},{"damage":4.0,"enemies":"Chosen","floor":22.0,"turns":4.0},{"damage":16,"enemies":"Book of Stabbing","floor":27,"turns":4},{"damage":15,"enemies":"Snake Plant","floor":29,"turns":3},{"damage":12,"enemies":"Centurion and Healer","floor":30,"turns":5},{"damage":29,"enemies":"Slavers","floor":31,"turns":4},{"damage":39,"enemies":"Automaton","floor":33,"turns":8},{"damage":44,"enemies":"3 Darklings","floor":35,"turns":6},{"damage":17,"enemies":"Orb Walker","floor":36,"turns":5},{"damage":46,"enemies":"Jaw Worm Horde","floor":38,"turns":5},{"damage":8,"enemies":"3 Darklings","floor":41,"turns":4},{"damage":28,"enemies":"Writhing Mass","floor":45,"turns":5},{"damage":48,"enemies":"Nemesis","floor":46,"turns":5}],"seed_played":"-1368641159440263520","potions_obtained":[{"floor":3.0,"key":"Fruit Juice"},{"floor":3.0,"key":"FairyPotion"},{"floor":3.0,"key":"EssenceOfSteel"},{"floor":4.0,"key":"BloodPotion"},{"floor":6.0,"key":"Fruit Juice"},{"floor":18.0,"key":"Dexterity Potion"},{"floor":27,"key":"Energy Potion"},{"floor":36,"key":"GamblersBrew"},{"floor":38,"key":"Dexterity Potion"}],"is_trial":false,"path_per_floor":["M","$","?","M","M","E","R","?","T","E","R","?","R","M","R","B",null,"M","$","?","?","M","R","?","R","T","E","R","M","M","E","R","B",null,"M","M","$","M","?","R","M","R","T","?","M","E"],"character_chosen":"IRONCLAD","items_purchased":["Flame Barrier","Inflame","Shrug It Off","Second Wind","Happy Flower"],"campfire_rested":3,"item_purchase_floors":[2,2,19,37,37],"current_hp_per_floor":[76,76,81,81,84,71,71,71,71,52,52,52,52,47,47,31,90,78,78,78,78,80,80,80,80,80,70,70,61,55,32,59,26,90,52,41,41,11,11,38,36,63,63,52,30,0],"gold":104,"neow_bonus":"RANDOM_COMMON_RELIC","is_prod":false,"is_daily":false,"chose_seed":false,"campfire_upgraded":7,"win_rate":0,"timestamp":1548757718,"path_taken":["M","$","?","M","?","E","R","?","T","E","R","?","R","?","R","BOSS","M","$","?","?","?","R","?","R","T","E","R","M","M","E","R","BOSS","M","M","$","M","?","R","M","R","T","?","M","E"],"build_version":"2019-01-23","purchased_purges":2,"victory":false,"max_hp_per_floor":[80,80,85,85,85,90,90,90,90,90,90,90,90,90,90,90,90,90,90,90,90,90,90,90,90,90,90,90,90,90,90,90,90,90,90,90,90,90,90,90,90,90,90,90,90,90],"card_choices":[{"not_picked":["Wild Strike","Rampage"],"picked":"Metallicize","floor":1.0},{"not_picked":["Blood for Blood","Hemokinesis","Wild Strike"],"picked":"SKIP","floor":4.0},{"not_picked":["Shrug It Off","Flex"],"picked":"Sword Boomerang","floor":5.0},{"not_picked":["Headbutt","Anger","Combust"],"picked":"SKIP","floor":6.0},{"not_picked":["Second Wind","Armaments"],"picked":"Body Slam","floor":10.0},{"not_picked":["Shockwave","Sword Boomerang"],"picked":"True Grit","floor":14.0},{"not_picked":["Demon Form","Offering"],"picked":"Juggernaut","floor":16.0},{"not_picked":["Heavy Blade","Warcry+1"],"picked":"Battle Trance","floor":18.0},{"not_picked":["Rage","Second Wind+1"],"picked":"Ghostly Armor","floor":22.0},{"not_picked":["Rampage","Thunderclap"],"picked":"Feel No Pain","floor":27},{"not_picked":["Wild Strike+1","Body Slam+1","Combust"],"picked":"SKIP","floor":29},{"not_picked":["Havoc","Wild Strike+1","Feel No Pain+1"],"picked":"SKIP","floor":30},{"not_picked":["Metallicize","Corruption+1"],"picked":"Iron Wave","floor":31},{"not_picked":["Berserk","Bludgeon"],"picked":"Barricade","floor":33},{"not_picked":["Thunderclap+1","Clash"],"picked":"True Grit","floor":35},{"not_picked":["Sword Boomerang+1","Heavy Blade","Wild Strike"],"picked":"SKIP","floor":36},{"not_picked":["Intimidate+1","Anger+1","Inflame+1"],"picked":"SKIP","floor":38},{"not_picked":["Wild Strike+1","Dropkick","Clothesline+1"],"picked":"SKIP","floor":41},{"not_picked":["Twin Strike+1","Clash+1"],"picked":"Juggernaut","floor":45}],"player_experience":727710,"relics_obtained":[{"floor":6.0,"key":"Bag of Marbles"},{"floor":10.0,"key":"Red Skull"},{"floor":26,"key":"Smiling Mask"},{"floor":27,"key":"PreservedInsect"},{"floor":31,"key":"War Paint"},{"floor":43,"key":"Juzu Bracelet"}],"event_choices":[{"damage_healed":0.0,"max_hp_gain":0.0,"max_hp_loss":0.0,"gold_gain":0.0,"event_name":"Lab","player_choice":"Got Potions","floor":3.0,"gold_loss":0.0,"damage_taken":0.0},{"cards_removed":["Strike_R"],"damage_healed":0.0,"max_hp_gain":0.0,"max_hp_loss":0.0,"gold_gain":0.0,"event_name":"The Cleric","player_choice":"Card Removal","floor":8.0,"gold_loss":50.0,"damage_taken":0.0},{"damage_healed":0.0,"max_hp_gain":0.0,"max_hp_loss":0.0,"gold_gain":0.0,"event_name":"Match and Keep!","player_choice":"1 cards matched","floor":12.0,"gold_loss":0.0,"damage_taken":0.0,"cards_obtained":["Seeing Red"]},{"damage_healed":0.0,"max_hp_gain":0.0,"max_hp_loss":0.0,"gold_gain":0.0,"event_name":"Duplicator","player_choice":"Copied","floor":21.0,"gold_loss":0.0,"damage_taken":0.0,"cards_obtained":["Juggernaut"]},{"damage_healed":0,"gold_gain":0,"player_choice":"Ignored","damage_taken":0,"max_hp_gain":0,"max_hp_loss":0,"event_name":"Ghosts","floor":24,"gold_loss":0},{"cards_removed":["Defend_R"],"damage_healed":0,"gold_gain":0,"player_choice":"Removed Skill","damage_taken":0,"max_hp_gain":0,"max_hp_loss":0,"event_name":"Falling","floor":39,"gold_loss":0},{"damage_healed":0,"gold_gain":0,"player_choice":"Embrace Madness","damage_taken":11,"max_hp_gain":0,"max_hp_loss":0,"event_name":"Winding Halls","floor":44,"gold_loss":0,"cards_obtained":["Madness","Madness"]}],"is_beta":false,"boss_relics":[{"not_picked":["Empty Cage","Philosopher\u0027s Stone"],"picked":"Mark of Pain"},{"not_picked":["Orrery","Runic Cube"],"picked":"Astrolabe"}],"items_purged_floors":[19,37],"is_endless":false,"potions_floor_spawned":[4,5,6,18,27,36,38],"killed_by":"Nemesis","ascension_level":4}