{"gold_per_floor":[119,119,119,119,129,129,160,160,208,221,221,250,11,186,186,264,294,308,324,324,324],"floor_reached":21,"playtime":867,"items_purged":[],"score":447,"play_id":"8f01bdd2-39b7-4f75-9e29-449d67124441","local_time":"20181218170627","is_ascension_mode":true,"campfire_choices":[{"data":"Self Repair","floor":6,"key":"SMITH"},{"data":"Go for the Eyes","floor":11,"key":"SMITH"},{"data":"FTL","floor":15,"key":"SMITH"}],"neow_cost":"NONE","seed_source_timestamp":323487621185789,"circlet_count":0,"master_deck":["AscendersBane","Strike_B","Strike_B","Strike_B","Strike_B","Defend_B+1","Defend_B","Defend_B","Defend_B","Zap+1","Dualcast+1","Leap","Self Repair+1","Glacier","Go for the Eyes+1","FTL+1","Doubt","Multi-Cast","Shame","Injury","Shame","Capacitor+1","Barrage","Zap","Seek"],"relics":["Cracked Core","NeowsBlessing","Frozen Egg 2","Bag of Marbles","Lantern","Letter Opener","Calling Bell","Tiny Chest","Darkstone Periapt","FossilizedHelix"],"potions_floor_usage":[12,18],"damage_taken":[{"damage":0,"enemies":"Cultist","floor":1,"turns":1},{"damage":0,"enemies":"Jaw Worm","floor":5,"turns":1},{"damage":0,"enemies":"Lagavulin","floor":7,"turns":1},{"damage":3,"enemies":"2 Louse","floor":10,"turns":2},{"damage":1,"enemies":"3 Sentries","floor":12,"turns":3},{"damage":61,"enemies":"The Guardian","floor":16,"turns":16},{"damage":41,"enemies":"Spheric Guardian","floor":18,"turns":12},{"damage":22,"enemies":"Shell Parasite","floor":19,"turns":13},{"damage":19,"enemies":"Snecko","floor":21,"turns":5}],"seed_played":"-1935708856496106541","potions_obtained":[{"floor":1,"key":"GamblersBrew"},{"floor":5,"key":"Energy Potion"},{"floor":8,"key":"PowerPotion"}],"is_trial":false,"path_per_floor":["M","?","T","?","M","R","E","?","T","M","R","E","$","?","R","B",null,"M","M","?","M"],"character_chosen":"DEFECT","items_purchased":["Letter Opener"],"campfire_rested":0,"item_purchase_floors":[13],"current_hp_per_floor":[68,53,53,53,53,53,53,53,53,60,60,69,69,69,69,18,61,30,18,18,0],"gold":324,"neow_bonus":"THREE_ENEMY_KILL","is_prod":false,"is_daily":false,"chose_seed":false,"campfire_upgraded":3,"win_rate":0,"timestamp":1545177987,"path_taken":["M","?","?","?","?","R","E","?","T","?","R","E","?","?","R","BOSS","M","M","?","?"],"build_version":"2018-12-13","purchased_purges":0,"victory":false,"max_hp_per_floor":[75,75,75,75,75,75,75,75,75,75,75,75,75,75,75,75,75,75,75,75,75],"card_choices":[{"not_picked":["Genetic Algorithm","Streamline"],"picked":"Leap","floor":1},{"not_picked":["Streamline","Ball Lightning"],"picked":"Self Repair","floor":5},{"not_picked":["Go for the Eyes","Defragment"],"picked":"Glacier","floor":7},{"not_picked":["Rebound","Undo"],"picked":"Go for the Eyes","floor":10},{"not_picked":["Beam Cell","Turbo"],"picked":"FTL","floor":12},{"not_picked":["Thunder Strike","Hyperbeam"],"picked":"Multi-Cast","floor":16},{"not_picked":["Force Field","Compile Driver"],"picked":"Capacitor+1","floor":18},{"not_picked":["Lockon","Hello World+1"],"picked":"Barrage","floor":19}],"player_experience":708527,"relics_obtained":[{"floor":7,"key":"Frozen Egg 2"},{"floor":9,"key":"Bag of Marbles"},{"floor":12,"key":"Lantern"},{"floor":17,"key":"Tiny Chest"},{"floor":17,"key":"Darkstone Periapt"},{"floor":17,"key":"FossilizedHelix"}],"event_choices":[{"damage_healed":0,"gold_gain":0,"player_choice":"Entered Light","damage_taken":15,"max_hp_gain":0,"max_hp_loss":0,"event_name":"Shining Light","floor":2,"gold_loss":0,"cards_upgraded":["Defend_B","Dualcast"]},{"damage_healed":0,"gold_gain":0,"player_choice":"Upgraded","damage_taken":0,"max_hp_gain":0,"max_hp_loss":0,"event_name":"Upgrade Shrine","floor":4,"gold_loss":0,"cards_upgraded":["Zap"]},{"damage_healed":0,"gold_gain":0,"player_choice":"Got Potions","damage_taken":0,"max_hp_gain":0,"max_hp_loss":0,"event_name":"Lab","floor":8,"gold_loss":0},{"damage_healed":0,"gold_gain":175,"player_choice":"AGREE","damage_taken":0,"max_hp_gain":0,"max_hp_loss":0,"event_name":"Liars Game","floor":14,"gold_loss":0,"cards_obtained":["Doubt"]},{"damage_healed":0,"gold_gain":0,"player_choice":"2 cards matched","damage_taken":0,"max_hp_gain":0,"max_hp_loss":0,"event_name":"Match and Keep!","floor":20,"gold_loss":0,"cards_obtained":["Zap","Seek"]}],"is_beta":false,"boss_relics":[{"not_picked":["Cursed Key","Fusion Hammer"],"picked":"Calling Bell"}],"items_purged_floors":[],"is_endless":false,"potions_floor_spawned":[1,5,7],"killed_by":"Snecko","ascension_level":13}