{"gold_per_floor":[112,287,304,321,271,300,300,335,335,369,142,161,174,184,184,284,284,301,319,22,35,35,95,95,122,122,134,134,8,108,118,118,222,222,233,245,7,7,27,58,58,90,90,90,107,119,138,157,157,157],"floor_reached":50,"playtime":2913,"items_purged":["Strike_G","Strike_G"],"score":669,"play_id":"de6e55ec-6fba-4f2c-8403-490ae073391e","local_time":"20181022232050","is_ascension_mode":true,"campfire_choices":[{"data":"Sucker Punch","floor":7,"key":"SMITH"},{"floor":15,"key":"REST"},{"data":"Bouncing Flask","floor":24,"key":"SMITH"},{"floor":32,"key":"REST"},{"data":"Cloak And Dagger","floor":41,"key":"SMITH"},{"floor":44,"key":"REST"},{"floor":49,"key":"REST"}],"neow_cost":"NONE","seed_source_timestamp":8831825637141,"circlet_count":0,"master_deck":["Defend_G","Defend_G","Defend_G","Strike_G","Strike_G","Survivor","Neutralize","Dagger Throw","Sucker Punch+1","Escape Plan","Bouncing Flask+1","Sucker Punch","Well Laid Plans+1","Cloak And Dagger+1","Adrenaline","Deflect+1","Skewer+1","Backstab+1","Deadly Poison","Swift Strike","Quick Slash","Backstab","Infinite Blades+1","Backstab+1","Catalyst","Heel Hook","Glass Knife","Backstab","Accuracy+1","Panacea","Bandage Up","Secret Technique","Parasite","Backflip+1","Adrenaline","Regret","Blade Dance+1","Infinite Blades+1","Accuracy+1"],"relics":["Ring of the Snake","NeowsBlessing","Blue Candle","Boot","Frozen Egg 2","Gremlin Horn","Orichalcum","Astrolabe","Membership Card","MutagenicStrength","Tiny Chest","Bottled Flame","Mercury Hourglass","Paper Crane","Peace Pipe","Mummified Hand","Cursed Key","Ninja Scroll","Anchor","Oddly Smooth Stone","Pantograph"],"potions_floor_usage":[6,10,12,14,21,23,27,33,39,39,40,47,50],"damage_taken":[{"damage":0,"enemies":"Jaw Worm","floor":1,"turns":1},{"damage":0,"enemies":"Small Slimes","floor":3,"turns":1},{"damage":0,"enemies":"Cultist","floor":4,"turns":1},{"damage":17,"enemies":"3 Sentries","floor":6,"turns":11},{"damage":10,"enemies":"Lagavulin","floor":8,"turns":5},{"damage":24,"enemies":"Gremlin Nob","floor":10,"turns":4},{"damage":16,"enemies":"Exordium Thugs","floor":12,"turns":6},{"damage":2,"enemies":"Looter","floor":13,"turns":3},{"damage":0,"enemies":"2 Fungi Beasts","floor":14,"turns":3},{"damage":15,"enemies":"The Guardian","floor":16,"turns":11},{"damage":7,"enemies":"Spheric Guardian","floor":18,"turns":4},{"damage":0,"enemies":"Shell Parasite","floor":19,"turns":3},{"damage":8,"enemies":"Snecko","floor":21,"turns":5},{"damage":11,"enemies":"Slavers","floor":23,"turns":5},{"damage":11,"enemies":"Book of Stabbing","floor":25,"turns":5},{"damage":0,"enemies":"Centurion and Healer","floor":27,"turns":2},{"damage":0,"enemies":"Colosseum Slavers","floor":30,"turns":2},{"damage":1,"enemies":"Colosseum Nobs","floor":30,"turns":4},{"damage":0,"enemies":"Snake Plant","floor":31,"turns":2},{"damage":20,"enemies":"Collector","floor":33,"turns":9},{"damage":5,"enemies":"3 Darklings","floor":35,"turns":3},{"damage":0,"enemies":"Orb Walker","floor":36,"turns":2},{"damage":12,"enemies":"Writhing Mass","floor":39,"turns":4},{"damage":16,"enemies":"Reptomancer","floor":40,"turns":5},{"damage":36,"enemies":"Giant Head","floor":42,"turns":7},{"damage":2,"enemies":"4 Shapes","floor":45,"turns":3},{"damage":4,"enemies":"Transient","floor":46,"turns":5},{"damage":12,"enemies":"Writhing Mass","floor":47,"turns":4},{"damage":0,"enemies":"4 Shapes","floor":48,"turns":3},{"damage":102,"enemies":"Awakened One","floor":50,"turns":9}],"seed_played":"3901199484875103175","potions_obtained":[{"floor":4,"key":"SkillPotion"},{"floor":8,"key":"Ancient Potion"},{"floor":10,"key":"Ancient Potion"},{"floor":13,"key":"Block Potion"},{"floor":21,"key":"SpeedPotion"},{"floor":25,"key":"PowerPotion"},{"floor":27,"key":"Energy Potion"},{"floor":33,"key":"Regen Potion"},{"floor":39,"key":"Block Potion"},{"floor":40,"key":"GamblersBrew"},{"floor":45,"key":"FearPotion"},{"floor":46,"key":"SpeedPotion"}],"is_trial":false,"path_per_floor":["M","?","M","M","?","E","R","E","T","E","$","M","M","M","R","B",null,"M","M","$","M","?","E","R","E","T","M","?","$","?","M","R","B",null,"M","M","$","?","M","E","R","E","T","R","M","M","M","M","R"],"character_chosen":"THE_SILENT","items_purchased":["Orichalcum","Membership Card","Swift Strike","AttackPotion","Quick Slash","Paper Crane","Ninja Scroll","Accuracy+1","AttackPotion"],"campfire_rested":4,"item_purchase_floors":[11,20,20,20,20,29,37,37,37],"current_hp_per_floor":[70,70,70,70,70,53,53,43,43,19,19,3,1,1,22,7,70,63,63,63,55,55,44,44,33,33,33,20,20,19,19,41,21,75,70,70,70,60,64,52,52,20,20,42,44,44,36,36,58,0],"gold":157,"neow_bonus":"THREE_ENEMY_KILL","is_prod":false,"is_daily":false,"chose_seed":false,"campfire_upgraded":3,"win_rate":0,"timestamp":1540243250,"path_taken":["M","?","M","?","?","E","R","E","T","E","$","M","M","M","R","BOSS","M","M","$","M","?","E","R","E","T","M","?","?","?","?","R","BOSS","M","M","$","?","M","E","R","E","T","R","M","M","M","M","R","BOSS"],"build_version":"2018-10-19","purchased_purges":2,"victory":false,"max_hp_per_floor":[70,70,70,70,70,70,70,70,70,70,70,70,70,70,70,70,70,70,70,70,70,70,70,70,70,70,70,75,75,75,75,75,75,75,75,75,75,75,75,75,75,75,75,75,75,75,75,75,75,75],"card_choices":[{"not_picked":["Well Laid Plans","Endless Agony"],"picked":"Dagger Throw","floor":1},{"not_picked":["Dodge and Roll","Setup"],"picked":"Sucker Punch","floor":3},{"not_picked":["Underhanded Strike","Poisoned Stab"],"picked":"Escape Plan","floor":4},{"not_picked":["Malaise","Blade Dance"],"picked":"Bouncing Flask","floor":6},{"not_picked":["Infinite Blades","Dash"],"picked":"Sucker Punch","floor":8},{"not_picked":["Caltrops+1","Underhanded Strike"],"picked":"Well Laid Plans+1","floor":10},{"not_picked":["Dagger Spray","Blade Dance"],"picked":"Cloak And Dagger","floor":12},{"not_picked":["Outmaneuver","Acrobatics","Underhanded Strike"],"picked":"SKIP","floor":13},{"not_picked":["Burst","Well Laid Plans+1","PiercingWail"],"picked":"SKIP","floor":14},{"not_picked":["Burst","Night Terror"],"picked":"Adrenaline","floor":16},{"not_picked":["Blur","Finisher","Sucker Punch"],"picked":"SKIP","floor":18},{"not_picked":["Acrobatics+1","Cloak And Dagger"],"picked":"Deadly Poison","floor":19},{"not_picked":["Setup","Prepared+1"],"picked":"Backstab","floor":21},{"not_picked":["Catalyst","Glass Knife"],"picked":"Infinite Blades+1","floor":23},{"not_picked":["Dagger Throw+1","Leg Sweep"],"picked":"Backstab+1","floor":25},{"not_picked":["Dagger Spray","Dodge and Roll"],"picked":"Catalyst","floor":27},{"not_picked":["Acrobatics","Backflip"],"picked":"Heel Hook","floor":30},{"not_picked":["Flechettes+1","Dagger Throw","Endless Agony"],"picked":"SKIP","floor":31},{"not_picked":["Malaise","Storm of Steel"],"picked":"Glass Knife","floor":33},{"not_picked":["Choke","Flying Knee+1","Terror"],"picked":"SKIP","floor":35},{"not_picked":["Outmaneuver+1","Heel Hook+1"],"picked":"Backstab","floor":36},{"not_picked":["Bandage Up","PanicButton"],"picked":"Panacea","floor":38},{"not_picked":["Impatience","Chrysalis"],"picked":"Bandage Up","floor":38},{"not_picked":["Secret Weapon","Madness"],"picked":"Secret Technique","floor":38},{"not_picked":["Blade Dance","Underhanded Strike+1"],"picked":"Backflip+1","floor":39},{"not_picked":["Masterful Stab+1","Flying Knee+1","Acrobatics+1"],"picked":"SKIP","floor":40},{"not_picked":["Blade Dance+1","Deflect+1"],"picked":"Adrenaline","floor":42},{"not_picked":["Underhanded Strike","Leg Sweep+1"],"picked":"Blade Dance+1","floor":45},{"not_picked":["Leg Sweep","Flying Knee+1"],"picked":"Infinite Blades+1","floor":46},{"not_picked":["Blur","Underhanded Strike"],"picked":"Accuracy+1","floor":47},{"not_picked":["Acrobatics","Flying Knee","Well Laid Plans+1"],"picked":"SKIP","floor":48}],"player_experience":157464,"relics_obtained":[{"floor":6,"key":"Blue Candle"},{"floor":8,"key":"Boot"},{"floor":9,"key":"Frozen Egg 2"},{"floor":10,"key":"Gremlin Horn"},{"floor":23,"key":"Tiny Chest"},{"floor":25,"key":"Bottled Flame"},{"floor":26,"key":"Mercury Hourglass"},{"floor":30,"key":"Peace Pipe"},{"floor":30,"key":"Mummified Hand"},{"floor":40,"key":"Anchor"},{"floor":42,"key":"Oddly Smooth Stone"},{"floor":43,"key":"Pantograph"}],"event_choices":[{"damage_healed":0,"gold_gain":175,"player_choice":"AGREE","damage_taken":0,"max_hp_gain":0,"max_hp_loss":0,"event_name":"Liars Game","floor":2,"gold_loss":0,"cards_obtained":["Doubt"]},{"cards_removed":["Doubt"],"damage_healed":0,"gold_gain":0,"player_choice":"Card Removal","damage_taken":0,"max_hp_gain":0,"max_hp_loss":0,"event_name":"The Cleric","floor":5,"gold_loss":50},{"damage_healed":0,"gold_gain":0,"player_choice":"Inject Mutagens","damage_taken":0,"relics_obtained":["MutagenicStrength"],"max_hp_gain":0,"max_hp_loss":0,"event_name":"Drug Dealer","floor":22,"gold_loss":0},{"damage_healed":0,"gold_gain":0,"player_choice":"Shed Blood","damage_taken":18,"max_hp_gain":5,"max_hp_loss":0,"event_name":"Forgotten Altar","floor":28,"gold_loss":0},{"damage_healed":0,"gold_gain":0,"player_choice":"Fight","damage_taken":0,"max_hp_gain":0,"max_hp_loss":0,"event_name":"Colosseum","floor":30,"gold_loss":0},{"damage_healed":0,"gold_gain":0,"player_choice":"Fought Nobs","damage_taken":0,"max_hp_gain":0,"max_hp_loss":0,"event_name":"Colosseum","floor":30,"gold_loss":0},{"damage_healed":0,"gold_gain":0,"player_choice":"Memory 3","damage_taken":10,"max_hp_gain":0,"max_hp_loss":0,"event_name":"SensoryStone","floor":38,"gold_loss":0}],"is_beta":true,"boss_relics":[{"not_picked":["Calling Bell","Lizard Tail"],"picked":"Astrolabe"},{"not_picked":["Pandora\u0027s Box","Runic Pyramid"],"picked":"Cursed Key"}],"items_purged_floors":[11,37],"is_endless":false,"potions_floor_spawned":[4,8,10,13,21,25,27,30,33,39,40,45,46],"killed_by":"Awakened One","ascension_level":1}