{"gold_per_floor":[119,44,119,119,129,155,155,186,262,293,52,52,72,103,103,198,198,178,103,3,23,37,37,72,72,96,123,123,56,84,84,84,179,179,190,65,111,191,191,191,218,218,266,297,12,12,32,66,66,66],"floor_reached":51,"playtime":1687,"items_purged":["Strike_B","Defend_B","Strike_B+1"],"score":1030,"play_id":"b5c785f3-e1d8-4fad-97e6-5c9a9f49fdcc","local_time":"20190108175252","is_ascension_mode":true,"campfire_choices":[{"data":"Dualcast","floor":7,"key":"SMITH"},{"data":"Creative AI","floor":15,"key":"SMITH"},{"data":"Buffer","floor":23,"key":"SMITH"},{"floor":25,"key":"REST"},{"data":"Loop","floor":32,"key":"SMITH"},{"floor":40,"key":"DIG"},{"floor":42,"key":"DIG"},{"floor":46,"key":"DIG"},{"floor":49,"key":"DIG"}],"neow_cost":"NONE","seed_source_timestamp":77476481539820,"circlet_count":0,"master_deck":["Defend_B+1","Defend_B+1","Zap+1","Dualcast+1","Ball Lightning","Self Repair","Ball Lightning","Glacier+1","Creative AI+1","Buffer+1","Ball Lightning","Loop+1","Buffer","Static Discharge+1","Mayhem+1","Conserve Battery","Undo"],"relics":["Cracked Core","Art of War","PreservedInsect","Kunai","Oddly Smooth Stone","Pear","Singing Bowl","Busted Crown","WingedGreaves","Strawberry","Ginger","Pen Nib","Fusion Hammer","Shovel","Cables","Bird Faced Urn","Frozen Egg 2","Boot","DataDisk","War Paint","Omamori","Gremlin Horn","Regal Pillow"],"potions_floor_usage":[8,10,16,33,37,50],"damage_taken":[{"damage":3,"enemies":"Jaw Worm","floor":1,"turns":3},{"damage":1,"enemies":"Cultist","floor":5,"turns":3},{"damage":16,"enemies":"Lagavulin","floor":6,"turns":6},{"damage":16,"enemies":"Gremlin Nob","floor":8,"turns":4},{"damage":8,"enemies":"Lagavulin","floor":10,"turns":3},{"damage":0,"enemies":"Small Slimes","floor":13,"turns":3},{"damage":9,"enemies":"3 Sentries","floor":14,"turns":5},{"damage":17,"enemies":"Hexaghost","floor":16,"turns":8},{"damage":16,"enemies":"2 Thieves","floor":18,"turns":4},{"damage":6,"enemies":"3 Byrds","floor":21,"turns":4},{"damage":17,"enemies":"Snake Plant","floor":22,"turns":4},{"damage":34,"enemies":"Slavers","floor":24,"turns":6},{"damage":0,"enemies":"Gremlin Leader","floor":27,"turns":4},{"damage":27,"enemies":"Slavers","floor":30,"turns":5},{"damage":0,"enemies":"Automaton","floor":33,"turns":9},{"damage":9,"enemies":"3 Darklings","floor":35,"turns":7},{"damage":47,"enemies":"2 Orb Walkers","floor":37,"turns":7},{"damage":0,"enemies":"Giant Head","floor":41,"turns":9},{"damage":34,"enemies":"Reptomancer","floor":44,"turns":6},{"damage":8,"enemies":"3 Shapes","floor":47,"turns":3},{"damage":0,"enemies":"Nemesis","floor":48,"turns":6},{"damage":51,"enemies":"Donu and Deca","floor":50,"turns":7}],"seed_played":"-489117887535414661","potions_obtained":[{"floor":5,"key":"Weak Potion"},{"floor":8,"key":"Swift Potion"},{"floor":13,"key":"PowerPotion"},{"floor":22,"key":"GamblersBrew"},{"floor":27,"key":"Block Potion"},{"floor":33,"key":"Fire Potion"},{"floor":37,"key":"Block Potion"},{"floor":44,"key":"LiquidBronze"}],"is_trial":false,"path_per_floor":["M","$","?","?","M","E","R","E","T","E","$","?","M","E","R","B",null,"M","?","$","M","M","R","E","R","T","E","?","$","E","?","R","B",null,"M","$","?","T","?","R","E","R","T","E","$","R","M","E","R","B",null],"character_chosen":"DEFECT","items_purchased":["Pear","Loop","Mayhem+1","Conserve Battery","Undo"],"campfire_rested":1,"item_purchase_floors":[11,29,45,45,45],"current_hp_per_floor":[72,72,61,61,60,51,51,42,42,41,51,34,41,41,41,38,87,80,80,80,81,73,73,41,68,75,77,77,77,59,59,59,66,104,104,104,66,66,66,66,107,107,107,97,97,97,110,114,114,86],"gold":66,"neow_bonus":"UPGRADE_CARD","is_prod":false,"is_daily":false,"chose_seed":false,"campfire_upgraded":4,"win_rate":0,"timestamp":1546930372,"path_taken":["M","$","?","?","?","E","R","E","T","E","$","?","M","E","R","BOSS","M","?","$","M","M","R","E","R","T","E","?","$","E","?","R","BOSS","M","$","?","?","?","R","E","R","T","E","?","R","M","E","R","BOSS"],"build_version":"2018-11-15","purchased_purges":3,"victory":true,"max_hp_per_floor":[75,75,75,75,75,75,75,75,75,75,85,85,85,87,87,87,87,89,89,89,89,91,91,93,93,100,102,102,102,104,104,104,104,104,106,106,108,108,108,108,110,110,110,110,110,110,112,114,114,114],"card_choices":[{"not_picked":["Coolheaded","Redo"],"picked":"Ball Lightning","floor":1},{"not_picked":["Hologram","Skim"],"picked":"Self Repair","floor":5},{"not_picked":["Rebound","Gash"],"picked":"Ball Lightning","floor":6},{"not_picked":["Redo","Steam","Blizzard"],"picked":"SKIP","floor":8},{"not_picked":["Conserve Battery","Heatsinks"],"picked":"Glacier","floor":10},{"not_picked":["Gash","Rebound"],"picked":"Creative AI","floor":13},{"not_picked":["Compile Driver","BootSequence","Fusion"],"picked":"Singing Bowl","floor":14},{"not_picked":["Thunder Strike","Reboot"],"picked":"Buffer","floor":16},{"not_picked":["Stack"],"picked":"Singing Bowl","floor":18},{"not_picked":[],"picked":"Ball Lightning","floor":21},{"not_picked":["Hologram+1"],"picked":"Singing Bowl","floor":22},{"not_picked":["Hologram"],"picked":"Singing Bowl","floor":24},{"not_picked":["Hello World+1"],"picked":"Singing Bowl","floor":27},{"not_picked":["Doom and Gloom"],"picked":"Singing Bowl","floor":30},{"not_picked":[],"picked":"Buffer","floor":33},{"not_picked":["Hologram"],"picked":"Singing Bowl","floor":35},{"not_picked":["Chaos"],"picked":"Singing Bowl","floor":37},{"not_picked":["Coolheaded"],"picked":"Singing Bowl","floor":41},{"not_picked":[],"picked":"Static Discharge+1","floor":44},{"not_picked":["Leap"],"picked":"Singing Bowl","floor":47},{"not_picked":["Hello World+1"],"picked":"Singing Bowl","floor":48}],"player_experience":1049423,"relics_obtained":[{"floor":6,"key":"Art of War"},{"floor":8,"key":"PreservedInsect"},{"floor":9,"key":"Kunai"},{"floor":10,"key":"Oddly Smooth Stone"},{"floor":14,"key":"Singing Bowl"},{"floor":24,"key":"WingedGreaves"},{"floor":26,"key":"Strawberry"},{"floor":27,"key":"Ginger"},{"floor":30,"key":"Pen Nib"},{"floor":37,"key":"Shovel"},{"floor":38,"key":"Cables"},{"floor":40,"key":"Bird Faced Urn"},{"floor":41,"key":"Frozen Egg 2"},{"floor":42,"key":"Boot"},{"floor":43,"key":"DataDisk"},{"floor":44,"key":"War Paint"},{"floor":46,"key":"Omamori"},{"floor":48,"key":"Gremlin Horn"},{"floor":49,"key":"Regal Pillow"}],"event_choices":[{"damage_healed":0,"gold_gain":75,"player_choice":"Gather Gold","damage_taken":11,"max_hp_gain":0,"max_hp_loss":0,"event_name":"World of Goop","floor":3,"gold_loss":0},{"cards_removed":["Strike_B"],"damage_healed":0,"gold_gain":0,"player_choice":"Offered Basic","damage_taken":0,"max_hp_gain":0,"max_hp_loss":0,"event_name":"Bonfire Elementals","floor":4,"gold_loss":0},{"damage_healed":0,"gold_gain":0,"player_choice":"Entered Light","damage_taken":17,"max_hp_gain":0,"max_hp_loss":0,"event_name":"Shining Light","floor":12,"gold_loss":0,"cards_upgraded":["Strike_B","Defend_B"]},{"cards_removed":["Strike_B"],"damage_healed":0,"gold_gain":0,"player_choice":"Gave Gold","damage_taken":0,"max_hp_gain":0,"max_hp_loss":0,"event_name":"Beggar","floor":19,"gold_loss":75},{"damage_healed":0,"gold_gain":0,"player_choice":"Ignored","damage_taken":0,"max_hp_gain":0,"max_hp_loss":0,"event_name":"Ghosts","floor":28,"gold_loss":0},{"damage_healed":0,"gold_gain":0,"player_choice":"Ignored","damage_taken":0,"max_hp_gain":0,"max_hp_loss":0,"event_name":"Vampires","floor":31,"gold_loss":0},{"damage_healed":0,"gold_gain":0,"player_choice":"Fight","damage_taken":0,"max_hp_gain":0,"max_hp_loss":0,"event_name":"Mysterious Sphere","floor":37,"gold_loss":0},{"cards_removed":["Defend_B"],"damage_healed":0,"gold_gain":0,"player_choice":"Removed Skill","damage_taken":0,"max_hp_gain":0,"max_hp_loss":0,"event_name":"Falling","floor":39,"gold_loss":0}],"is_beta":true,"boss_relics":[{"not_picked":["Lizard Tail","Runic Pyramid"],"picked":"Busted Crown"},{"not_picked":["Pandora\u0027s Box","White Beast Statue"],"picked":"Fusion Hammer"}],"items_purged_floors":[2,20,36],"is_endless":false,"potions_floor_spawned":[5,8,13,22,27,33,37,44],"ascension_level":1}