{"gold_per_floor":[111,131,144,163,96,96,127,144,144,158,171,171,171,200,200,304,304,317,368,368,368,368,383,413,423,449,284,303,320,347,357,357,457,457,476,521,521,821,840,874,874,903,903,903,916,943,468,483,483,483,483,483,56,90,90],"floor_reached":56,"playtime":14973,"items_purged":["Strike_G","Strike_G"],"score":1444,"play_id":"2f6a1411-d588-48c6-aa0e-241df7ef4810","local_time":"20181229194320","is_ascension_mode":true,"campfire_choices":[{"data":"Footwork","floor":6.0,"key":"SMITH"},{"data":"Infinite Blades","floor":12.0,"key":"SMITH"},{"data":"Neutralize","floor":15.0,"key":"SMITH"},{"floor":32.0,"key":"REST"},{"data":"After Image","floor":41.0,"key":"SMITH"},{"floor":44.0,"key":"RECALL"},{"floor":49.0,"key":"REST"},{"data":"Dash","floor":52,"key":"SMITH"}],"neow_cost":"NONE","seed_source_timestamp":934734715094712,"circlet_count":0,"master_deck":["Defend_G","Defend_G","Defend_G","Defend_G","Defend_G","Strike_G","Strike_G","Strike_G","Survivor","Neutralize+1","Slice","Infinite Blades+1","Dodge and Roll","Footwork+1","Cloak And Dagger+1","Leg Sweep","Predator","PiercingWail","Adrenaline","All Out Attack+1","Necronomicurse","Accuracy","Noxious Fumes","Skewer","Bandage Up","Dash+1","Phantasmal Killer","Backflip","Footwork+1","After Image+1","Caltrops+1","Sucker Punch+1","Flash of Steel+1","Dodge and Roll+1"],"special_seed":0,"relics":["Philosopher\u0027s Stone","Tiny Chest","Nunchaku","Dead Branch","Thread and Needle","Velvet Choker","Centennial Puzzle","Question Card","Necronomicon","Ginger","Bag of Marbles","Regal Pillow","WristBlade","Incense Burner","Bottled Flame","Bag of Preparation","Bottled Lightning","Sundial","Molten Egg 2","Bottled Tornado","Happy Flower"],"potions_floor_usage":[55,55],"damage_taken":[{"damage":2.0,"enemies":"Small Slimes","floor":1.0,"turns":4.0},{"damage":2.0,"enemies":"Cultist","floor":2.0,"turns":4.0},{"damage":3.0,"enemies":"2 Louse","floor":3.0,"turns":4.0},{"damage":6.0,"enemies":"Looter","floor":4.0,"turns":4.0},{"damage":5.0,"enemies":"3 Sentries","floor":7.0,"turns":9.0},{"damage":0.0,"enemies":"2 Fungi Beasts","floor":8.0,"turns":5.0},{"damage":4.0,"enemies":"Large Slime","floor":10.0,"turns":7.0},{"damage":0.0,"enemies":"Looter","floor":11.0,"turns":3.0},{"damage":19.0,"enemies":"Gremlin Nob","floor":14.0,"turns":3.0},{"damage":7.0,"enemies":"Slime Boss","floor":16.0,"turns":9.0},{"damage":0.0,"enemies":"Chosen","floor":18.0,"turns":5.0},{"damage":6.0,"enemies":"2 Thieves","floor":23.0,"turns":3.0},{"damage":24.0,"enemies":"Book of Stabbing","floor":24.0,"turns":6.0},{"damage":2.0,"enemies":"Snake Plant","floor":25.0,"turns":4.0},{"damage":11.0,"enemies":"Sentry and Sphere","floor":28.0,"turns":4.0},{"damage":5.0,"enemies":"Shelled Parasite and Fungi","floor":29.0,"turns":5.0},{"damage":3.0,"enemies":"Snecko","floor":31.0,"turns":6.0},{"damage":1.0,"enemies":"Champ","floor":33.0,"turns":12.0},{"damage":12.0,"enemies":"3 Shapes","floor":35.0,"turns":3.0},{"damage":0.0,"enemies":"2 Orb Walkers","floor":36.0,"turns":5.0},{"damage":10.0,"enemies":"Orb Walker","floor":39.0,"turns":4.0},{"damage":5.0,"enemies":"Giant Head","floor":40.0,"turns":7.0},{"damage":2.0,"enemies":"Nemesis","floor":42.0,"turns":7.0},{"damage":10.0,"enemies":"Writhing Mass","floor":45.0,"turns":3.0},{"damage":24.0,"enemies":"Reptomancer","floor":46.0,"turns":6.0},{"damage":0.0,"enemies":"4 Shapes","floor":48.0,"turns":3.0},{"damage":72,"enemies":"Awakened One","floor":50,"turns":18},{"damage":15,"enemies":"Shield and Spear","floor":54,"turns":9},{"damage":31,"enemies":"The Heart","floor":55,"turns":11}],"seed_played":"8791572248000198009","potions_obtained":[{"floor":2.0,"key":"SkillPotion"},{"floor":3.0,"key":"Ancient Potion"},{"floor":10.0,"key":"SpeedPotion"},{"floor":11.0,"key":"Regen Potion"},{"floor":14.0,"key":"GhostInAJar"},{"floor":16.0,"key":"Swift Potion"},{"floor":40.0,"key":"PowerPotion"},{"floor":42.0,"key":"Explosive Potion"},{"floor":46.0,"key":"SpeedPotion"}],"is_trial":false,"path_per_floor":["M","M","M","M","?","R","E","M","T","M","M","R","?","E","R","B",null,"M","T","?","T","?","M","E","M","T","$","M","M","T","M","R","B",null,"M","?","?","?","M","E","R","E","T","R","M","E","$","M","R","B",null,"R","$","E","B",null],"character_chosen":"THE_SILENT","items_purchased":["Bandage Up","Molten Egg 2","GhostInAJar","Sucker Punch+1","Bottled Tornado","EssenceOfSteel","Flash of Steel+1"],"campfire_rested":2,"item_purchase_floors":[27,47,47,47,53,53,53],"current_hp_per_floor":[68,66,63,57,57,57,52,52,52,48,48,48,48,38,38,31,70,70,70,70,70,54,48,24,22,22,22,15,14,14,15,51,54,70,62,66,66,66,60,59,59,61,61,61,55,35,35,39,70,2,70,70,70,59,32],"gold":90,"neow_bonus":"BOSS_RELIC","is_prod":false,"is_daily":false,"chose_seed":false,"campfire_upgraded":5,"win_rate":0,"timestamp":1546130600,"path_taken":["M","M","M","M","?","R","E","M","T","M","?","R","?","E","R","BOSS","M","?","?","?","?","M","E","M","T","$","M","M","?","M","R","BOSS","M","?","?","?","M","E","R","E","T","R","M","E","$","?","R","BOSS","R","$","E","BOSS"],"build_version":"2018-12-20","purchased_purges":2,"victory":true,"max_hp_per_floor":[70,70,70,70,70,70,70,70,70,70,70,70,70,70,70,70,70,70,70,70,70,70,70,70,70,70,70,70,70,70,70,70,70,70,70,70,70,70,70,70,70,70,70,70,70,70,70,70,70,70,70,70,70,70,70],"card_choices":[{"not_picked":["Outmaneuver","Blade Dance"],"picked":"Slice","floor":1.0},{"not_picked":["Bane","Choke"],"picked":"Infinite Blades","floor":2.0},{"not_picked":["Underhanded Strike","Blade Dance"],"picked":"Dodge and Roll","floor":3.0},{"not_picked":["Sucker Punch","Expertise"],"picked":"Footwork","floor":4.0},{"not_picked":["Caltrops","Doppelganger"],"picked":"Cloak And Dagger","floor":7.0},{"not_picked":["Quick Slash","Slice"],"picked":"Leg Sweep","floor":8.0},{"not_picked":["Deadly Poison","Distraction"],"picked":"Predator","floor":10.0},{"not_picked":["Expertise","Crippling Poison","Acrobatics"],"picked":"SKIP","floor":11.0},{"not_picked":["Prepared","Tactician"],"picked":"PiercingWail","floor":14.0},{"not_picked":["Phantasmal Killer","Malaise"],"picked":"Adrenaline","floor":16.0},{"not_picked":["Prepared","Sucker Punch"],"picked":"All Out Attack+1","floor":18.0},{"not_picked":["Quick Slash","Heel Hook","Skewer+1"],"picked":"Accuracy","floor":23.0},{"not_picked":["Masterful Stab","Accuracy","Flying Knee"],"picked":"Noxious Fumes","floor":24.0},{"not_picked":["Bane","Accuracy","Deflect"],"picked":"Skewer","floor":25.0},{"not_picked":["Grand Finale","PiercingWail+1","Catalyst"],"picked":"Dash","floor":28.0},{"not_picked":["Cloak And Dagger","Terror","Eviscerate","Flechettes"],"picked":"SKIP","floor":29.0},{"not_picked":["Dagger Throw","Eviscerate","Infinite Blades+1","Underhanded Strike"],"picked":"SKIP","floor":31.0},{"not_picked":["Grand Finale","Doppelganger","Wraith Form v2"],"picked":"Phantasmal Killer","floor":33.0},{"not_picked":["Sucker Punch","Outmaneuver+1","Dagger Spray"],"picked":"Backflip","floor":35.0},{"not_picked":["Caltrops+1","Deadly Poison+1","Dagger Spray+1"],"picked":"Footwork+1","floor":36.0},{"not_picked":["Blade Dance","Flechettes","Cloak And Dagger","Dagger Throw"],"picked":"SKIP","floor":39.0},{"not_picked":["Dash+1","Catalyst","Underhanded Strike+1"],"picked":"After Image","floor":40.0},{"not_picked":["Underhanded Strike","Dodge and Roll","Skewer+1","Quick Slash+1"],"picked":"SKIP","floor":42.0},{"not_picked":["Well Laid Plans+1","Tactician","Sucker Punch","Backflip"],"picked":"SKIP","floor":45.0},{"not_picked":["Riddle With Holes","Slice","Flying Knee"],"picked":"Caltrops+1","floor":46.0},{"not_picked":["Concentrate","Backflip","Riddle With Holes+1","Flying Knee+1"],"picked":"SKIP","floor":48.0},{"not_picked":["Deflect+1","Flying Knee+1","Slice+1"],"picked":"Dodge and Roll+1","floor":54}],"player_experience":283477,"relics_obtained":[{"floor":7.0,"key":"Nunchaku"},{"floor":9.0,"key":"Dead Branch"},{"floor":14.0,"key":"Thread and Needle"},{"floor":21.0,"key":"Question Card"},{"floor":22.0,"key":"Necronomicon"},{"floor":24.0,"key":"Ginger"},{"floor":26.0,"key":"Bag of Marbles"},{"floor":30.0,"key":"Regal Pillow"},{"floor":36.0,"key":"Incense Burner"},{"floor":40.0,"key":"Bottled Flame"},{"floor":42.0,"key":"Bag of Preparation"},{"floor":43.0,"key":"Bottled Lightning"},{"floor":46.0,"key":"Sundial"},{"floor":54,"key":"Happy Flower"}],"event_choices":[{"damage_healed":0.0,"max_hp_gain":0.0,"max_hp_loss":0.0,"gold_gain":0.0,"event_name":"WeMeetAgain","player_choice":"Paid Gold","floor":5.0,"gold_loss":97.0,"damage_taken":0.0,"relics_obtained":["Tiny Chest"]},{"damage_healed":0.0,"max_hp_gain":0.0,"max_hp_loss":0.0,"gold_gain":0.0,"event_name":"Accursed Blacksmith","player_choice":"Forge","floor":13.0,"gold_loss":0.0,"damage_taken":0.0,"cards_upgraded":["Cloak And Dagger"]},{"damage_healed":0.0,"max_hp_gain":0.0,"max_hp_loss":0.0,"gold_gain":0.0,"event_name":"The Mausoleum","player_choice":"Opened","floor":20.0,"gold_loss":0.0,"damage_taken":0.0,"relics_obtained":["Centennial Puzzle"]},{"damage_healed":0.0,"max_hp_gain":0.0,"max_hp_loss":0.0,"gold_gain":0.0,"event_name":"Cursed Tome","player_choice":"Obtained Book","floor":22.0,"gold_loss":0.0,"damage_taken":16.0},{"damage_healed":0.0,"max_hp_gain":0.0,"max_hp_loss":0.0,"gold_gain":0.0,"event_name":"Mysterious Sphere","player_choice":"Fight","floor":36.0,"gold_loss":0.0,"damage_taken":0.0},{"damage_healed":0.0,"max_hp_gain":0.0,"max_hp_loss":0.0,"gold_gain":0.0,"event_name":"Tomb of Lord Red Mask","player_choice":"Ignored","floor":37.0,"gold_loss":0.0,"damage_taken":0.0},{"damage_healed":0.0,"max_hp_gain":0.0,"max_hp_loss":0.0,"gold_gain":300.0,"event_name":"Wheel of Change","player_choice":"Gold","floor":38.0,"gold_loss":0.0,"damage_taken":0.0}],"is_beta":false,"boss_relics":[{"not_picked":["Coffee Dripper","Snecko Eye"],"picked":"Velvet Choker"},{"not_picked":["Tiny House","Runic Dome"],"picked":"WristBlade"}],"items_purged_floors":[27,47],"is_endless":false,"potions_floor_spawned":[2,3,10,11,14,16,18,24,25,40,42,46],"ascension_level":4}