{"gold_per_floor":[110,110,120,140,140,173,196,196,196,227,3,20,20,45,45,116,116,96,195,209,209,226,226,253,253,253,26,26,36,36,36,36,113,113,130,30,42,94,111,139,139,152,152,152,182,195,206,206],"floor_reached":48,"playtime":3000,"items_purged":["Shame","Survivor"],"score":905,"play_id":"0800e252-6978-42e3-abe0-0472c89aed04","local_time":"20190201220550","is_ascension_mode":true,"campfire_choices":[{"floor":8,"key":"REST"},{"data":"Noxious Fumes","floor":15,"key":"SMITH"},{"data":"Tools of the Trade","floor":23,"key":"SMITH"},{"data":"Malaise","floor":28,"key":"SMITH"},{"floor":32,"key":"REST"},{"floor":41,"key":"REST"},{"floor":44,"key":"REST"}],"neow_cost":"NONE","seed_source_timestamp":354076419700524,"circlet_count":0,"master_deck":["AscendersBane","Defend_G+1","Defend_G+1","Defend_G+1","Defend_G+1","Defend_G+1","Strike_G+1","Strike_G+1","Strike_G+1","Strike_G+1","Strike_G+1","Neutralize","Poisoned Stab","Dash","Infinite Blades+1","Finisher","Deflect","Cloak And Dagger","Adrenaline","Noxious Fumes+1","Backflip","Flying Knee","Malaise+1","Sucker Punch","Dagger Throw+1","Flying Knee+1","Tools of the Trade+1","Escape Plan+1","Noxious Fumes","Backflip","Heel Hook","Finisher","After Image","All Out Attack+1","Footwork","Poisoned Stab","Infinite Blades","Underhanded Strike","Cloak And Dagger+1","Catalyst","Crippling Poison","Finisher","Accuracy+1","Writhe","Underhanded Strike+1","Noxious Fumes","Dodge and Roll+1","Infinite Blades","Cloak And Dagger+1"],"relics":["Ring of the Snake","Prayer Wheel","Odd Mushroom","Pantograph","Blue Candle","Centennial Puzzle","Cursed Key","Sundial","Boot","Omamori","Vajra","PreservedInsect","White Beast Statue","The Specimen","Bag of Marbles","Art of War"],"potions_floor_usage":[6,7,10,16,22,35,38,38,39,42,46,47],"damage_taken":[{"damage":1,"enemies":"Jaw Worm","floor":1,"turns":7},{"damage":1,"enemies":"Cultist","floor":3,"turns":4},{"damage":0,"enemies":"2 Louse","floor":4,"turns":3},{"damage":20,"enemies":"Gremlin Nob","floor":6,"turns":5},{"damage":18,"enemies":"The Mushroom Lair","floor":7,"turns":4},{"damage":6,"enemies":"3 Sentries","floor":10,"turns":8},{"damage":0,"enemies":"Exordium Wildlife","floor":12,"turns":3},{"damage":30,"enemies":"Hexaghost","floor":16,"turns":9},{"damage":4,"enemies":"2 Thieves","floor":18,"turns":4},{"damage":3,"enemies":"Chosen","floor":20,"turns":4},{"damage":5,"enemies":"Snake Plant","floor":22,"turns":5},{"damage":7,"enemies":"Book of Stabbing","floor":24,"turns":6},{"damage":11,"enemies":"Shelled Parasite and Fungi","floor":29,"turns":4},{"damage":49,"enemies":"Collector","floor":33,"turns":10},{"damage":0,"enemies":"Orb Walker","floor":35,"turns":3},{"damage":2,"enemies":"3 Shapes","floor":37,"turns":5},{"damage":24,"enemies":"2 Orb Walkers","floor":38,"turns":4},{"damage":27,"enemies":"Writhing Mass","floor":39,"turns":6},{"damage":13,"enemies":"Reptomancer","floor":40,"turns":4},{"damage":16,"enemies":"Transient","floor":42,"turns":5},{"damage":5,"enemies":"Giant Head","floor":45,"turns":6},{"damage":16,"enemies":"Spire Growth","floor":46,"turns":5},{"damage":13,"enemies":"3 Darklings","floor":47,"turns":3},{"damage":21,"enemies":"Transient","floor":48,"turns":5}],"seed_played":"1063355304218176095","potions_obtained":[{"floor":1,"key":"SkillPotion"},{"floor":2,"key":"Poison Potion"},{"floor":2,"key":"PowerPotion"},{"floor":6,"key":"PowerPotion"},{"floor":7,"key":"AttackPotion"},{"floor":10,"key":"AttackPotion"},{"floor":20,"key":"Ancient Potion"},{"floor":24,"key":"Explosive Potion"},{"floor":29,"key":"GhostInAJar"},{"floor":33,"key":"Regen Potion"},{"floor":35,"key":"Fire Potion"},{"floor":38,"key":"EssenceOfSteel"},{"floor":39,"key":"Block Potion"},{"floor":40,"key":"Block Potion"},{"floor":42,"key":"Ancient Potion"},{"floor":45,"key":"Fire Potion"},{"floor":46,"key":"LiquidBronze"},{"floor":47,"key":"Weak Potion"}],"is_trial":false,"path_per_floor":["M","?","M","M","?","E","?","R","T","E","$","M","?","T","R","B",null,"M","?","M","?","M","R","E","?","T","$","R","M","T","?","R","B",null,"M","$","M","?","M","E","R","M","T","R","E","M","M","M"],"character_chosen":"THE_SILENT","items_purchased":["Adrenaline","Noxious Fumes","Vajra"],"campfire_rested":4,"item_purchase_floors":[11,11,27],"current_hp_per_floor":[69,69,68,68,53,33,15,38,38,32,32,32,37,37,37,32,70,66,66,63,63,58,58,51,51,51,51,51,40,40,40,64,33,70,79,79,77,53,26,13,37,21,21,45,40,24,11,0],"gold":206,"neow_bonus":"TEN_PERCENT_HP_BONUS","is_prod":false,"is_daily":false,"chose_seed":false,"campfire_upgraded":3,"win_rate":0,"timestamp":1549080350,"path_taken":["M","?","?","M","?","E","?","R","T","E","$","?","?","?","R","BOSS","M","?","M","?","M","R","E","?","T","?","R","M","?","?","R","BOSS","M","?","?","?","M","E","R","M","T","R","E","M","M","M"],"build_version":"2019-01-23","purchased_purges":2,"victory":false,"max_hp_per_floor":[77,77,77,77,77,77,77,77,77,77,77,77,82,82,82,82,82,82,82,82,82,82,82,82,82,82,82,82,82,82,82,82,82,82,82,82,82,82,82,82,82,82,82,82,82,82,82,82],"card_choices":[{"not_picked":["Skewer","Sucker Punch"],"picked":"Poisoned Stab","floor":1},{"not_picked":["Expertise","Escape Plan"],"picked":"Dash","floor":3},{"not_picked":["Sucker Punch","Dodge and Roll"],"picked":"Infinite Blades","floor":4},{"not_picked":["Sucker Punch","Grand Finale"],"picked":"Finisher","floor":6},{"not_picked":["Acrobatics","Deadly Poison"],"picked":"Deflect","floor":7},{"not_picked":["Acrobatics","PiercingWail"],"picked":"Cloak And Dagger","floor":10},{"not_picked":["Acrobatics","Deflect"],"picked":"Backflip","floor":12},{"not_picked":["Prepared","Acrobatics"],"picked":"Flying Knee","floor":12},{"not_picked":["Glass Knife","Night Terror"],"picked":"Malaise","floor":16},{"not_picked":["Prepared","Quick Slash"],"picked":"Sucker Punch","floor":18},{"not_picked":["Dagger Spray","Prepared"],"picked":"Dagger Throw+1","floor":18},{"not_picked":["Calculated Gamble","Escape Plan"],"picked":"Flying Knee+1","floor":20},{"not_picked":["Dagger Throw","Quick Slash"],"picked":"Tools of the Trade","floor":20},{"not_picked":["Calculated Gamble","Finisher"],"picked":"Escape Plan+1","floor":22},{"not_picked":["Cloak And Dagger","Deflect"],"picked":"Noxious Fumes","floor":22},{"not_picked":["Poisoned Stab","Deadly Poison"],"picked":"Backflip","floor":24},{"not_picked":["Outmaneuver","Flying Knee"],"picked":"Heel Hook","floor":29},{"not_picked":["Terror","Blade Dance"],"picked":"Finisher","floor":29},{"not_picked":["A Thousand Cuts","Doppelganger"],"picked":"After Image","floor":33},{"not_picked":["Choke","Skewer"],"picked":"All Out Attack+1","floor":35},{"not_picked":["Flying Knee+1","Setup+1"],"picked":"Footwork","floor":35},{"not_picked":["Outmaneuver","Acrobatics"],"picked":"Poisoned Stab","floor":37},{"not_picked":["Riddle With Holes+1","Phantasmal Killer"],"picked":"Infinite Blades","floor":37},{"not_picked":["Endless Agony","PiercingWail"],"picked":"Underhanded Strike","floor":38},{"not_picked":["Outmaneuver+1","Deflect"],"picked":"Cloak And Dagger+1","floor":39},{"not_picked":["Footwork","Acrobatics"],"picked":"Catalyst","floor":39},{"not_picked":["Concentrate","Cloak And Dagger"],"picked":"Crippling Poison","floor":40},{"not_picked":["Cloak And Dagger","Dagger Spray"],"picked":"Finisher","floor":42},{"not_picked":["Deflect+1","Concentrate+1"],"picked":"Accuracy+1","floor":42},{"not_picked":["Distraction","Setup"],"picked":"Underhanded Strike+1","floor":45},{"not_picked":["Crippling Poison","Bane"],"picked":"Noxious Fumes","floor":46},{"not_picked":["Noxious Fumes","Riddle With Holes+1"],"picked":"Dodge and Roll+1","floor":46},{"not_picked":["Dagger Spray","Dagger Throw"],"picked":"Infinite Blades","floor":47},{"not_picked":["Corpse Explosion","Backflip"],"picked":"Cloak And Dagger+1","floor":47}],"player_experience":506272,"relics_obtained":[{"floor":6,"key":"Prayer Wheel"},{"floor":7,"key":"Odd Mushroom"},{"floor":9,"key":"Pantograph"},{"floor":10,"key":"Blue Candle"},{"floor":14,"key":"Centennial Puzzle"},{"floor":24,"key":"Sundial"},{"floor":26,"key":"Omamori"},{"floor":30,"key":"PreservedInsect"},{"floor":38,"key":"The Specimen"},{"floor":40,"key":"Bag of Marbles"},{"floor":45,"key":"Art of War"}],"event_choices":[{"damage_healed":0,"gold_gain":0,"player_choice":"Got Potions","damage_taken":0,"max_hp_gain":0,"max_hp_loss":0,"event_name":"Lab","floor":2,"gold_loss":0},{"damage_healed":0,"gold_gain":0,"player_choice":"Entered Light","damage_taken":15,"max_hp_gain":0,"max_hp_loss":0,"event_name":"Shining Light","floor":5,"gold_loss":0,"cards_upgraded":["Infinite Blades","Defend_G"]},{"damage_healed":0,"gold_gain":0,"player_choice":"Fought Mushrooms","damage_taken":0,"max_hp_gain":0,"max_hp_loss":0,"event_name":"Mushrooms","floor":7,"gold_loss":0},{"damage_healed":0,"gold_gain":0,"player_choice":"Donut","damage_taken":0,"max_hp_gain":5,"max_hp_loss":0,"event_name":"Big Fish","floor":13,"gold_loss":0},{"damage_healed":0,"gold_gain":99,"player_choice":"Stole From Cult","damage_taken":0,"max_hp_gain":0,"max_hp_loss":0,"event_name":"Nest","floor":19,"gold_loss":0},{"damage_healed":0,"gold_gain":0,"player_choice":"Simplicity","damage_taken":0,"max_hp_gain":0,"max_hp_loss":0,"event_name":"Back to Basics","floor":21,"gold_loss":0,"cards_upgraded":["Defend_G","Defend_G","Defend_G","Defend_G","Strike_G","Strike_G","Strike_G","Strike_G","Strike_G"]},{"damage_healed":0,"gold_gain":0,"player_choice":"Stole Relic","damage_taken":0,"relics_obtained":["Boot"],"max_hp_gain":0,"max_hp_loss":0,"event_name":"Addict","floor":25,"gold_loss":0,"cards_obtained":["Shame"]},{"cards_removed":["Decay"],"damage_healed":0,"gold_gain":0,"player_choice":"Purged","damage_taken":0,"max_hp_gain":0,"max_hp_loss":0,"event_name":"Purifier","floor":31,"gold_loss":0},{"damage_healed":0,"gold_gain":0,"player_choice":"Fight","damage_taken":0,"max_hp_gain":0,"max_hp_loss":0,"event_name":"Mysterious Sphere","floor":38,"gold_loss":0}],"is_beta":false,"boss_relics":[{"not_picked":["Ring of the Serpent","Eternal Feather"],"picked":"Cursed Key"},{"not_picked":["Sozu","Pandora\u0027s Box"],"picked":"White Beast Statue"}],"items_purged_floors":[27,36],"is_endless":false,"potions_floor_spawned":[1,6,7,10,20,24,29,33,35,37,38,39,40,42,45,46,47],"killed_by":"Transient","ascension_level":13}