{"gold_per_floor":[110,110,110,110,90,90,133,133,156,200,213,213,2,18,18,117,117,142,142,167,185,185],"floor_reached":22,"playtime":955,"items_purged":["Strike_B"],"score":448,"play_id":"8cbda1b9-4264-4077-b47f-d7c42a90d790","local_time":"20181206091228","is_ascension_mode":true,"campfire_choices":[{"data":"Ball Lightning","floor":6,"key":"SMITH"},{"data":"Dualcast","floor":8,"key":"SMITH"},{"data":"Cold Snap","floor":12,"key":"SMITH"},{"data":"Sunder","floor":15,"key":"SMITH"}],"neow_cost":"NONE","seed_source_timestamp":1783186698542040,"circlet_count":0,"master_deck":["AscendersBane","Strike_B+1","Strike_B","Strike_B","Defend_B","Defend_B","Defend_B","Defend_B","Zap+1","Dualcast+1","Ball Lightning+1","Steam","Cold Snap+1","Leap","Sunder+1","Beam Cell","Compile Driver","Creative AI","Ball Lightning+1"],"relics":["Cracked Core","NeowsBlessing","Golden Idol","Lantern","Ancient Tea Set","Bag of Marbles","Busted Crown"],"potions_floor_usage":[5,18],"damage_taken":[{"damage":0,"enemies":"Jaw Worm","floor":1,"turns":1},{"damage":0,"enemies":"3 Sentries","floor":7,"turns":1},{"damage":0,"enemies":"Gremlin Nob","floor":10,"turns":1},{"damage":0,"enemies":"Small Slimes","floor":11,"turns":2},{"damage":0,"enemies":"Cultist","floor":14,"turns":2},{"damage":17,"enemies":"Slime Boss","floor":16,"turns":7},{"damage":16,"enemies":"2 Thieves","floor":18,"turns":4},{"damage":31,"enemies":"3 Byrds","floor":20,"turns":5},{"damage":3,"enemies":"3 Cultists","floor":21,"turns":3},{"damage":16,"enemies":"Cultist and Chosen","floor":22,"turns":3}],"seed_played":"2388522552198450865","potions_obtained":[{"floor":5,"key":"Fruit Juice"},{"floor":7,"key":"Block Potion"},{"floor":21,"key":"PowerPotion"}],"is_trial":false,"path_per_floor":["M","?","?","?","?","R","E","R","T","E","M","R","$","M","R","B",null,"M","?","M","M","M"],"character_chosen":"DEFECT","items_purchased":["Sunder","Beam Cell"],"campfire_rested":0,"item_purchase_floors":[13,13],"current_hp_per_floor":[64,69,43,20,25,25,25,25,25,25,25,25,25,25,25,8,63,47,47,16,13,0],"gold":185,"neow_bonus":"THREE_ENEMY_KILL","is_prod":false,"is_daily":false,"chose_seed":false,"campfire_upgraded":4,"win_rate":0,"timestamp":1544116348,"path_taken":["M","?","?","?","?","R","E","R","T","E","?","R","?","M","R","BOSS","M","?","M","M","M"],"build_version":"2018-11-15","purchased_purges":1,"victory":false,"max_hp_per_floor":[71,76,76,76,81,81,81,81,81,81,81,81,81,81,81,81,81,81,81,81,81,81],"card_choices":[{"not_picked":["Blizzard","Doom and Gloom"],"picked":"Ball Lightning","floor":1},{"not_picked":["Reboot","Recycle"],"picked":"Steam","floor":7},{"not_picked":["Reprogram","Gash"],"picked":"Cold Snap","floor":10},{"not_picked":["Blizzard","Beam Cell"],"picked":"Leap","floor":11},{"not_picked":["Melter","Genetic Algorithm"],"picked":"Compile Driver","floor":14},{"not_picked":["Amplify","Rainbow"],"picked":"Creative AI","floor":16},{"not_picked":["Aggregate+1"],"picked":"SKIP","floor":18},{"not_picked":["Beam Cell"],"picked":"SKIP","floor":20},{"not_picked":["Sunder"],"picked":"SKIP","floor":21}],"player_experience":1538400,"relics_obtained":[{"floor":7,"key":"Lantern"},{"floor":9,"key":"Ancient Tea Set"},{"floor":10,"key":"Bag of Marbles"}],"event_choices":[{"damage_healed":0,"gold_gain":0,"player_choice":"Donut","damage_taken":0,"max_hp_gain":5,"max_hp_loss":0,"event_name":"Big Fish","floor":2,"gold_loss":0},{"damage_healed":0,"gold_gain":0,"player_choice":"Take Damage","damage_taken":26,"relics_obtained":["Golden Idol"],"max_hp_gain":0,"max_hp_loss":0,"event_name":"Golden Idol","floor":3,"gold_loss":0},{"damage_healed":0,"gold_gain":0,"player_choice":"Entered Light","damage_taken":23,"max_hp_gain":0,"max_hp_loss":0,"event_name":"Shining Light","floor":4,"gold_loss":0,"cards_upgraded":["Zap","Strike_B"]},{"damage_healed":0,"gold_gain":0,"player_choice":"Bought 1 Potion","damage_taken":0,"max_hp_gain":0,"max_hp_loss":0,"event_name":"The Woman in Blue","floor":5,"gold_loss":0},{"damage_healed":0,"gold_gain":0,"player_choice":"Copied","damage_taken":0,"max_hp_gain":0,"max_hp_loss":0,"event_name":"Duplicator","floor":19,"gold_loss":0,"cards_obtained":["Ball Lightning"]}],"is_beta":false,"boss_relics":[{"not_picked":["FrozenCore","Runic Dome"],"picked":"Busted Crown"}],"items_purged_floors":[13],"is_endless":false,"potions_floor_spawned":[7,21],"killed_by":"Cultist and Chosen","ascension_level":17}