{"path_per_floor":["M","M","M","M","M","E","R","$","T","?","M","R","M","?","R","B",null,"M","$","M","M","M","R","E","R","T","M","M","M"],"character_chosen":"THE_SILENT","items_purchased":["Dead Branch","Bandage Up","Noxious Fumes","Ninja Scroll"],"gold_per_floor":[144,189,234,279,324,414,414,23,98,173,218,218,263,263,263,563,563,608,204,249,294,339,339,429,429,429,474,519,564],"floor_reached":30,"campfire_rested":5,"playtime":1143,"current_hp_per_floor":[70,70,70,54,51,26,47,47,47,36,40,61,61,70,70,23,70,49,49,16,11,5,26,5,26,26,26,23,14],"items_purged":["Strike_G"],"gold":564,"score":283,"play_id":"f221ae37-f056-4134-92d0-0401b18f1c1a","local_time":"20180321015706","daily_mods":["Allstar","Midas","Lethality"],"is_prod":false,"is_daily":true,"is_ascension_mode":false,"campfire_upgraded":0,"timestamp":1521561426,"path_taken":["M","M","M","M","M","E","R","$","T","?","M","R","M","?","R","BOSS","M","$","M","M","M","R","E","R","T","M","M","M","E"],"build_version":"2018-03-15v3","purchased_purges":2,"victory":false,"master_deck":["Defend_G","Defend_G","Defend_G","Defend_G","Defend_G","Strike_G","Strike_G","Strike_G","Strike_G","Survivor","Neutralize","Mind Blast","Sadistic Nature","Riddle With Holes","Backflip","Accuracy","Cloak And Dagger","Dagger Spray","Cloak And Dagger","Calculated Gamble","Infinite Blades+1","Wraith Form+1","Deadly Poison","Noxious Fumes+1","Catalyst+1","Slice","Cloak And Dagger+1","Noxious Fumes+1","Expertise+1","Reflex","Eviscerate"],"max_hp_per_floor":[70,70,70,70,70,70,70,70,70,70,70,70,70,70,70,70,70,70,70,70,70,70,70,70,70,70,70,70,70],"relics":["Ring of the Snake","Frozen Egg 2","Dead Branch","Pantograph","The Specimen","Ninja Scroll","Paper Crane","Letter Opener"],"card_choices":[{"not_picked":["Acrobatics","Poisoned Stab"],"picked":"Riddle With Holes"},{"not_picked":["Acrobatics","Concentrate"],"picked":"Backflip"},{"not_picked":["Acrobatics","Blur"],"picked":"Accuracy"},{"not_picked":["Underhanded Strike","Flechettes"],"picked":"Cloak And Dagger"},{"not_picked":["Deflect","Dagger Throw"],"picked":"Dagger Spray"},{"not_picked":["Poisoned Stab","Distraction"],"picked":"Cloak And Dagger"},{"not_picked":["Backflip","Flying Knee"],"picked":"Calculated Gamble"},{"not_picked":["Bullet Time","Catalyst"],"picked":"Infinite Blades"},{"not_picked":["Venomology","Doppelganger"],"picked":"Wraith Form"},{"not_picked":["Quick Slash","Bane"],"picked":"Deadly Poison"},{"not_picked":["Outmaneuver","Bane"],"picked":"Catalyst"},{"not_picked":["All Out Attack","Poisoned Stab"],"picked":"Slice"},{"not_picked":["Underhanded Strike","Expertise"],"picked":"Cloak And Dagger"},{"not_picked":["Unload","Endless Agony"],"picked":"Noxious Fumes"},{"not_picked":["Skewer","Prepared"],"picked":"Expertise"},{"not_picked":["Outmaneuver","Slice"],"picked":"Reflex"},{"not_picked":["Expertise","All Out Attack"],"picked":"Eviscerate"}],"player_experience":266052,"potions_floor_usage":[16,18,21,21,28,29,30],"damage_taken":[{"damage":0,"enemies":"2 Louse","floor":1,"turns":2},{"damage":0,"enemies":"Small Slimes","floor":2,"turns":1},{"damage":0,"enemies":"Cultist","floor":3,"turns":2},{"damage":16,"enemies":"3 Louse","floor":4,"turns":4},{"damage":3,"enemies":"Exordium Thugs","floor":5,"turns":4},{"damage":25,"enemies":"Lagavulin","floor":6,"turns":4},{"damage":0,"enemies":"Lots of Slimes","floor":11,"turns":1},{"damage":0,"enemies":"3 Louse","floor":13,"turns":1},{"damage":47,"enemies":"The Guardian","floor":16,"turns":6},{"damage":21,"enemies":"3 Byrds","floor":18,"turns":3},{"damage":33,"enemies":"2 Thieves","floor":20,"turns":3},{"damage":11,"enemies":"Centurion and Healer","floor":21,"turns":3},{"damage":6,"enemies":"Cultist and Chosen","floor":22,"turns":5},{"damage":21,"enemies":"Gremlin Leader","floor":24,"turns":5},{"damage":0,"enemies":"3 Cultists","floor":27,"turns":3},{"damage":3,"enemies":"Centurion and Healer","floor":28,"turns":4},{"damage":9,"enemies":"Snake Plant","floor":29,"turns":2},{"damage":14,"enemies":"Slavers","floor":30,"turns":1}],"event_choices":[{"event_name":"World of Goop","player_choice":"Gather Gold","floor":10,"damage_taken":0},{"event_name":"Bonfire Elementals","player_choice":"UNCOMMON","floor":14,"damage_taken":0}],"boss_relics":[{"not_picked":["Runic Pyramid","Eternal Feather"],"picked":"The Specimen"}],"potions_floor_spawned":[2,4,13,18,27,28,29],"seed_played":"-7629097336603244972","killed_by":"Slavers","ascension_level":0,"is_trial":false}