{"gold_per_floor":[117,134,134,157,177,217,217,240,295,318,333,349,362,385,385,505,505,519,519,519,424,445,445,465,465,465,465,500,524,524],"floor_reached":30,"playtime":2177,"items_purged":[],"score":258,"play_id":"717e7338-7a9b-4098-b530-6d900e45d905","local_time":"20180917200404","is_ascension_mode":false,"campfire_choices":[{"data":"Bash","floor":7,"key":"SMITH"},{"data":"Flame Barrier","floor":15,"key":"SMITH"},{"data":"Enlightenment","floor":23,"key":"SMITH"},{"floor":25,"key":"REST"},{"data":"Demon Form","floor":27,"key":"SMITH"}],"neow_cost":"","seed_source_timestamp":305698899061944,"circlet_count":0,"master_deck":["Strike_R","Strike_R","Strike_R","Strike_R","Defend_R","Defend_R","Defend_R","Bash+1","Twin Strike","Seeing Red","Perfected Strike","Flame Barrier+1","Rage","Metallicize","Headbutt","Clothesline","Seeing Red","Demon Form+1","Twin Strike","Enlightenment+1","Clothesline","Cleave+1","Heavy Blade","Iron Wave"],"relics":["Burning Blood","Golden Idol","Charon\u0027s Ashes","Boot","Empty Cage","Gremlin Horn","Bottled Lightning"],"potions_floor_usage":[6,12,16,28,30],"damage_taken":[{"damage":0,"enemies":"Small Slimes","floor":1,"turns":3},{"damage":1,"enemies":"Jaw Worm","floor":2,"turns":4},{"damage":2,"enemies":"2 Louse","floor":4,"turns":2},{"damage":8,"enemies":"Lots of Slimes","floor":5,"turns":4},{"damage":26,"enemies":"3 Sentries","floor":6,"turns":9},{"damage":0,"enemies":"Large Slime","floor":8,"turns":6},{"damage":6,"enemies":"Blue Slaver","floor":10,"turns":3},{"damage":0,"enemies":"2 Fungi Beasts","floor":11,"turns":3},{"damage":2,"enemies":"Looter","floor":12,"turns":3},{"damage":22,"enemies":"Exordium Wildlife","floor":13,"turns":4},{"damage":8,"enemies":"Lots of Slimes","floor":14,"turns":4},{"damage":32,"enemies":"The Guardian","floor":16,"turns":11},{"damage":11,"enemies":"Shell Parasite","floor":18,"turns":6},{"damage":13,"enemies":"Chosen","floor":22,"turns":5},{"damage":36,"enemies":"Centurion and Healer","floor":24,"turns":6},{"damage":40,"enemies":"Book of Stabbing","floor":28,"turns":5},{"damage":17,"enemies":"Snecko","floor":29,"turns":5},{"damage":37,"enemies":"Snake Plant","floor":30,"turns":2}],"seed_played":"-2927820627874706720","potions_obtained":[{"floor":4,"key":"Regen Potion"},{"floor":8,"key":"Block Potion"},{"floor":10,"key":"FearPotion"},{"floor":12,"key":"Weak Potion"},{"floor":13,"key":"FairyPotion"},{"floor":16,"key":"SkillPotion"},{"floor":29,"key":"Regen Potion"}],"is_trial":false,"path_per_floor":["M","M","?","M","M","E","R","M","T","M","M","M","M","M","R","B",null,"M","?","?","$","M","R","M","R","T","R","E","M"],"character_chosen":"IRONCLAD","items_purchased":["Enlightenment"],"campfire_rested":1,"item_purchase_floors":[21],"current_hp_per_floor":[80,80,60,64,62,57,57,63,63,63,69,73,57,55,55,29,80,75,75,75,75,68,68,38,62,62,62,28,17,0],"gold":524,"neow_bonus":"","is_prod":false,"is_daily":false,"chose_seed":false,"campfire_upgraded":4,"win_rate":0.0,"timestamp":1537232644,"path_taken":["M","M","?","M","M","E","R","M","T","?","M","M","M","M","R","BOSS","M","?","?","?","M","R","M","R","T","R","E","M","M"],"build_version":"2018-09-06","purchased_purges":0,"victory":false,"max_hp_per_floor":[80,80,80,80,80,80,80,80,80,80,80,80,80,80,80,80,80,80,80,80,80,80,80,80,80,80,80,80,80,80],"card_choices":[{"not_picked":["Body Slam","Anger"],"picked":"Twin Strike","floor":1},{"not_picked":["Dual Wield","Second Wind"],"picked":"Seeing Red","floor":2},{"not_picked":["Twin Strike","Dropkick"],"picked":"Perfected Strike","floor":4},{"not_picked":["Clothesline","Heavy Blade"],"picked":"Flame Barrier","floor":5},{"not_picked":["Clothesline","Uppercut"],"picked":"Rage","floor":6},{"not_picked":["Clothesline","Offering"],"picked":"Metallicize","floor":8},{"not_picked":["Sword Boomerang","Fire Breathing"],"picked":"Headbutt","floor":10},{"not_picked":["Searing Blow","Flame Barrier"],"picked":"Clothesline","floor":11},{"not_picked":["Feel No Pain","Metallicize"],"picked":"Seeing Red","floor":12},{"not_picked":["Warcry","Feel No Pain","Anger"],"picked":"SKIP","floor":13},{"not_picked":["Pommel Strike","Battle Trance","Twin Strike"],"picked":"SKIP","floor":14},{"not_picked":["Fiend Fire","Bludgeon"],"picked":"Demon Form","floor":16},{"not_picked":["Body Slam+1","Anger+1"],"picked":"Twin Strike","floor":18},{"not_picked":["Flame Barrier","Armaments+1"],"picked":"Clothesline","floor":22},{"not_picked":["Power Through","Sword Boomerang"],"picked":"Cleave+1","floor":24},{"not_picked":["Fire Breathing+1","Body Slam+1"],"picked":"Heavy Blade","floor":28},{"not_picked":["Reckless Charge+1","Clothesline"],"picked":"Iron Wave","floor":29}],"player_experience":24720,"relics_obtained":[{"floor":6,"key":"Charon\u0027s Ashes"},{"floor":9,"key":"Boot"},{"floor":26,"key":"Gremlin Horn"},{"floor":28,"key":"Bottled Lightning"}],"event_choices":[{"event_name":"Golden Idol","player_choice":"Take Damage","floor":3,"damage_taken":0},{"event_name":"Ghosts","player_choice":"Ignored","floor":19,"damage_taken":0},{"event_name":"Vampires","player_choice":"Ignored","floor":20,"damage_taken":0}],"is_beta":false,"boss_relics":[{"not_picked":["Runic Pyramid","Calling Bell"],"picked":"Empty Cage"}],"items_purged_floors":[],"is_endless":false,"potions_floor_spawned":[4,8,10,12,13,16,24,29],"killed_by":"Snake Plant","ascension_level":0}