{"gold_per_floor":[113,125,125,143,143,174,174,204,204,129,147,172,4,4,4,81,81,95,114,132,167,183,183],"floor_reached":23,"playtime":864,"items_purged":["Defend_R"],"score":472,"play_id":"14c5631f-4d8d-4d79-92b9-82c37639ab39","local_time":"20181210120918","is_ascension_mode":true,"campfire_choices":[{"floor":7,"key":"REST"},{"data":"Pommel Strike","floor":15,"key":"SMITH"}],"neow_cost":"NONE","seed_source_timestamp":254338925499900,"circlet_count":0,"master_deck":["AscendersBane","Strike_R","Strike_R","Strike_R","Strike_R+1","Defend_R","Defend_R","Bash","Pommel Strike+1","Havoc+1","Perfected Strike","True Grit+1","Twin Strike","Sever Soul","Impervious","Flame Barrier","Feel No Pain","Barricade","Shrug It Off","Clothesline"],"relics":["Burning Blood","NeowsBlessing","Pen Nib","Charon\u0027s Ashes","Pantograph","Bottled Lightning","Sozu","Red Mask"],"potions_floor_usage":[6,8,12,16],"damage_taken":[{"damage":0,"enemies":"Small Slimes","floor":1,"turns":1},{"damage":0,"enemies":"Jaw Worm","floor":2,"turns":1},{"damage":0,"enemies":"2 Louse","floor":4,"turns":1},{"damage":26,"enemies":"Lagavulin","floor":6,"turns":5},{"damage":13,"enemies":"3 Sentries","floor":8,"turns":6},{"damage":17,"enemies":"Gremlin Gang","floor":11,"turns":4},{"damage":0,"enemies":"Gremlin Nob","floor":12,"turns":2},{"damage":20,"enemies":"Hexaghost","floor":16,"turns":12},{"damage":5,"enemies":"2 Thieves","floor":18,"turns":4},{"damage":13,"enemies":"Chosen","floor":19,"turns":4},{"damage":9,"enemies":"Centurion and Healer","floor":20,"turns":6},{"damage":6,"enemies":"Masked Bandits","floor":21,"turns":4},{"damage":7,"enemies":"Chosen and Byrds","floor":22,"turns":4},{"damage":63,"enemies":"Book of Stabbing","floor":23,"turns":5}],"seed_played":"-2922498150489225463","potions_obtained":[{"floor":1,"key":"LiquidBronze"},{"floor":4,"key":"Dexterity Potion"},{"floor":6,"key":"FearPotion"}],"is_trial":false,"path_per_floor":["M","M","?","M","?","E","R","E","T","?","M","E","$","?","R","B",null,"M","M","M","?","M","E"],"character_chosen":"IRONCLAD","items_purchased":["Feel No Pain","PowerPotion"],"campfire_rested":1,"item_purchase_floors":[13,13],"current_hp_per_floor":[74,75,75,75,52,32,54,47,47,47,36,42,42,42,42,53,70,71,64,61,61,60,0],"gold":183,"neow_bonus":"THREE_ENEMY_KILL","is_prod":false,"is_daily":false,"chose_seed":false,"campfire_upgraded":1,"win_rate":0,"timestamp":1544468958,"path_taken":["M","M","?","M","?","E","R","E","T","?","M","E","$","?","R","BOSS","M","?","M","?","M","E"],"build_version":"2018-12-06","purchased_purges":1,"victory":false,"max_hp_per_floor":[75,75,75,75,75,75,75,75,75,75,75,75,75,75,75,75,75,75,75,75,75,75,75],"card_choices":[{"not_picked":["Rampage","Sever Soul"],"picked":"Pommel Strike","floor":1},{"not_picked":["Iron Wave","Battle Trance"],"picked":"Havoc","floor":2},{"not_picked":["Flex","Sever Soul"],"picked":"True Grit","floor":4},{"not_picked":["Perfected Strike","Headbutt"],"picked":"Twin Strike","floor":6},{"not_picked":["Second Wind","True Grit"],"picked":"Sever Soul","floor":8},{"not_picked":["Flex","Wild Strike"],"picked":"Impervious","floor":11},{"not_picked":["Twin Strike","Hemokinesis"],"picked":"Flame Barrier","floor":12},{"not_picked":["Double Tap","Brutality"],"picked":"Barricade","floor":16},{"not_picked":["Warcry","Sword Boomerang","Reckless Charge"],"picked":"SKIP","floor":18},{"not_picked":["Body Slam","Dual Wield+1"],"picked":"Shrug It Off","floor":19},{"not_picked":["Dropkick","True Grit","Evolve"],"picked":"SKIP","floor":20},{"not_picked":["Thunderclap","Rupture"],"picked":"Clothesline","floor":22}],"player_experience":583800,"relics_obtained":[{"floor":6,"key":"Pen Nib"},{"floor":8,"key":"Charon\u0027s Ashes"},{"floor":9,"key":"Pantograph"},{"floor":12,"key":"Bottled Lightning"},{"floor":21,"key":"Red Mask"}],"event_choices":[{"damage_healed":0,"gold_gain":0,"cards_transformed":["Defend_R"],"player_choice":"Change","damage_taken":0,"max_hp_gain":0,"max_hp_loss":0,"event_name":"Living Wall","floor":3,"gold_loss":0,"cards_obtained":["Perfected Strike"]},{"damage_healed":0,"gold_gain":0,"player_choice":"Entered Light","damage_taken":23,"max_hp_gain":0,"max_hp_loss":0,"event_name":"Shining Light","floor":5,"gold_loss":0,"cards_upgraded":["Strike_R","Havoc"]},{"cards_removed":["Strike_R"],"damage_healed":0,"gold_gain":0,"player_choice":"Card Removal","damage_taken":0,"max_hp_gain":0,"max_hp_loss":0,"event_name":"The Cleric","floor":10,"gold_loss":75},{"damage_healed":0,"gold_gain":0,"player_choice":"Forge","damage_taken":0,"max_hp_gain":0,"max_hp_loss":0,"event_name":"Accursed Blacksmith","floor":14,"gold_loss":0,"cards_upgraded":["True Grit"]},{"damage_healed":0,"gold_gain":0,"player_choice":"Fought Bandits","damage_taken":0,"max_hp_gain":0,"max_hp_loss":0,"event_name":"Masked Bandits","floor":21,"gold_loss":0}],"is_beta":false,"boss_relics":[{"not_picked":["Lizard Tail","Runic Cube"],"picked":"Sozu"}],"items_purged_floors":[13],"is_endless":false,"potions_floor_spawned":[1,4,6,18,22],"killed_by":"Book of Stabbing","ascension_level":20}