{"gold_per_floor":[219,29,59,71,86,114,114,146,170,194,206,218,230,242,254,266],"floor_reached":16,"playtime":669,"items_purged":[],"score":216,"play_id":"17deda70-37ad-4032-9284-1ed0922d5d1a","local_time":"20190106192658","is_ascension_mode":true,"campfire_choices":[{"data":"Defragment","floor":7,"key":"SMITH"},{"floor":15,"key":"REST"}],"neow_cost":"NONE","seed_source_timestamp":63037996190108,"circlet_count":0,"master_deck":["AscendersBane","Strike_B","Strike_B","Strike_B","Defend_B","Defend_B","Defend_B","Defend_B","Zap","Dualcast","Defragment+1","Coolheaded","Loop","Cold Snap","Undo","Buffer+1","Tempest+1"],"relics":["Cracked Core","Tiny Chest","Blood Vial","Bag of Marbles","MawBank","Ginger"],"potions_floor_usage":[6,10,16],"damage_taken":[{"damage":6,"enemies":"Cultist","floor":1,"turns":3},{"damage":4,"enemies":"Small Slimes","floor":4,"turns":3},{"damage":3,"enemies":"Jaw Worm","floor":5,"turns":4},{"damage":12,"enemies":"Lagavulin","floor":6,"turns":8},{"damage":22,"enemies":"Gremlin Nob","floor":8,"turns":5},{"damage":9,"enemies":"2 Fungi Beasts","floor":10,"turns":3},{"damage":28,"enemies":"Hexaghost","floor":16,"turns":9}],"seed_played":"-1023041238626220513","potions_obtained":[{"floor":4,"key":"Explosive Potion"},{"floor":6,"key":"Weak Potion"},{"floor":10,"key":"Energy Potion"}],"is_trial":false,"path_per_floor":["M","$","?","M","M","E","R","E","T","M","?","?","T","?","R","B"],"character_chosen":"DEFECT","items_purchased":["Coolheaded","Loop","Cold Snap"],"campfire_rested":1,"item_purchase_floors":[2,2,2],"current_hp_per_floor":[58,58,58,54,51,39,39,19,19,12,12,5,5,5,26,0],"gold":266,"neow_bonus":"HUNDRED_GOLD","is_prod":false,"is_daily":false,"chose_seed":false,"campfire_upgraded":1,"win_rate":0,"timestamp":1546763218,"path_taken":["M","$","?","?","M","E","R","E","T","M","?","?","?","?","R","BOSS"],"build_version":"2018-11-15","purchased_purges":0,"victory":false,"max_hp_per_floor":[71,71,71,71,71,71,71,71,71,71,71,71,71,71,71,71],"card_choices":[{"not_picked":["Leap","Compile Driver"],"picked":"Defragment","floor":1},{"not_picked":["White Noise","FTL"],"picked":"Undo","floor":4},{"not_picked":["Redo","Compile Driver","Barrage"],"picked":"SKIP","floor":5},{"not_picked":["Steam","Core Surge"],"picked":"Buffer","floor":6},{"not_picked":["Double Energy","Hologram","Turbo"],"picked":"SKIP","floor":8},{"not_picked":["Hologram","Fusion"],"picked":"Tempest","floor":10}],"player_experience":995600,"relics_obtained":[{"floor":3,"key":"Tiny Chest"},{"floor":6,"key":"Blood Vial"},{"floor":8,"key":"Bag of Marbles"},{"floor":9,"key":"MawBank"},{"floor":13,"key":"Ginger"}],"event_choices":[{"damage_healed":0,"gold_gain":0,"player_choice":"Relic","damage_taken":0,"max_hp_gain":0,"max_hp_loss":0,"event_name":"Wheel of Change","floor":3,"gold_loss":0},{"damage_healed":0,"gold_gain":0,"player_choice":"Grow","damage_taken":0,"max_hp_gain":0,"max_hp_loss":0,"event_name":"Living Wall","floor":11,"gold_loss":0,"cards_upgraded":["Buffer"]},{"cards_removed":["Strike_B"],"damage_healed":0,"gold_gain":0,"player_choice":"Card Removal","damage_taken":7,"max_hp_gain":0,"max_hp_loss":0,"event_name":"Golden Wing","floor":12,"gold_loss":0},{"damage_healed":0,"gold_gain":0,"player_choice":"Forge","damage_taken":0,"max_hp_gain":0,"max_hp_loss":0,"event_name":"Accursed Blacksmith","floor":14,"gold_loss":0,"cards_upgraded":["Tempest"]}],"is_beta":true,"boss_relics":[],"items_purged_floors":[],"is_endless":false,"potions_floor_spawned":[4,6,10],"killed_by":"Hexaghost","ascension_level":20}