{"path_per_floor":["M","M","M","M","?","R","?","E","T","E","$","?","M","E","R","B",null,"M","M","M","M","M","E","M","R","T","R","M","T","?","M","R","B",null,"M","M","M","M","M","E","$","M","T","M","R","E","R","?","R","B"],"character_chosen":"THE_SILENT","items_purchased":["Panache","Dramatic Entrance","Pantograph"],"gold_per_floor":[119,134,148,164,164,164,264,291,291,320,52,4,14,42,42,137,137,154,166,180,191,207,236,248,248,301,301,319,343,343,361,361,462,462,474,491,507,526,543,578,126,136,136,156,156,183,183,183,183,183],"floor_reached":51,"campfire_rested":6,"playtime":5479,"current_hp_per_floor":[70,68,68,67,53,53,53,21,21,8,8,8,7,7,30,12,77,66,51,49,42,30,30,10,33,33,56,56,56,40,31,54,17,77,77,74,48,43,38,21,21,17,17,17,55,41,77,77,77,27],"items_purged":["Defend_G","Strike_G"],"gold":183,"score":681,"play_id":"bd1c7bfe-70f8-4ee7-aed1-e905d493efbd","is_prod":false,"is_daily":false,"is_ascension_mode":false,"campfire_upgraded":2,"path_taken":["M","M","M","M","?","R","?","E","T","E","$","?","M","E","R","BOSS","M","M","M","M","M","E","M","R","T","R","M","?","?","M","R","BOSS","M","M","?","M","M","E","$","M","T","M","R","E","R","?","R","BOSS"],"build_version":"2018-02-22-PROD2","purchased_purges":2,"victory":true,"master_deck":["Defend_G","Defend_G","Defend_G+1","Defend_G","Strike_G","Strike_G","Strike_G+1","Survivor","Neutralize","After Image+1","Flying Knee","Well Laid Plans","Malaise","Acrobatics","Panache","Slice+1","Adrenaline","Noxious Fumes+1","Blade Dance+1","Slice+1","Slice+1","Slice+1","Acrobatics+1","Burst+1","Necronomicurse","Adrenaline+1","Deflect+1","Prepared+1","Slice+1","Flying Knee+1","Blade Dance+1","Eviscerate+1","Dramatic Entrance+1","Prepared+1","Slice+1","Tools of the Trade+1"],"max_hp_per_floor":[70,70,70,70,70,70,70,77,77,77,77,77,77,77,77,77,77,77,77,77,77,77,77,77,77,77,77,77,77,77,77,77,77,77,77,77,77,77,77,77,77,77,77,77,77,77,77,77,77,77],"relics":["Ring of the Snake","Strawberry","Unceasing Top","Molten Egg 2","Pen Nib","Philosopher\u0027s Stone","Toxic Egg 2","Oddly Smooth Stone","Ancient Tea Set","Necronomicon","Lizard Tail","Regal Pillow","Pantograph","Matryoshka","Bronze Scales"],"card_choices":[{"not_picked":["Underhanded Strike","Quick Slash"],"picked":"After Image"},{"not_picked":["Bane","Finisher"],"picked":"Flying Knee"},{"not_picked":["Dodge and Roll","Masterful Stab"],"picked":"Well Laid Plans"},{"not_picked":["Quick Slash","Underhanded Strike"],"picked":"Malaise"},{"not_picked":["Crippling Poison","Wraith Form"],"picked":"Acrobatics"},{"not_picked":["Acrobatics","Flying Knee"],"picked":"Slice"},{"not_picked":["Quick Slash","Poisoned Stab"],"picked":"Adrenaline"},{"not_picked":["Phantasmal Killer","Bullet Time"],"picked":"Adrenaline"},{"not_picked":["Backflip","Sucker Punch"],"picked":"Noxious Fumes"},{"not_picked":["Deadly Poison","Reflex"],"picked":"Blade Dance"},{"not_picked":["Prepared","Footwork"],"picked":"Slice"},{"not_picked":["Riddle With Holes","Backstab"],"picked":"Slice"},{"not_picked":["Noxious Fumes","Calculated Gamble"],"picked":"Slice"},{"not_picked":["Sucker Punch","Dodge and Roll"],"picked":"Acrobatics"},{"not_picked":["Dagger Throw","Reflex"],"picked":"Burst"},{"not_picked":["Corpse Explosion","Doppelganger"],"picked":"Adrenaline"},{"not_picked":["Finisher","Poisoned Stab"],"picked":"Deflect"},{"not_picked":["Acrobatics","Quick Slash"],"picked":"Prepared"},{"not_picked":["Underhanded Strike","Bane"],"picked":"Slice"},{"not_picked":["Acrobatics","Dagger Throw"],"picked":"Flying Knee"},{"not_picked":["Bouncing Flask","Well Laid Plans"],"picked":"Blade Dance"},{"not_picked":["Backflip","Wraith Form"],"picked":"Eviscerate"},{"not_picked":["Dagger Spray","Quick Slash"],"picked":"Prepared"},{"not_picked":["Poisoned Stab","Sucker Punch"],"picked":"Slice"},{"not_picked":["Dagger Throw","Dash"],"picked":"Tools of the Trade"}],"player_experience":29864,"potions_floor_usage":[14,16,33,33,33,40,40,42,50,50],"damage_taken":[{"damage":0,"enemies":"2 Louse","floor":1,"turns":2},{"damage":2,"enemies":"Small Slimes","floor":2,"turns":4},{"damage":0,"enemies":"Cultist","floor":3,"turns":4},{"damage":1,"enemies":"Red Slaver","floor":4,"turns":3},{"damage":39,"enemies":"Gremlin Nob","floor":8,"turns":6},{"damage":13,"enemies":"Lagavulin","floor":10,"turns":11},{"damage":1,"enemies":"Blue Slaver","floor":13,"turns":3},{"damage":0,"enemies":"3 Sentries","floor":14,"turns":7},{"damage":18,"enemies":"Slime Boss","floor":16,"turns":14},{"damage":11,"enemies":"Spheric Guardian","floor":18,"turns":4},{"damage":15,"enemies":"2 Thieves","floor":19,"turns":4},{"damage":2,"enemies":"Snake Plant","floor":20,"turns":4},{"damage":7,"enemies":"Centurion and Healer","floor":21,"turns":5},{"damage":12,"enemies":"Snecko","floor":22,"turns":5},{"damage":0,"enemies":"Book of Stabbing","floor":23,"turns":4},{"damage":20,"enemies":"Snake Plant","floor":24,"turns":3},{"damage":0,"enemies":"3 Cultists","floor":28,"turns":3},{"damage":9,"enemies":"Centurion and Healer","floor":31,"turns":4},{"damage":37,"enemies":"Automaton","floor":33,"turns":8},{"damage":0,"enemies":"Orb Walker","floor":35,"turns":2},{"damage":3,"enemies":"3 Shapes","floor":36,"turns":2},{"damage":26,"enemies":"Maw","floor":37,"turns":6},{"damage":5,"enemies":"Sphere and 2 Shapes","floor":38,"turns":2},{"damage":5,"enemies":"4 Shapes","floor":39,"turns":2},{"damage":32,"enemies":"Giant Head","floor":40,"turns":7},{"damage":4,"enemies":"3 Darklings","floor":42,"turns":3},{"damage":0,"enemies":"Maw","floor":44,"turns":5},{"damage":14,"enemies":"Nemesis","floor":46,"turns":5},{"damage":98,"enemies":"Time Eater","floor":50,"turns":12}],"event_choices":[{"event_name":"Shining Light","player_choice":"Entered Light","floor":5,"damage_taken":0},{"event_name":"Golden Shrine","player_choice":"Pray","floor":7,"damage_taken":0},{"event_name":"World of Goop","player_choice":"Left","floor":12,"damage_taken":0},{"event_name":"Cursed Tome","player_choice":"Obtained Book","floor":30,"damage_taken":0}],"boss_relics":[{"not_picked":["The Specimen","Calling Bell"],"picked":"Philosopher\u0027s Stone"},{"not_picked":["Snecko Eye","Runic Dome"],"picked":"Lizard Tail"}],"potions_floor_spawned":[4,8,10,20,22,31,33,35,38,42,46],"seed_played":"-2693672704846571131","ascension_level":0,"is_trial":false}