{"gold_per_floor":[119,119,131,147,158,188,188,62,62,62,75,75],"floor_reached":12,"playtime":258,"items_purged":["Regret"],"score":160,"play_id":"96da98ab-84fe-4f3d-85f4-0fffcc2632e6","local_time":"20181208234511","is_ascension_mode":true,"campfire_choices":[{"floor":7,"key":"REST"}],"neow_cost":"NONE","seed_source_timestamp":123917606518731,"circlet_count":0,"master_deck":["AscendersBane","Strike_R","Strike_R","Strike_R","Strike_R","Strike_R","Defend_R","Defend_R","Defend_R","Bash","Armaments","Flame Barrier","Pommel Strike","Warcry","Anger","True Grit","Limit Break"],"relics":["Burning Blood","NeowsBlessing","Pen Nib","Pantograph","Art of War"],"potions_floor_usage":[6,12],"damage_taken":[{"damage":0,"enemies":"Jaw Worm","floor":1,"turns":1},{"damage":0,"enemies":"2 Louse","floor":3,"turns":1},{"damage":0,"enemies":"Cultist","floor":4,"turns":1},{"damage":18,"enemies":"Blue Slaver","floor":5,"turns":4},{"damage":59,"enemies":"Lagavulin","floor":6,"turns":9},{"damage":7,"enemies":"Exordium Wildlife","floor":11,"turns":6},{"damage":49,"enemies":"Gremlin Nob","floor":12,"turns":4}],"seed_played":"3402342981939071935","potions_obtained":[{"floor":5,"key":"Weak Potion"},{"floor":6,"key":"Regen Potion"}],"is_trial":false,"path_per_floor":["M","?","M","M","M","E","R","$","T","?","M","E"],"character_chosen":"IRONCLAD","items_purchased":["True Grit"],"campfire_rested":1,"item_purchase_floors":[8],"current_hp_per_floor":[74,74,75,75,63,10,32,32,32,32,31,0],"gold":75,"neow_bonus":"THREE_ENEMY_KILL","is_prod":false,"is_daily":false,"chose_seed":false,"campfire_upgraded":0,"win_rate":0,"timestamp":1544337911,"path_taken":["M","?","M","M","M","E","R","$","T","?","M","E"],"build_version":"2018-12-06","purchased_purges":1,"victory":false,"max_hp_per_floor":[75,75,75,75,75,75,75,75,75,75,75,75],"card_choices":[{"not_picked":["Flex","Rupture"],"picked":"Armaments","floor":1},{"not_picked":["Perfected Strike","Heavy Blade"],"picked":"Flame Barrier","floor":3},{"not_picked":["Anger","Thunderclap"],"picked":"Pommel Strike","floor":4},{"not_picked":["Second Wind","Heavy Blade"],"picked":"Warcry","floor":5},{"not_picked":["Blood for Blood","Spot Weakness"],"picked":"Anger","floor":6},{"not_picked":["Flex","Searing Blow"],"picked":"Limit Break","floor":11}],"player_experience":552929,"relics_obtained":[{"floor":6,"key":"Pantograph"},{"floor":9,"key":"Art of War"}],"event_choices":[{"damage_healed":0,"gold_gain":0,"player_choice":"Box","damage_taken":0,"relics_obtained":["Pen Nib"],"max_hp_gain":0,"max_hp_loss":0,"event_name":"Big Fish","floor":2,"gold_loss":0,"cards_obtained":["Regret"]},{"cards_removed":["Defend_R"],"damage_healed":0,"gold_gain":0,"player_choice":"Offered Basic","damage_taken":0,"max_hp_gain":0,"max_hp_loss":0,"event_name":"Bonfire Elementals","floor":10,"gold_loss":0}],"is_beta":false,"boss_relics":[],"items_purged_floors":[8],"is_endless":false,"potions_floor_spawned":[5,6],"killed_by":"Gremlin Nob","ascension_level":20}