{"gold_per_floor":[110,120,132,143,157,157,186,251,251,265,265,332,332,44,44,44],"floor_reached":16,"playtime":715,"items_purged":[],"score":128,"play_id":"21a5a578-11e9-4cba-8a97-4f571b5e26e9","local_time":"20190102001008","is_ascension_mode":true,"campfire_choices":[{"data":"Infinite Blades","floor":6,"key":"SMITH"},{"floor":15,"key":"REST"}],"neow_cost":"NONE","seed_source_timestamp":1224699962113326,"circlet_count":0,"master_deck":["Defend_G","Defend_G","Defend_G","Defend_G","Defend_G","Strike_G","Strike_G","Strike_G","Strike_G","Strike_G","Survivor","Neutralize","Doppelganger","Backstab","Infinite Blades+1","Footwork","Quick Slash","Sucker Punch","PiercingWail","Backflip"],"relics":["Ring of the Snake","Darkstone Periapt","Bottled Tornado","Bottled Flame","Incense Burner"],"potions_floor_usage":[7,7,10,16,16],"damage_taken":[{"damage":0,"enemies":"2 Louse","floor":1,"turns":3},{"damage":0,"enemies":"Jaw Worm","floor":2,"turns":4},{"damage":2,"enemies":"Small Slimes","floor":3,"turns":4},{"damage":6,"enemies":"3 Louse","floor":4,"turns":5},{"damage":2,"enemies":"Red Slaver","floor":5,"turns":5},{"damage":6,"enemies":"Gremlin Nob","floor":7,"turns":5},{"damage":43,"enemies":"Gremlin Nob","floor":8,"turns":6},{"damage":8,"enemies":"Looter","floor":10,"turns":3},{"damage":24,"enemies":"Slime Boss","floor":16,"turns":7}],"seed_played":"776595684017520765","potions_obtained":[{"floor":3,"key":"GhostInAJar"},{"floor":5,"key":"SkillPotion"},{"floor":8,"key":"PowerPotion"},{"floor":10,"key":"Fire Potion"},{"floor":13,"key":"Weak Potion"},{"floor":13,"key":"Energy Potion"}],"is_trial":false,"path_per_floor":["M","M","M","M","M","R","E","?","T","M","?","?","?","$","R","B"],"character_chosen":"THE_SILENT","items_purchased":["Incense Burner"],"campfire_rested":1,"item_purchase_floors":[14],"current_hp_per_floor":[70,70,68,62,60,60,54,11,11,3,3,3,3,3,24,0],"gold":44,"neow_bonus":"ONE_RANDOM_RARE_CARD","is_prod":false,"is_daily":false,"chose_seed":false,"campfire_upgraded":1,"win_rate":0,"timestamp":1546405808,"path_taken":["M","M","M","M","M","R","E","?","T","M","?","?","?","$","R","BOSS"],"build_version":"2018-12-20","purchased_purges":0,"victory":false,"max_hp_per_floor":[70,70,70,70,70,70,70,70,70,70,70,70,70,70,70,70],"card_choices":[{"not_picked":["Backflip","Well Laid Plans"],"picked":"Backstab","floor":1},{"not_picked":["Acrobatics","Well Laid Plans","Underhanded Strike"],"picked":"SKIP","floor":2},{"not_picked":["Poisoned Stab","Blade Dance"],"picked":"Infinite Blades","floor":3},{"not_picked":["Underhanded Strike","Bane"],"picked":"Footwork","floor":4},{"not_picked":["Acrobatics","Flechettes"],"picked":"Quick Slash","floor":5},{"not_picked":["Doppelganger","Backflip"],"picked":"Sucker Punch","floor":7},{"not_picked":["Caltrops","Dagger Spray"],"picked":"PiercingWail","floor":8},{"not_picked":["Setup","Crippling Poison"],"picked":"Backflip","floor":10}],"player_experience":309102,"relics_obtained":[{"floor":7,"key":"Darkstone Periapt"},{"floor":8,"key":"Bottled Tornado"},{"floor":9,"key":"Bottled Flame"}],"event_choices":[{"damage_healed":0,"gold_gain":0,"player_choice":"Searched \u00271\u0027 times","damage_taken":0,"max_hp_gain":0,"max_hp_loss":0,"event_name":"Dead Adventurer","floor":8,"gold_loss":0},{"damage_healed":0,"gold_gain":0,"player_choice":"Ignored","damage_taken":0,"max_hp_gain":0,"max_hp_loss":0,"event_name":"Shining Light","floor":11,"gold_loss":0},{"damage_healed":0,"gold_gain":67,"player_choice":"Gained Gold","damage_taken":0,"max_hp_gain":0,"max_hp_loss":0,"event_name":"Golden Wing","floor":12,"gold_loss":0},{"damage_healed":0,"gold_gain":0,"player_choice":"Got Potions","damage_taken":0,"max_hp_gain":0,"max_hp_loss":0,"event_name":"Lab","floor":13,"gold_loss":0}],"is_beta":false,"boss_relics":[],"items_purged_floors":[],"is_endless":false,"potions_floor_spawned":[3,5,8,10],"killed_by":"Slime Boss","ascension_level":5}