{"gold_per_floor":[110,110,60,60,60,60,133,133,211,224,77,77,88,51,51,147,147,157,157,168,187,205,237,237,253,253,253,284,284,71,14,14,115,115,133,143,143,161,161,161,161,161,161,161,176,191,209,222,222,222],"floor_reached":51,"playtime":10633,"items_purged":["Strike_R"],"score":1077,"play_id":"d85109ea-4d03-4d9c-8fea-42c03e47bc15","local_time":"20180711124412","is_ascension_mode":true,"campfire_choices":[{"floor":6.0,"key":"REST"},{"data":"Bash","floor":8.0,"key":"SMITH"},{"data":"Shrug It Off","floor":12.0,"key":"SMITH"},{"data":"Combust","floor":15.0,"key":"SMITH"},{"floor":24.0,"key":"REST"},{"data":"Whirlwind","floor":27.0,"key":"SMITH"},{"data":"Rage","floor":32.0,"key":"SMITH"},{"data":"Rampage","floor":40.0,"key":"SMITH"},{"data":"Heavy Blade","floor":42.0,"key":"SMITH"},{"data":"Bloodletting","floor":44.0,"key":"SMITH"},{"floor":49.0,"key":"REST"}],"neow_cost":"FIFTY_PERCENT_DAMAGE","seed_source_timestamp":0,"circlet_count":0,"master_deck":["Strike_R","Strike_R","Defend_R","Defend_R+1","Defend_R+1","Defend_R","Bash+1","AscendersBane","Inflame","Spot Weakness","Shrug It Off+1","Reaper","Combust+1","Whirlwind+1","Offering","Metallicize+1","Rampage+1","Pommel Strike","Heavy Blade+1","Clothesline","Pummel+1","Normality","Rupture","Disarm","Bloodletting+1","Rage+1","Bludgeon","Headbutt+1","Intimidate+1","Exhume","Ghostly Armor+1"],"special_seed":0,"relics":["Burning Blood","Gambling Chip","War Paint","Matryoshka","Anchor","Self Forming Clay","Runic Cube","Prayer Wheel","Meat on the Bone","Pen Nib","Red Mask","The Courier","Lizard Tail","Frozen Egg 2"],"potions_floor_usage":[50],"damage_taken":[{"damage":21.0,"enemies":"Jaw Worm","floor":1.0,"turns":7.0},{"damage":0.0,"enemies":"Small Slimes","floor":10.0,"turns":3.0},{"damage":0.0,"enemies":"2 Louse","floor":13.0,"turns":4.0},{"damage":46.0,"enemies":"The Guardian","floor":16.0,"turns":16.0},{"damage":14.0,"enemies":"Chosen","floor":18.0,"turns":5.0},{"damage":16.0,"enemies":"Spheric Guardian","floor":20.0,"turns":4.0},{"damage":16.0,"enemies":"Snecko","floor":21.0,"turns":4.0},{"damage":34.0,"enemies":"Slaver and Parasite","floor":22.0,"turns":7.0},{"damage":19.0,"enemies":"Slavers","floor":23.0,"turns":4.0},{"damage":22.0,"enemies":"Snake Plant","floor":25.0,"turns":4.0},{"damage":6.0,"floor":28.0,"turns":3.0},{"damage":22.0,"enemies":"Champ","floor":33.0,"turns":10.0},{"damage":23.0,"enemies":"Orb Walker","floor":35.0,"turns":3.0},{"damage":33.0,"enemies":"3 Darklings","floor":36.0,"turns":5.0},{"damage":26.0,"enemies":"4 Shapes","floor":38.0,"turns":8.0},{"damage":54.0,"enemies":"Maw","floor":45.0,"turns":8.0},{"damage":13.0,"enemies":"Sphere and 2 Shapes","floor":46.0,"turns":5.0},{"damage":26.0,"enemies":"4 Shapes","floor":47.0,"turns":5.0},{"damage":44.0,"enemies":"3 Darklings","floor":48.0,"turns":4.0},{"damage":91,"enemies":"Awakened One","floor":50,"turns":13}],"seed_played":"7377184926593898702","potions_obtained":[{"floor":13.0,"key":"Block Potion"},{"floor":21.0,"key":"Swift Potion"},{"floor":22.0,"key":"Strength Potion"},{"floor":23.0,"key":"Block Potion"},{"floor":33.0,"key":"FearPotion"},{"floor":35.0,"key":"AttackPotion"},{"floor":45.0,"key":"Strength Potion"},{"floor":46.0,"key":"Fire Potion"}],"is_trial":false,"path_per_floor":["M","?","?","?","?","R","T","R","T","M","$","R","M","$","R","B",null,"M","?","M","M","M","E","R","M","T","R","?","?","$","$","R","B",null,"M","M","?","M","?","R","$","R","T","R","M","M","M","M","R","B"],"character_chosen":"IRONCLAD","items_purchased":["Reaper","Whirlwind","Rupture","Disarm","Bloodletting","Fire Potion","Rage"],"campfire_rested":3,"item_purchase_floors":[],"current_hp_per_floor":[21,47,47,35,35,59,59,59,59,65,65,65,79,79,79,39,70,71,71,61,60,32,31,55,39,39,39,51,51,51,51,51,47,72,55,56,56,48,48,48,48,48,48,48,58,51,43,53,77,30],"gold":222,"neow_bonus":"ONE_RARE_RELIC","is_prod":false,"is_daily":false,"chose_seed":false,"campfire_upgraded":8,"win_rate":0,"timestamp":1531338252,"path_taken":["M","?","?","?","?","R","?","R","T","M","$","R","M","$","R","BOSS","M","?","?","M","M","E","R","M","T","R","?","?","?","$","R","BOSS","M","M","?","M","?","R","$","R","T","R","M","M","M","M","R","BOSS"],"build_version":"2018-07-05","purchased_purges":1,"victory":true,"max_hp_per_floor":[80,80,80,80,80,80,80,80,80,80,80,80,80,80,80,80,80,80,80,80,80,80,80,80,80,80,80,80,80,80,80,80,80,80,80,80,80,80,80,80,80,80,80,80,80,80,80,80,80,80],"card_choices":[{"not_picked":["Clash","Thunderclap"],"picked":"Inflame","floor":1.0},{"not_picked":["Sever Soul","Rage"],"picked":"Shrug It Off","floor":10.0},{"not_picked":["Headbutt","Thunderclap"],"picked":"Combust","floor":13.0},{"not_picked":["Barricade","Bludgeon"],"picked":"Offering","floor":16.0},{"not_picked":["Evolve","Pommel Strike"],"picked":"Metallicize+1","floor":18.0},{"not_picked":["Dropkick","Thunderclap+1"],"picked":"Rampage","floor":20.0},{"not_picked":["Searing Blow+1","Reckless Charge"],"picked":"Pommel Strike","floor":21.0},{"not_picked":["Searing Blow","Whirlwind+1"],"picked":"Heavy Blade","floor":22.0},{"not_picked":["Sever Soul","Spot Weakness+1"],"picked":"Clothesline","floor":23.0},{"not_picked":["Sentinel","Clash"],"picked":"Pummel+1","floor":25.0},{"not_picked":["Power Through","Clothesline+1","Clash+1"],"picked":"SKIP","floor":25.0},{"not_picked":["Fiend Fire","Barricade"],"picked":"Bludgeon","floor":33.0},{"not_picked":["Carnage+1","Shrug It Off","Havoc"],"picked":"SKIP","floor":35.0},{"not_picked":["Clothesline+1","Headbutt+1","Thunderclap+1"],"picked":"SKIP","floor":35.0},{"not_picked":["Warcry","Pommel Strike+1","Clash+1"],"picked":"SKIP","floor":36.0},{"not_picked":["Heavy Blade","Dropkick+1","Barricade"],"picked":"SKIP","floor":36.0},{"not_picked":["Shrug It Off","Sever Soul+1","Pommel Strike"],"picked":"SKIP","floor":38.0},{"not_picked":["Cleave","Sword Boomerang","Anger"],"picked":"SKIP","floor":38.0},{"not_picked":["Heavy Blade+1","Clash+1","Blood for Blood"],"picked":"SKIP","floor":45.0},{"not_picked":["Armaments","Iron Wave","Impervious"],"picked":"SKIP","floor":45.0},{"not_picked":["Evolve+1","Warcry+1"],"picked":"Headbutt+1","floor":46.0},{"not_picked":["Blood for Blood+1","Clash","Shockwave"],"picked":"SKIP","floor":46.0},{"not_picked":["Feel No Pain+1","Pommel Strike"],"picked":"Intimidate+1","floor":47.0},{"not_picked":["Wild Strike","Flex+1","Infernal Blade"],"picked":"SKIP","floor":47.0},{"not_picked":["Headbutt+1","Clash+1"],"picked":"Exhume","floor":48.0},{"not_picked":["Wild Strike","Feel No Pain+1"],"picked":"Ghostly Armor+1","floor":48.0}],"player_experience":938891,"relics_obtained":[{"floor":7.0,"key":"Matryoshka"},{"floor":9.0,"key":"Anchor"},{"floor":9.0,"key":"Self Forming Clay"},{"floor":23.0,"key":"Prayer Wheel"},{"floor":26.0,"key":"Meat on the Bone"},{"floor":26.0,"key":"Pen Nib"},{"floor":28.0,"key":"Red Mask"},{"floor":43.0,"key":"Frozen Egg 2"}],"event_choices":[{"event_name":"Big Fish","player_choice":"Banana","floor":2.0,"damage_taken":0.0},{"event_name":"The Cleric","player_choice":"Card Removal","floor":3.0,"damage_taken":0.0},{"event_name":"Scrap Ooze","player_choice":"success","floor":4.0,"damage_taken":12.0},{"event_name":"Match and Keep!","player_choice":"1 cards matched","floor":5.0,"damage_taken":0.0},{"event_name":"Match and Keep!","player_choice":"0 cards matched","floor":19.0,"damage_taken":0.0},{"event_name":"Masked Bandits","player_choice":"Fought over 253 gold","floor":28.0,"damage_taken":0.0},{"event_name":"Accursed Blacksmith","player_choice":"Rummage","floor":29.0,"damage_taken":0.0},{"event_name":"Purifier","player_choice":"One Purge","floor":37.0,"damage_taken":0.0},{"event_name":"Match and Keep!","player_choice":"0 cards matched","floor":39.0,"damage_taken":0.0}],"boss_relics":[{"not_picked":["Orrery","Pandora\u0027s Box"],"picked":"Runic Cube"},{"not_picked":["Empty Cage","Black Star"],"picked":"Lizard Tail"}],"items_purged_floors":[],"is_endless":false,"potions_floor_spawned":[13,21,22,23,25,33,35,45,46],"ascension_level":11}