{"gold_per_floor":[116,130,146,157,122,122,135,135,161,161,177,177,177,193,193,314,377,402,81,81,106,127,127,161,161,161,161,177,196,211,100,100,100],"floor_reached":33,"playtime":1586,"items_purged":["Defend_G"],"score":327,"play_id":"1797ea80-d6b4-4fd9-9f73-e8d80195e604","local_time":"20180902114237","is_ascension_mode":true,"campfire_choices":[{"data":"Bouncing Flask","floor":6,"key":"SMITH"},{"data":"Leg Sweep","floor":8,"key":"SMITH"},{"data":"Neutralize","floor":10,"key":"SMITH"},{"data":"Catalyst","floor":13,"key":"SMITH"},{"data":"Leg Sweep","floor":15,"key":"SMITH"},{"floor":23,"key":"REST"},{"floor":32,"key":"REST"}],"neow_cost":"NONE","seed_source_timestamp":21856441032261,"circlet_count":0,"master_deck":["Defend_G+1","Defend_G+1","Defend_G+1","Defend_G+1","Strike_G+1","Strike_G+1","Strike_G+1","Strike_G+1","Strike_G+1","Survivor+1","Neutralize+1","Bouncing Flask+1","Leg Sweep+1","Calculated Gamble","Catalyst+1","Leg Sweep+1","Envenom","Escape Plan","Flash of Steel","Sucker Punch+1","Poisoned Stab","Footwork+1","Bane+1","Noxious Fumes+1","Crippling Poison"],"relics":["Ring of the Snake","Snake Skull","Strawberry","Golden Idol","Tiny House","War Paint","Ancient Tea Set","Frozen Egg 2"],"potions_floor_usage":[4,16,22,33],"damage_taken":[{"damage":1,"enemies":"Jaw Worm","floor":1,"turns":6},{"damage":0,"enemies":"Small Slimes","floor":2,"turns":4},{"damage":5,"enemies":"2 Louse","floor":3,"turns":3},{"damage":18,"enemies":"Exordium Thugs","floor":4,"turns":4},{"damage":0,"enemies":"Large Slime","floor":7,"turns":5},{"damage":0,"enemies":"Looter","floor":11,"turns":3},{"damage":0,"enemies":"Exordium Wildlife","floor":14,"turns":3},{"damage":0,"enemies":"Hexaghost","floor":16,"turns":8},{"damage":13,"enemies":"3 Byrds","floor":18,"turns":7},{"damage":41,"enemies":"Colosseum Slavers","floor":20,"turns":9},{"damage":10,"enemies":"2 Thieves","floor":21,"turns":5},{"damage":22,"enemies":"Sentry and Sphere","floor":22,"turns":7},{"damage":27,"enemies":"Slavers","floor":24,"turns":9},{"damage":0,"enemies":"Snecko","floor":28,"turns":3},{"damage":1,"enemies":"Chosen and Byrds","floor":29,"turns":7},{"damage":13,"enemies":"Sentry and Sphere","floor":30,"turns":10},{"damage":50,"enemies":"Collector","floor":33,"turns":7}],"seed_played":"-7391565542550101137","potions_obtained":[{"floor":3,"key":"Regen Potion"},{"floor":7,"key":"PowerPotion"},{"floor":17,"key":"FairyPotion"},{"floor":21,"key":"SpeedPotion"},{"floor":28,"key":"SteroidPotion"},{"floor":30,"key":"GamblersBrew"}],"is_trial":false,"path_per_floor":["M","M","M","M","?","R","M","R","T","R","M","?","R","M","R","B",null,"M","$","?","M","M","R","E","?","T","?","M","M","M","$","R"],"character_chosen":"THE_SILENT","items_purchased":["War Paint","Flash of Steel","Noxious Fumes+1","Crippling Poison"],"campfire_rested":2,"item_purchase_floors":[19,19,31,31],"current_hp_per_floor":[69,69,64,57,70,70,70,70,77,77,77,58,58,58,58,58,82,69,69,28,18,8,32,5,32,32,32,32,31,18,18,42,0],"gold":100,"neow_bonus":"RANDOM_COMMON_RELIC","is_prod":false,"is_daily":false,"chose_seed":false,"campfire_upgraded":5,"win_rate":0,"timestamp":1535881357,"path_taken":["M","M","M","M","?","R","M","R","T","R","M","?","R","M","R","BOSS","M","$","?","M","M","R","E","?","T","?","?","?","?","$","R","BOSS"],"build_version":"2018-08-30","purchased_purges":1,"victory":false,"max_hp_per_floor":[70,70,70,70,70,70,70,70,77,77,77,77,77,77,77,77,82,82,82,82,82,82,82,82,82,82,82,82,82,82,82,82,82],"card_choices":[{"not_picked":["Acrobatics","Leg Sweep"],"picked":"Bouncing Flask","floor":1},{"not_picked":["Dagger Spray","PiercingWail","Underhanded Strike"],"picked":"SKIP","floor":2},{"not_picked":["Outmaneuver","Blur","Blade Dance"],"picked":"SKIP","floor":3},{"not_picked":["Quick Slash","Prepared"],"picked":"Leg Sweep","floor":4},{"not_picked":["Cloak And Dagger","Acrobatics"],"picked":"Calculated Gamble","floor":7},{"not_picked":["Acrobatics","Bane"],"picked":"Catalyst","floor":11},{"not_picked":["Grand Finale","Skewer"],"picked":"Leg Sweep","floor":14},{"not_picked":["Wraith Form v2","Doppelganger"],"picked":"Envenom","floor":16},{"not_picked":["Underhanded Strike+1","Backflip"],"picked":"Escape Plan","floor":18},{"not_picked":["Masterful Stab","Prepared"],"picked":"Sucker Punch+1","floor":21},{"not_picked":["Prepared+1","Backflip"],"picked":"Poisoned Stab","floor":22},{"not_picked":["Underhanded Strike","Endless Agony","Outmaneuver"],"picked":"SKIP","floor":24},{"not_picked":["Acrobatics","Dagger Throw+1"],"picked":"Footwork+1","floor":28},{"not_picked":["Grand Finale","Acrobatics","Dagger Spray"],"picked":"SKIP","floor":29},{"not_picked":["Dagger Spray","Backflip"],"picked":"Bane+1","floor":30}],"player_experience":95778,"relics_obtained":[{"floor":9,"key":"Strawberry"},{"floor":24,"key":"Ancient Tea Set"},{"floor":26,"key":"Frozen Egg 2"}],"event_choices":[{"event_name":"The Cleric","player_choice":"Healed","floor":5,"damage_taken":0},{"event_name":"Golden Idol","player_choice":"Take Damage","floor":12,"damage_taken":0},{"event_name":"Colosseum","player_choice":"Fight","floor":20,"damage_taken":0},{"event_name":"Colosseum","player_choice":"Fled From Nobs","floor":20,"damage_taken":0},{"event_name":"The Library","player_choice":"Heal","floor":25,"damage_taken":0},{"event_name":"Back to Basics","player_choice":"Simplicity","floor":27,"damage_taken":0}],"is_beta":true,"boss_relics":[{"not_picked":["Eternal Feather","Coffee Dripper"],"picked":"Tiny House"}],"items_purged_floors":[19],"is_endless":false,"potions_floor_spawned":[3,7,21,28,30],"killed_by":"Collector","ascension_level":1}