{"gold_per_floor":[116,116,76,96,96,136,136,161,161,185,3,3,47,65,65,195,195,220,220,49,49,62,100,100,140,221,235,235],"floor_reached":28,"playtime":1138,"items_purged":[],"score":279,"play_id":"91f5a810-63a6-4ed7-9cf1-e50a0f73e74b","local_time":"20180902092133","is_ascension_mode":true,"campfire_choices":[{"data":"Cloak And Dagger","floor":12,"key":"SMITH"},{"floor":15,"key":"REST"},{"data":"Bullet Time","floor":24,"key":"SMITH"}],"neow_cost":"NONE","seed_source_timestamp":13839657751520,"circlet_count":0,"master_deck":["Defend_G","Defend_G","Defend_G","Defend_G","Defend_G","Strike_G","Strike_G","Strike_G","Strike_G","Strike_G","Survivor","Neutralize","Storm of Steel+1","Sucker Punch","Cloak And Dagger+1","Escape Plan","Sucker Punch","Prepared","Blur","Corpse Explosion","Cloak And Dagger","Bullet Time+1","Backflip","Slice","Blade Dance+1","Blade Dance","Crippling Poison","Blade Dance+1"],"relics":["Ring of the Snake","Golden Idol","Mercury Hourglass","Strawberry","Vajra","Art of War","Empty Cage","Letter Opener","Bronze Scales","The Courier","Question Card","Kunai"],"potions_floor_usage":[4,6,6,10,22,23,25],"damage_taken":[{"damage":0,"enemies":"Cultist","floor":1,"turns":5},{"damage":1,"enemies":"2 Louse","floor":4,"turns":2},{"damage":21,"enemies":"Lagavulin","floor":6,"turns":11},{"damage":11,"enemies":"Jaw Worm","floor":8,"turns":2},{"damage":0,"enemies":"Lots of Slimes","floor":10,"turns":3},{"damage":17,"enemies":"Gremlin Nob","floor":13,"turns":4},{"damage":1,"enemies":"Exordium Wildlife","floor":14,"turns":2},{"damage":35,"enemies":"The Guardian","floor":16,"turns":17},{"damage":0,"enemies":"3 Byrds","floor":18,"turns":2},{"damage":0,"enemies":"Shell Parasite","floor":22,"turns":3},{"damage":11,"enemies":"Gremlin Leader","floor":23,"turns":5},{"damage":36,"enemies":"Slavers","floor":25,"turns":3},{"damage":17,"enemies":"Centurion and Healer","floor":27,"turns":5},{"damage":16,"enemies":"Gremlin Leader","floor":28,"turns":4}],"seed_played":"-4470052044808992044","potions_obtained":[{"floor":3,"key":"GhostInAJar"},{"floor":3,"key":"Fire Potion"},{"floor":3,"key":"Ancient Potion"},{"floor":4,"key":"AttackPotion"},{"floor":8,"key":"Fire Potion"},{"floor":14,"key":"GhostInAJar"},{"floor":18,"key":"AttackPotion"},{"floor":22,"key":"Strength Potion"}],"is_trial":false,"path_per_floor":["M","?","?","M","?","E","?","M","T","M","$","R","E","M","R","B",null,"M","?","$","?","M","E","R","E","T","M"],"character_chosen":"THE_SILENT","items_purchased":["Vajra","Blur","Slice","Bronze Scales"],"campfire_rested":1,"item_purchase_floors":[11,11,20,20],"current_hp_per_floor":[70,70,70,69,69,48,65,54,61,61,61,61,44,43,66,31,74,74,74,74,74,74,63,63,27,27,10,0],"gold":235,"neow_bonus":"ONE_RANDOM_RARE_CARD","is_prod":false,"is_daily":false,"chose_seed":false,"campfire_upgraded":2,"win_rate":0,"timestamp":1535872893,"path_taken":["M","?","?","M","?","E","?","M","T","M","$","R","E","M","R","BOSS","M","?","$","?","M","E","R","E","T","M","E"],"build_version":"2018-08-30","purchased_purges":0,"victory":false,"max_hp_per_floor":[70,70,70,70,70,70,70,70,77,77,77,77,77,77,77,77,74,74,74,74,74,74,74,74,74,74,74,74],"card_choices":[{"not_picked":["Dagger Throw","Dagger Spray"],"picked":"Sucker Punch","floor":1},{"not_picked":["Noxious Fumes","PiercingWail"],"picked":"Cloak And Dagger","floor":4},{"not_picked":["Dash","Concentrate"],"picked":"Escape Plan","floor":6},{"not_picked":["Bane","Reflex"],"picked":"Sucker Punch","floor":8},{"not_picked":["Dagger Throw","Flying Knee"],"picked":"Prepared","floor":10},{"not_picked":["Deflect","Expertise"],"picked":"Corpse Explosion","floor":13},{"not_picked":["Deflect","Bouncing Flask"],"picked":"Cloak And Dagger","floor":14},{"not_picked":["Grand Finale","A Thousand Cuts"],"picked":"Bullet Time","floor":16},{"not_picked":["Bane","Acrobatics"],"picked":"Backflip","floor":18},{"not_picked":["Bane+1","Underhanded Strike"],"picked":"Blade Dance+1","floor":22},{"not_picked":["Reflex","PiercingWail"],"picked":"Blade Dance","floor":23},{"not_picked":["Dodge and Roll","Well Laid Plans"],"picked":"Crippling Poison","floor":25},{"not_picked":["Masterful Stab","Sucker Punch","Catalyst+1"],"picked":"Blade Dance+1","floor":27}],"player_experience":94640,"relics_obtained":[{"floor":6,"key":"Mercury Hourglass"},{"floor":9,"key":"Strawberry"},{"floor":13,"key":"Art of War"},{"floor":23,"key":"The Courier"},{"floor":25,"key":"Question Card"},{"floor":26,"key":"Kunai"}],"event_choices":[{"event_name":"Golden Idol","player_choice":"Take Wound","floor":2,"damage_taken":0},{"event_name":"The Woman in Blue","player_choice":"Bought 3 Potions","floor":3,"damage_taken":0},{"event_name":"Accursed Blacksmith","player_choice":"Forge","floor":5,"damage_taken":0},{"event_name":"Mushrooms","player_choice":"Healed and dodged fight","floor":7,"damage_taken":0},{"event_name":"The Mausoleum","player_choice":"Yes","floor":19,"damage_taken":0},{"event_name":"Beggar","player_choice":"Ignored","floor":21,"damage_taken":0}],"is_beta":true,"boss_relics":[{"not_picked":["Runic Pyramid","Busted Crown"],"picked":"Empty Cage"}],"items_purged_floors":[],"is_endless":false,"potions_floor_spawned":[4,8,14,18,22],"killed_by":"Gremlin Leader","ascension_level":1}