{"gold_per_floor":[114,114,114,114,128,164,164,185,232,202,202,202,267,280,280,280],"floor_reached":16,"playtime":565,"items_purged":[],"score":216,"play_id":"a3e358e8-8355-4142-a1f8-a14461df80d8","local_time":"20190128212135","is_ascension_mode":true,"campfire_choices":[{"data":"Limit Break","floor":7,"key":"SMITH"},{"data":"Seeing Red","floor":12,"key":"SMITH"},{"data":"Shockwave","floor":15,"key":"SMITH"}],"neow_cost":"NONE","seed_source_timestamp":8258570118491,"circlet_count":0,"master_deck":["AscendersBane","Strike_R","Strike_R","Strike_R","Defend_R","Defend_R","Defend_R","Defend_R","Bash","Heavy Blade","Clothesline","Limit Break+1","Shockwave+1","Seeing Red+1","Pummel","Reaper"],"relics":["Burning Blood","NeowsBlessing","Golden Idol","Smiling Mask","Potion Belt","Tiny Chest"],"potions_floor_usage":[10,13,14],"damage_taken":[{"damage":0,"enemies":"Jaw Worm","floor":1,"turns":1},{"damage":0,"enemies":"Cultist","floor":5,"turns":1},{"damage":0,"enemies":"3 Sentries","floor":6,"turns":2},{"damage":11,"enemies":"2 Louse","floor":8,"turns":3},{"damage":26,"enemies":"Exordium Thugs","floor":10,"turns":5},{"damage":2,"enemies":"Gremlin Nob","floor":13,"turns":3},{"damage":17,"enemies":"Lots of Slimes","floor":14,"turns":4},{"damage":39,"enemies":"Hexaghost","floor":16,"turns":8}],"seed_played":"-6089137486561113354","potions_obtained":[{"floor":5,"key":"SteroidPotion"},{"floor":6,"key":"SkillPotion"},{"floor":10,"key":"Explosive Potion"}],"is_trial":false,"path_per_floor":["M","$","?","?","M","E","R","M","T","M","?","R","E","M","R","B"],"character_chosen":"IRONCLAD","items_purchased":[],"campfire_rested":0,"item_purchase_floors":[],"current_hp_per_floor":[78,78,71,51,57,63,63,58,58,38,38,38,42,31,31,0],"gold":280,"neow_bonus":"THREE_ENEMY_KILL","is_prod":false,"is_daily":false,"chose_seed":false,"campfire_upgraded":3,"win_rate":0,"timestamp":1548732095,"path_taken":["M","$","?","?","M","E","R","M","T","M","?","R","E","?","R","BOSS"],"build_version":"2019-01-23","purchased_purges":0,"victory":false,"max_hp_per_floor":[80,80,80,80,80,80,80,80,80,80,80,80,80,80,80,80],"card_choices":[{"not_picked":["Perfected Strike","Havoc"],"picked":"Heavy Blade","floor":1},{"not_picked":["Body Slam","Havoc"],"picked":"Clothesline","floor":5},{"not_picked":["Anger","Fiend Fire"],"picked":"Limit Break","floor":6},{"not_picked":["Twin Strike","Armaments"],"picked":"Shockwave","floor":8},{"not_picked":["Rage","True Grit"],"picked":"Seeing Red","floor":10},{"not_picked":["Shrug It Off","Armaments"],"picked":"Pummel","floor":13},{"not_picked":["Thunderclap","Pommel Strike"],"picked":"Reaper","floor":14}],"player_experience":494991,"relics_obtained":[{"floor":6,"key":"Smiling Mask"},{"floor":9,"key":"Potion Belt"},{"floor":13,"key":"Tiny Chest"}],"event_choices":[{"cards_removed":["Strike_R"],"damage_healed":0,"gold_gain":0,"player_choice":"Card Removal","damage_taken":7,"max_hp_gain":0,"max_hp_loss":0,"event_name":"Golden Wing","floor":3,"gold_loss":0},{"damage_healed":0,"gold_gain":0,"player_choice":"Take Damage","damage_taken":20,"relics_obtained":["Golden Idol"],"max_hp_gain":0,"max_hp_loss":0,"event_name":"Golden Idol","floor":4,"gold_loss":0},{"cards_removed":["Strike_R"],"damage_healed":0,"gold_gain":0,"player_choice":"Card Removal","damage_taken":0,"max_hp_gain":0,"max_hp_loss":0,"event_name":"Wheel of Change","floor":11,"gold_loss":0}],"is_beta":false,"boss_relics":[],"items_purged_floors":[],"is_endless":false,"potions_floor_spawned":[5,6,10],"killed_by":"Hexaghost","ascension_level":12}