{"gold_per_floor":[111,128,148,44,58,92,92,418,418,418,195,17,46,60,60,60],"floor_reached":16,"playtime":766,"items_purged":["Strike_R","Strike_R"],"score":150,"play_id":"8690e21e-bdce-4a8b-b502-4012b1023682","local_time":"20190205233509","is_ascension_mode":true,"campfire_choices":[{"floor":7,"key":"REST"},{"floor":10,"key":"REST"},{"data":"Entrench","floor":15,"key":"SMITH"}],"neow_cost":"NONE","seed_source_timestamp":2902847093906,"circlet_count":0,"master_deck":["Strike_R","Strike_R","Strike_R","Defend_R+1","Defend_R","Defend_R+1","Defend_R","Bash","Anger","Power Through","Entrench+1","Whirlwind","Evolve","Ghostly Armor","Rage","Thunderclap","Metallicize","Shrug It Off"],"relics":["Burning Blood","War Paint","Dream Catcher","Old Coin","Pocketwatch","Regal Pillow","FossilizedHelix"],"potions_floor_usage":[5,6,16],"damage_taken":[{"damage":6,"enemies":"Cultist","floor":1,"turns":3},{"damage":9,"enemies":"2 Louse","floor":2,"turns":3},{"damage":0,"enemies":"Small Slimes","floor":3,"turns":3},{"damage":15,"enemies":"Exordium Thugs","floor":5,"turns":5},{"damage":70,"enemies":"Gremlin Nob","floor":6,"turns":6},{"damage":23,"enemies":"3 Sentries","floor":8,"turns":7},{"damage":26,"enemies":"Gremlin Nob","floor":13,"turns":4},{"damage":0,"enemies":"Blue Slaver","floor":14,"turns":4},{"damage":26,"enemies":"The Guardian","floor":16,"turns":11}],"seed_played":"136473432462205142","potions_obtained":[{"floor":1,"key":"Dexterity Potion"},{"floor":2,"key":"LiquidBronze"},{"floor":6,"key":"SkillPotion"}],"is_trial":false,"path_per_floor":["M","M","M","$","M","E","R","E","T","R","$","$","E","M","R","B"],"character_chosen":"IRONCLAD","items_purchased":["Whirlwind","Evolve","Regal Pillow","Metallicize"],"campfire_rested":2,"item_purchase_floors":[4,4,11,12],"current_hp_per_floor":[80,77,80,80,71,7,31,14,14,38,38,38,18,24,24,0],"gold":60,"neow_bonus":"RANDOM_COMMON_RELIC","is_prod":false,"is_daily":false,"chose_seed":false,"campfire_upgraded":1,"win_rate":0,"timestamp":1549377309,"path_taken":["M","M","M","?","M","E","R","E","T","R","?","$","E","M","R","BOSS"],"build_version":"2019-01-23","purchased_purges":2,"victory":false,"max_hp_per_floor":[80,80,80,80,80,80,80,80,80,80,80,80,80,80,80,80],"card_choices":[{"not_picked":["Corruption","Armaments"],"picked":"Anger","floor":1},{"not_picked":["Pummel","Entrench"],"picked":"Power Through","floor":2},{"not_picked":["Iron Wave","Spot Weakness"],"picked":"Entrench","floor":3},{"not_picked":["Reckless Charge","Whirlwind"],"picked":"Ghostly Armor","floor":5},{"not_picked":["Berserk","Dropkick"],"picked":"Rage","floor":6},{"not_picked":["Cleave","Sentinel"],"picked":"Thunderclap","floor":7},{"not_picked":["Evolve","Havoc","Warcry"],"picked":"SKIP","floor":8},{"not_picked":["Uppercut","Reckless Charge","Sentinel"],"picked":"SKIP","floor":13},{"not_picked":["Power Through","Sword Boomerang"],"picked":"Shrug It Off","floor":14}],"player_experience":811295,"relics_obtained":[{"floor":6,"key":"Dream Catcher"},{"floor":8,"key":"Old Coin"},{"floor":9,"key":"Pocketwatch"},{"floor":13,"key":"FossilizedHelix"}],"event_choices":[],"is_beta":false,"boss_relics":[],"items_purged_floors":[11,12],"is_endless":false,"potions_floor_spawned":[1,2,6],"killed_by":"The Guardian","ascension_level":5}