{"gold_per_floor":[361,361,373,648,20,48,48,79,105,125,125,137,137,37,37,110,110,128,128,128,3,15,44,44,54,107,119,145,185,107,119,131,214,226,251,263,275,297,210,222,245,257,269,281,293,320,332,16,16,16],"floor_reached":51,"playtime":2529,"items_purged":["Regret","Strike_B","Defend_B"],"score":1161,"play_id":"7ac2c1d1-3cec-40a9-8cc3-f3fa24588717","local_time":"20181118184910","is_ascension_mode":true,"campfire_choices":[{"floor":7,"key":"REST"},{"floor":11,"key":"REST"},{"floor":13,"key":"REST"},{"data":"White Noise","floor":15,"key":"SMITH"},{"floor":24,"key":"REST"},{"floor":32,"key":"REST"},{"floor":40,"key":"REST"},{"data":"Fission","floor":42,"key":"SMITH"},{"floor":45,"key":"REST"},{"floor":47,"key":"REST"},{"data":"Stack","floor":49,"key":"SMITH"}],"neow_cost":"TEN_PERCENT_HP_LOSS","seed_source_timestamp":49772957243864,"circlet_count":0,"master_deck":["AscendersBane","Defend_B","Defend_B","Zap+1","White Noise+1","Ball Lightning","Go for the Eyes","Cold Snap","Ball Lightning","Self Repair","Thunder Strike+1","Glacier","FTL+1","Hologram+1","Ball Lightning","Redo+1","Fission+1","Rip and Tear+1","Finesse","The Bomb","Bandage Up","Turbo+1","Conserve Battery","Stack+1"],"relics":["Cracked Core","Ice Cream","Medical Kit","Orichalcum","Dodecahedron","Bronze Scales","Empty Cage","Shuriken","MawBank","Juzu Bracelet","Cursed Key","Kunai","Unceasing Top"],"potions_floor_usage":[6,16,25,35,41],"damage_taken":[{"damage":5,"enemies":"Small Slimes","floor":1,"turns":4},{"damage":1,"enemies":"Cultist","floor":3,"turns":3},{"damage":36,"enemies":"Gremlin Nob","floor":6,"turns":4},{"damage":20,"enemies":"Lagavulin","floor":8,"turns":7},{"damage":7,"enemies":"2 Louse","floor":10,"turns":3},{"damage":6,"enemies":"Exordium Thugs","floor":12,"turns":3},{"damage":26,"enemies":"The Guardian","floor":16,"turns":9},{"damage":2,"enemies":"Chosen","floor":18,"turns":4},{"damage":10,"enemies":"3 Byrds","floor":22,"turns":3},{"damage":41,"enemies":"Gremlin Leader","floor":23,"turns":7},{"damage":1,"enemies":"Snecko","floor":25,"turns":4},{"damage":0,"enemies":"Chosen and Byrds","floor":28,"turns":4},{"damage":24,"enemies":"Slavers","floor":29,"turns":3},{"damage":22,"enemies":"Champ","floor":33,"turns":7},{"damage":6,"enemies":"Orb Walker","floor":35,"turns":2},{"damage":25,"enemies":"3 Darklings","floor":38,"turns":4},{"damage":23,"enemies":"Transient","floor":41,"turns":5},{"damage":32,"enemies":"Jaw Worm Horde","floor":46,"turns":4},{"damage":52,"enemies":"Time Eater","floor":50,"turns":7}],"seed_played":"-8657695146600475779","potions_obtained":[{"floor":1,"key":"Poison Potion"},{"floor":10,"key":"GamblersBrew"},{"floor":12,"key":"FearPotion"},{"floor":25,"key":"SneckoOil"},{"floor":33,"key":"Fire Potion"},{"floor":35,"key":"Weak Potion"},{"floor":38,"key":"Ancient Potion"}],"is_trial":false,"path_per_floor":["M","?","M","?","$","E","R","E","T","M","R","M","R","$","R","B",null,"M","$","?","$","M","E","R","M","T","?","M","E","?","$","R","B",null,"M","?","?","M","?","R","M","R","T","?","R","M","R","$","R","B",null],"character_chosen":"DEFECT","items_purchased":["Ice Cream","Medical Kit","Go for the Eyes","Unceasing Top","Stack"],"campfire_rested":8,"item_purchase_floors":[5,5,5,48,48],"current_hp_per_floor":[59,59,58,58,58,22,41,21,21,14,33,27,46,46,46,27,55,60,60,60,60,50,16,35,34,34,34,41,17,17,17,36,21,53,54,44,44,30,30,49,37,37,37,37,56,35,54,54,54,13],"gold":16,"neow_bonus":"TWO_FIFTY_GOLD","is_prod":false,"is_daily":false,"chose_seed":false,"campfire_upgraded":3,"win_rate":0,"timestamp":1542527350,"path_taken":["M","?","?","?","$","E","R","E","T","M","R","M","R","?","R","BOSS","M","?","?","$","M","E","R","M","T","?","?","E","?","$","R","BOSS","M","?","?","M","?","R","M","R","T","?","R","M","R","?","R","BOSS"],"build_version":"2018-11-15","purchased_purges":3,"victory":true,"max_hp_per_floor":[64,64,64,64,64,64,64,64,64,64,64,64,64,64,64,64,64,64,64,64,64,64,64,64,64,64,64,64,64,64,64,64,64,64,64,64,64,64,64,64,64,64,64,64,64,64,64,64,64,64],"card_choices":[{"not_picked":["Tempest","Compile Driver"],"picked":"White Noise","floor":1},{"not_picked":["Streamline","Barrage"],"picked":"Ball Lightning","floor":3},{"not_picked":["Streamline","Compile Driver","Rip and Tear"],"picked":"SKIP","floor":6},{"not_picked":["Reinforced Body","Chaos"],"picked":"Cold Snap","floor":8},{"not_picked":["Tempest","Leap"],"picked":"Ball Lightning","floor":10},{"not_picked":["Conserve Battery","Barrage"],"picked":"Self Repair","floor":12},{"not_picked":["Fission","Meteor Strike"],"picked":"Thunder Strike","floor":16},{"not_picked":["Gash","Doom and Gloom"],"picked":"Glacier","floor":18},{"not_picked":["Genetic Algorithm+1","Gash"],"picked":"FTL","floor":22},{"not_picked":["Double Energy","Leap","Beam Cell"],"picked":"SKIP","floor":23},{"not_picked":["Rainbow","Hello World+1"],"picked":"Hologram+1","floor":25},{"not_picked":["Leap","Redo"],"picked":"Ball Lightning","floor":28},{"not_picked":["Cold Snap","Darkness"],"picked":"Redo+1","floor":29},{"not_picked":["Rainbow","Seek"],"picked":"Fission","floor":33},{"not_picked":["Static Discharge","Reprogram+1"],"picked":"Rip and Tear+1","floor":35},{"not_picked":["PanicButton","Secret Weapon"],"picked":"Finesse","floor":36},{"not_picked":["Magnetism","Secret Weapon"],"picked":"The Bomb","floor":36},{"not_picked":["Purity","Dramatic Entrance"],"picked":"Bandage Up","floor":36},{"not_picked":["Blizzard","Leap"],"picked":"Turbo+1","floor":38},{"not_picked":["Capacitor","Rebound"],"picked":"Conserve Battery","floor":41},{"not_picked":["Genetic Algorithm","Reprogram","Gash"],"picked":"SKIP","floor":46}],"player_experience":852856,"relics_obtained":[{"floor":6,"key":"Orichalcum"},{"floor":8,"key":"Dodecahedron"},{"floor":9,"key":"Bronze Scales"},{"floor":23,"key":"Shuriken"},{"floor":26,"key":"MawBank"},{"floor":29,"key":"Juzu Bracelet"}],"event_choices":[{"damage_healed":0,"gold_gain":0,"player_choice":"Upgraded","damage_taken":0,"max_hp_gain":0,"max_hp_loss":0,"event_name":"Upgrade Shrine","floor":2,"gold_loss":0,"cards_upgraded":["Zap"]},{"damage_healed":0,"gold_gain":275,"player_choice":"Desecrate","damage_taken":0,"max_hp_gain":0,"max_hp_loss":0,"event_name":"Golden Shrine","floor":4,"gold_loss":0,"cards_obtained":["Regret"]},{"cards_removed":["Strike_B"],"damage_healed":0,"gold_gain":0,"player_choice":"Elegance","damage_taken":0,"max_hp_gain":0,"max_hp_loss":0,"event_name":"Back to Basics","floor":20,"gold_loss":0},{"cards_removed":["Defend_B"],"damage_healed":0,"gold_gain":0,"player_choice":"Card Removal","damage_taken":0,"max_hp_gain":0,"max_hp_loss":0,"event_name":"Wheel of Change","floor":27,"gold_loss":0},{"cards_removed":["Dualcast"],"damage_healed":0,"gold_gain":0,"player_choice":"Upgrade and Remove","damage_taken":0,"max_hp_gain":0,"max_hp_loss":0,"event_name":"Designer","floor":30,"gold_loss":90,"cards_upgraded":["FTL"]},{"damage_healed":0,"gold_gain":0,"player_choice":"Memory 3","damage_taken":10,"max_hp_gain":0,"max_hp_loss":0,"event_name":"SensoryStone","floor":36,"gold_loss":0},{"damage_healed":0,"gold_gain":0,"player_choice":"Ignored","damage_taken":0,"max_hp_gain":0,"max_hp_loss":0,"event_name":"Mysterious Sphere","floor":37,"gold_loss":0},{"damage_healed":0,"gold_gain":0,"player_choice":"Paid Gold","damage_taken":0,"relics_obtained":["Kunai"],"max_hp_gain":0,"max_hp_loss":0,"event_name":"WeMeetAgain","floor":39,"gold_loss":99},{"damage_healed":0,"gold_gain":0,"player_choice":"Forge","damage_taken":0,"max_hp_gain":0,"max_hp_loss":0,"event_name":"Accursed Blacksmith","floor":44,"gold_loss":0,"cards_upgraded":["Thunder Strike"]}],"is_beta":true,"boss_relics":[{"not_picked":["Tiny House","Black Star"],"picked":"Empty Cage"},{"not_picked":["Eternal Feather","Calling Bell"],"picked":"Cursed Key"}],"items_purged_floors":[5,14,21],"is_endless":false,"potions_floor_spawned":[1,10,12,25,33,35,38],"ascension_level":14}