{"gold_per_floor":[118,138,138,68,68,95,95,109,188,218,229,246,272,289,289,392,392,407,424,474,70,82,82,112,112,160,176,207,227,227,247,247,344,344,363,376,376,376,65,99,99,118,118,118],"floor_reached":44,"playtime":3090,"items_purged":[],"score":655,"play_id":"a3389187-6561-4ca9-a0ba-81e2d6150d76","local_time":"20181223015614","is_ascension_mode":true,"campfire_choices":[{"floor":7.0,"key":"RECALL"},{"data":"Cloak And Dagger","floor":15.0,"key":"SMITH"},{"floor":23.0,"key":"REST"},{"floor":25.0,"key":"REST"},{"floor":30.0,"key":"REST"},{"floor":32.0,"key":"REST"},{"floor":41,"key":"REST"}],"neow_cost":"NONE","seed_source_timestamp":364541187019691,"circlet_count":0,"master_deck":["Defend_G+1","Defend_G","Defend_G+1","Defend_G+1","Defend_G","Strike_G","Strike_G+1","Strike_G","Strike_G","Strike_G","Survivor","Neutralize","Riddle With Holes","Noxious Fumes+1","Endless Agony","PiercingWail","Dagger Throw","Dash","Cloak And Dagger+1","Dagger Throw","Envenom","Riddle With Holes","Prepared","Slice+1","Quick Slash+1","Terror+1","Die Die Die+1","Slice+1","After Image","Pain","Parasite","Regret","Flying Knee+1","Crippling Poison+1","Sucker Punch+1","Slice+1","Prepared+1"],"special_seed":0,"relics":["Ring of the Snake","NeowsBlessing","War Paint","Paper Crane","Boot","Art of War","Black Star","Anchor","Pantograph","Bird Faced Urn","Molten Egg 2","Vajra","Ornamental Fan","Dream Catcher","Calling Bell","Bag of Preparation","Pear","Tingsha","Torii","Shuriken","Bronze Scales"],"potions_floor_usage":[40,42],"damage_taken":[{"damage":0.0,"enemies":"Small Slimes","floor":1.0,"turns":1.0},{"damage":0.0,"enemies":"Cultist","floor":2.0,"turns":1.0},{"damage":0.0,"enemies":"Gremlin Nob","floor":6.0,"turns":1.0},{"damage":0.0,"enemies":"2 Louse","floor":8.0,"turns":2.0},{"damage":22.0,"enemies":"Lagavulin","floor":10.0,"turns":8.0},{"damage":2.0,"enemies":"Large Slime","floor":11.0,"turns":6.0},{"damage":0.0,"enemies":"Exordium Thugs","floor":12.0,"turns":3.0},{"damage":0.0,"enemies":"Gremlin Nob","floor":13.0,"turns":3.0},{"damage":0.0,"enemies":"Blue Slaver","floor":14.0,"turns":2.0},{"damage":16.0,"enemies":"Slime Boss","floor":16.0,"turns":9.0},{"damage":18.0,"enemies":"Spheric Guardian","floor":18.0,"turns":6.0},{"damage":25.0,"enemies":"Chosen","floor":19.0,"turns":5.0},{"damage":21.0,"enemies":"Centurion and Healer","floor":22.0,"turns":7.0},{"damage":16.0,"enemies":"Gremlin Leader","floor":24.0,"turns":9.0},{"damage":0.0,"enemies":"Snake Plant","floor":27.0,"turns":3.0},{"damage":18.0,"enemies":"Book of Stabbing","floor":28.0,"turns":5.0},{"damage":2.0,"enemies":"Snecko","floor":29.0,"turns":4.0},{"damage":2.0,"enemies":"Cultist and Chosen","floor":31.0,"turns":4.0},{"damage":29.0,"enemies":"Collector","floor":33.0,"turns":8.0},{"damage":8.0,"enemies":"3 Shapes","floor":35.0,"turns":3.0},{"damage":19.0,"enemies":"3 Darklings","floor":36.0,"turns":5.0},{"damage":74,"enemies":"Reptomancer","floor":40,"turns":9},{"damage":13,"enemies":"Jaw Worm Horde","floor":42,"turns":3},{"damage":30,"enemies":"Spire Growth","floor":44,"turns":2}],"seed_played":"-6906927343271944037","potions_obtained":[{"floor":1.0,"key":"Regen Potion"},{"floor":8.0,"key":"GamblersBrew"},{"floor":12.0,"key":"Ancient Potion"},{"floor":13.0,"key":"Energy Potion"},{"floor":16.0,"key":"PowerPotion"},{"floor":27.0,"key":"LiquidBronze"},{"floor":28.0,"key":"SpeedPotion"},{"floor":29.0,"key":"SpeedPotion"},{"floor":35.0,"key":"SpeedPotion"},{"floor":42,"key":"Fruit Juice"}],"is_trial":false,"path_per_floor":["M","M","?","$","?","E","R","M","T","E","M","M","E","M","R","B",null,"M","M","?","$","M","R","E","R","T","M","E","M","R","M","R","B",null,"M","M","?","?","$","E","R","M","T","M"],"character_chosen":"THE_SILENT","items_purchased":["Noxious Fumes","Anchor","Pantograph","Torii"],"campfire_rested":5,"item_purchase_floors":[4,21,21,39],"current_hp_per_floor":[70,70,56,56,56,56,56,56,56,49,47,47,47,47,47,31,70,52,27,27,27,6,27,11,32,32,32,14,14,35,35,56,43,80,72,57,57,80,80,8,32,24,24,0],"gold":118,"neow_bonus":"THREE_ENEMY_KILL","is_prod":false,"is_daily":false,"chose_seed":false,"campfire_upgraded":1,"win_rate":0,"timestamp":1545548174,"path_taken":["M","M","?","$","?","E","R","M","T","E","M","?","E","M","R","BOSS","M","M","?","$","M","R","E","R","T","M","E","?","R","M","R","BOSS","M","M","?","?","$","E","R","?","T","M"],"build_version":"2018-12-20","purchased_purges":0,"victory":false,"max_hp_per_floor":[70,70,70,70,70,70,70,70,70,70,70,70,70,70,70,70,70,70,70,70,70,70,70,70,70,70,70,70,70,70,70,70,70,80,80,80,80,80,80,80,80,85,85,85],"card_choices":[{"not_picked":["Well Laid Plans","Prepared"],"picked":"Riddle With Holes","floor":1.0},{"not_picked":["Choke","Catalyst"],"picked":"Backflip","floor":2.0},{"not_picked":["Concentrate","Storm of Steel"],"picked":"Endless Agony","floor":6.0},{"not_picked":["All Out Attack","Dodge and Roll"],"picked":"PiercingWail","floor":8.0},{"not_picked":["Blade Dance","Wraith Form v2"],"picked":"Dagger Throw","floor":10.0},{"not_picked":["Slice","Leg Sweep"],"picked":"Dash","floor":11.0},{"not_picked":["Dodge and Roll","Deadly Poison"],"picked":"Cloak And Dagger","floor":12.0},{"not_picked":["All Out Attack","PiercingWail"],"picked":"Dagger Throw","floor":13.0},{"not_picked":["PiercingWail","Bouncing Flask","Poisoned Stab"],"picked":"SKIP","floor":14.0},{"not_picked":["Venomology","Burst"],"picked":"Envenom","floor":16.0},{"not_picked":["Blur+1","Caltrops+1"],"picked":"Riddle With Holes","floor":18.0},{"not_picked":["Bane","Distraction"],"picked":"Prepared","floor":19.0},{"not_picked":["Reflex+1","Accuracy"],"picked":"Slice+1","floor":22.0},{"not_picked":["Prepared","Flechettes+1"],"picked":"Quick Slash+1","floor":24.0},{"not_picked":["Choke+1","Underhanded Strike+1"],"picked":"Terror+1","floor":27.0},{"not_picked":["Underhanded Strike+1","Acrobatics+1"],"picked":"Die Die Die+1","floor":28.0},{"not_picked":["Escape Plan+1","Expertise","Blade Dance"],"picked":"SKIP","floor":29.0},{"not_picked":["Dagger Spray+1","PiercingWail"],"picked":"Slice+1","floor":30.0},{"not_picked":["Deflect","Acrobatics","Bane+1"],"picked":"SKIP","floor":31.0},{"not_picked":["Storm of Steel","Corpse Explosion"],"picked":"After Image","floor":33.0},{"not_picked":["Dash+1","Calculated Gamble+1"],"picked":"Flying Knee+1","floor":35.0},{"not_picked":["Deflect","Heel Hook+1"],"picked":"Crippling Poison+1","floor":36.0},{"not_picked":["Unload+1","Blur"],"picked":"Sucker Punch+1","floor":40},{"not_picked":["Reflex+1","Deadly Poison"],"picked":"Slice+1","floor":41},{"not_picked":["All Out Attack+1","Concentrate"],"picked":"Prepared+1","floor":42}],"player_experience":238586,"relics_obtained":[{"floor":6.0,"key":"War Paint"},{"floor":9.0,"key":"Paper Crane"},{"floor":10.0,"key":"Boot"},{"floor":13.0,"key":"Art of War"},{"floor":24.0,"key":"Bird Faced Urn"},{"floor":24.0,"key":"Molten Egg 2"},{"floor":26.0,"key":"Vajra"},{"floor":28.0,"key":"Ornamental Fan"},{"floor":28.0,"key":"Dream Catcher"},{"floor":34.0,"key":"Bag of Preparation"},{"floor":34.0,"key":"Pear"},{"floor":34.0,"key":"Tingsha"},{"floor":40,"key":"Shuriken"},{"floor":40,"key":"Bronze Scales"}],"event_choices":[{"damage_healed":0.0,"max_hp_gain":0.0,"max_hp_loss":0.0,"gold_gain":0.0,"event_name":"Shining Light","player_choice":"Entered Light","floor":3.0,"gold_loss":0.0,"damage_taken":14.0,"cards_upgraded":["Strike_G","Defend_G"]},{"damage_healed":0.0,"max_hp_gain":0.0,"max_hp_loss":0.0,"gold_gain":0.0,"event_name":"Accursed Blacksmith","player_choice":"Forge","floor":5.0,"gold_loss":0.0,"damage_taken":0.0,"cards_upgraded":["Noxious Fumes"]},{"damage_healed":0.0,"max_hp_gain":0.0,"max_hp_loss":0.0,"gold_gain":100.0,"event_name":"The Joust","player_choice":"Bet on Murderer","floor":20.0,"gold_loss":50.0,"damage_taken":0.0},{"cards_removed":["Backflip"],"damage_healed":0.0,"max_hp_gain":0.0,"max_hp_loss":0.0,"gold_gain":0.0,"event_name":"Falling","player_choice":"Removed Skill","floor":37.0,"gold_loss":0.0,"damage_taken":0.0},{"damage_healed":23.0,"max_hp_gain":0.0,"max_hp_loss":0.0,"gold_gain":0.0,"event_name":"Wheel of Change","player_choice":"Full Heal","floor":38.0,"gold_loss":0.0,"damage_taken":0.0}],"is_beta":false,"boss_relics":[{"not_picked":["Snecko Eye","HoveringKite"],"picked":"Black Star"},{"not_picked":["Orrery","Runic Pyramid"],"picked":"Calling Bell"}],"items_purged_floors":[],"is_endless":false,"potions_floor_spawned":[1,8,12,13,16,27,28,29,35,42],"killed_by":"Spire Growth","ascension_level":2}