{"gold_per_floor":[367,387,26,36,47,47,11,11,38,53,82,82,82,108,108,108],"floor_reached":16,"playtime":551,"items_purged":[],"score":132,"play_id":"3c402b99-4500-430f-9192-7f43f7241b5f","local_time":"20190201225748","is_ascension_mode":true,"campfire_choices":[{"data":"Juggernaut","floor":6,"key":"SMITH"},{"floor":12,"key":"REST"},{"floor":15,"key":"REST"}],"neow_cost":"TEN_PERCENT_HP_LOSS","seed_source_timestamp":1916426940698992,"circlet_count":0,"master_deck":["Strike_R","Strike_R+1","Strike_R","Strike_R","Strike_R","Defend_R","Defend_R","Defend_R","Defend_R","Bash","Pummel","Seeing Red","Body Slam","Iron Wave","Evolve","Juggernaut+1","Whirlwind+1","Dual Wield"],"relics":["Burning Blood","Kunai","Whetstone","Regal Pillow","Happy Flower","Nunchaku"],"potions_floor_usage":[11],"damage_taken":[{"damage":6,"enemies":"Cultist","floor":1,"turns":3},{"damage":5,"enemies":"Small Slimes","floor":2,"turns":4},{"damage":5,"enemies":"2 Louse","floor":4,"turns":3},{"damage":16,"enemies":"Blue Slaver","floor":5,"turns":4},{"damage":18,"enemies":"Gremlin Gang","floor":10,"turns":4},{"damage":35,"enemies":"Gremlin Nob","floor":11,"turns":5},{"damage":25,"enemies":"3 Sentries","floor":14,"turns":5},{"damage":65,"enemies":"Hexaghost","floor":16,"turns":9}],"seed_played":"-6426787785220250579","potions_obtained":[{"floor":2,"key":"Dexterity Potion"},{"floor":5,"key":"Ancient Potion"}],"is_trial":false,"path_per_floor":["M","M","$","M","M","R","$","?","T","M","E","R","?","E","R","B"],"character_chosen":"IRONCLAD","items_purchased":["Kunai","Body Slam","Iron Wave","Whirlwind"],"campfire_rested":2,"item_purchase_floors":[3,3,3,7],"current_hp_per_floor":[72,72,72,72,62,62,62,62,62,50,21,57,45,26,62,0],"gold":108,"neow_bonus":"TWO_FIFTY_GOLD","is_prod":false,"is_daily":false,"chose_seed":false,"campfire_upgraded":1,"win_rate":0,"timestamp":1549029468,"path_taken":["M","M","$","M","M","R","?","?","T","M","E","R","?","E","R","BOSS"],"build_version":"2019-01-23","purchased_purges":0,"victory":false,"max_hp_per_floor":[72,72,72,72,72,72,72,72,72,72,72,72,72,72,72,72],"card_choices":[{"not_picked":["Flex","Hemokinesis"],"picked":"Pummel","floor":1},{"not_picked":["Perfected Strike","Wild Strike"],"picked":"Seeing Red","floor":2},{"not_picked":["Wild Strike","Iron Wave"],"picked":"Evolve","floor":4},{"not_picked":["Wild Strike","Inflame"],"picked":"Juggernaut","floor":5},{"not_picked":["Warcry","Sword Boomerang","Perfected Strike"],"picked":"SKIP","floor":10},{"not_picked":["Sentinel","Rupture"],"picked":"Dual Wield","floor":11},{"not_picked":["Brutality","True Grit","Twin Strike"],"picked":"SKIP","floor":14}],"player_experience":771333,"relics_obtained":[{"floor":9,"key":"Whetstone"},{"floor":11,"key":"Regal Pillow"},{"floor":14,"key":"Nunchaku"}],"event_choices":[{"damage_healed":0,"gold_gain":0,"player_choice":"Leave","damage_taken":0,"max_hp_gain":0,"max_hp_loss":0,"event_name":"The Cleric","floor":8,"gold_loss":0},{"damage_healed":0,"gold_gain":0,"player_choice":"Success","damage_taken":12,"relics_obtained":["Happy Flower"],"max_hp_gain":0,"max_hp_loss":0,"event_name":"Scrap Ooze","floor":13,"gold_loss":0}],"is_beta":false,"boss_relics":[],"items_purged_floors":[],"is_endless":false,"potions_floor_spawned":[2,5],"killed_by":"Hexaghost","ascension_level":4}