{"gold_per_floor":[119,194,194,194,194,227,227,260,286,286,302,329,329,355,355,450,450,460,460,233,233,243,276,291,322,348,348,96,96,111,131,131,228,228,244,256,256,36,0,30,30,48,48,48,48,64,76,93,93,93],"floor_reached":51,"playtime":4679,"items_purged":["Strike_B+1","Defend_B","Defend_B"],"score":845,"play_id":"f83d0bb2-69b5-4541-a2c4-b47614fa44bd","local_time":"20180728230630","is_ascension_mode":true,"campfire_choices":[{"floor":7,"key":"REST"},{"floor":15,"key":"REST"},{"data":"Skim","floor":27,"key":"SMITH"},{"data":"Coolheaded","floor":29,"key":"SMITH"},{"data":"Chill","floor":32,"key":"SMITH"},{"floor":41,"key":"REST"},{"data":"Creative AI","floor":45,"key":"SMITH"},{"floor":49,"key":"REST"}],"neow_cost":"NONE","seed_source_timestamp":387809783705244,"circlet_count":0,"master_deck":["Defend_B+1","Defend_B","Zap+1","Dualcast+1","Recycle","Conserve Battery+1","Gash+1","Ball Lightning","Glacier","Blizzard","Core Surge","Coolheaded+1","Flash of Steel","Reboot+1","Capacitor","Skim+1","Go for the Eyes","Chill+1","Creative AI+1","Hologram+1","Scrape","Finesse","Chill+1","Coolheaded+1","Gash"],"relics":["Cracked Core","Strawberry","Boot","Whetstone","Bag of Preparation","Blood Vial","Art of War","Nuclear Battery","Darkstone Periapt","Pear","Shuriken","DataDisk","War Paint","Sozu","Red Mask","Omamori","Frozen Egg 2","Oddly Smooth Stone"],"potions_floor_usage":[6,8,12,25],"damage_taken":[{"damage":5,"enemies":"2 Louse","floor":1,"turns":2},{"damage":43,"enemies":"Lagavulin","floor":6,"turns":9},{"damage":13,"enemies":"3 Sentries","floor":8,"turns":8},{"damage":0,"enemies":"Small Slimes","floor":11,"turns":2},{"damage":1,"enemies":"Lagavulin","floor":12,"turns":6},{"damage":1,"enemies":"3 Sentries","floor":14,"turns":7},{"damage":19,"enemies":"The Guardian","floor":16,"turns":13},{"damage":4,"enemies":"2 Thieves","floor":18,"turns":4},{"damage":0,"enemies":"Spheric Guardian","floor":22,"turns":3},{"damage":9,"enemies":"Slavers","floor":23,"turns":6},{"damage":4,"enemies":"Snake Plant","floor":24,"turns":2},{"damage":11,"enemies":"Book of Stabbing","floor":25,"turns":4},{"damage":0,"enemies":"3 Cultists","floor":30,"turns":4},{"damage":0,"enemies":"Snecko","floor":31,"turns":3},{"damage":49,"enemies":"Champ","floor":33,"turns":9},{"damage":11,"enemies":"Flame Bruiser 1 Orb","floor":35,"turns":4},{"damage":4,"enemies":"3 Shapes","floor":36,"turns":3},{"damage":38,"enemies":"Giant Head","floor":40,"turns":8},{"damage":5,"enemies":"3 Darklings","floor":42,"turns":6},{"damage":0,"enemies":"Sphere and 2 Shapes","floor":46,"turns":3},{"damage":0,"enemies":"Transient","floor":47,"turns":5},{"damage":14,"enemies":"Spire Growth","floor":48,"turns":5},{"damage":39,"enemies":"Donu and Deca","floor":50,"turns":10}],"seed_played":"1808893764906150218","potions_obtained":[{"floor":1,"key":"GamblersBrew"},{"floor":6,"key":"Fire Potion"},{"floor":8,"key":"Regen Potion"},{"floor":22,"key":"Block Potion"},{"floor":23,"key":"FocusPotion"},{"floor":31,"key":"SpeedPotion"}],"is_trial":false,"path_per_floor":["M","?","?","?","?","E","R","E","T","?","M","E","?","E","R","B",null,"M","?","$","?","M","E","M","E","T","R","$","R","M","M","R","B",null,"M","M","?","$","?","E","R","M","T","?","R","M","M","M","R","B"],"character_chosen":"DEFECT","items_purchased":["Coolheaded","Flash of Steel","War Paint","Finesse"],"campfire_rested":4,"item_purchase_floors":[20,20,28,38],"current_hp_per_floor":[70,59,63,63,63,20,44,31,31,31,31,44,28,29,53,36,82,78,78,78,78,80,83,81,72,72,72,72,72,74,76,76,29,92,81,79,79,79,79,43,70,67,67,67,67,69,71,59,86,49],"gold":93,"neow_bonus":"TRANSFORM_CARD","is_prod":false,"is_daily":false,"chose_seed":false,"campfire_upgraded":4,"win_rate":0,"timestamp":1532783190,"path_taken":["M","?","?","?","?","E","R","E","T","?","?","E","?","E","R","BOSS","M","?","$","?","M","E","?","E","T","R","$","R","M","M","R","BOSS","M","M","?","?","?","E","R","M","T","?","R","?","M","M","R","BOSS"],"build_version":"2018-07-26","purchased_purges":3,"victory":true,"max_hp_per_floor":[75,75,82,82,82,82,82,82,82,82,82,82,82,82,82,82,82,82,82,82,82,82,92,92,92,92,92,92,92,92,92,92,92,92,92,92,92,92,92,92,92,92,92,92,92,92,92,92,92,92],"card_choices":[{"not_picked":["Self Repair","Gash"],"picked":"Conserve Battery","floor":1},{"not_picked":["Reboot","Chill"],"picked":"Gash","floor":6},{"not_picked":["Stack","Chill"],"picked":"Ball Lightning","floor":8},{"not_picked":["Beam Cell","Leap"],"picked":"Glacier","floor":11},{"not_picked":["Sweeping Beam","Reprogram"],"picked":"Blizzard","floor":12},{"not_picked":["Leap","Redo","Sweeping Beam"],"picked":"SKIP","floor":14},{"not_picked":["Multi-Cast","Fission"],"picked":"Core Surge","floor":16},{"not_picked":["Recycle+1","Defragment+1"],"picked":"Streamline","floor":18},{"not_picked":["Streamline","Double Energy","Reinforced Body"],"picked":"SKIP","floor":22},{"not_picked":["Chaos","Melter"],"picked":"Reboot","floor":23},{"not_picked":["Streamline","Self Repair"],"picked":"Capacitor","floor":24},{"not_picked":["Loop","Chaos"],"picked":"Skim","floor":25},{"not_picked":["Streamline","Heatsinks"],"picked":"Go for the Eyes","floor":30},{"not_picked":["Compile Driver+1","Redo+1"],"picked":"Chill","floor":31},{"not_picked":["Biased Cognition","Hyperbeam"],"picked":"Creative AI","floor":33},{"not_picked":["Hello World","Steam+1","Streamline"],"picked":"SKIP","floor":35},{"not_picked":["Blizzard","Steam Power"],"picked":"Hologram+1","floor":36},{"not_picked":["Sweeping Beam","Darkness+1"],"picked":"Chill+1","floor":40},{"not_picked":["Undo+1","Seek"],"picked":"Coolheaded+1","floor":42},{"not_picked":["Ball Lightning","Hologram"],"picked":"Gash","floor":46},{"not_picked":["Streamline+1","Stack","Hologram"],"picked":"SKIP","floor":47},{"not_picked":["Leap","Sweeping Beam","Streamline+1"],"picked":"SKIP","floor":48}],"player_experience":540030,"relics_obtained":[{"floor":6,"key":"Boot"},{"floor":8,"key":"Whetstone"},{"floor":9,"key":"Bag of Preparation"},{"floor":12,"key":"Blood Vial"},{"floor":14,"key":"Art of War"},{"floor":23,"key":"Pear"},{"floor":25,"key":"Shuriken"},{"floor":26,"key":"DataDisk"},{"floor":40,"key":"Omamori"},{"floor":43,"key":"Frozen Egg 2"}],"event_choices":[{"event_name":"World of Goop","player_choice":"Gather Gold","floor":2,"damage_taken":0},{"event_name":"Scrap Ooze","player_choice":"success","floor":3,"damage_taken":3},{"event_name":"Purifier","player_choice":"One Purge","floor":4,"damage_taken":0},{"event_name":"Living Wall","player_choice":"Change","floor":5,"damage_taken":0},{"event_name":"Upgrade Shrine","player_choice":"Upgraded","floor":10,"damage_taken":0},{"event_name":"Shining Light","player_choice":"Entered Light","floor":13,"damage_taken":0},{"event_name":"The Mausoleum","player_choice":"Yes","floor":19,"damage_taken":0},{"event_name":"Ghosts","player_choice":"Ignored","floor":21,"damage_taken":0},{"event_name":"Transmorgrifier","player_choice":"Transform","floor":37,"damage_taken":0},{"event_name":"Tomb of Lord Red Mask","player_choice":"Paid","floor":39,"damage_taken":0},{"event_name":"WeMeetAgain","player_choice":"Card","floor":44,"damage_taken":0}],"is_beta":false,"boss_relics":[{"not_picked":["Runic Dome","Eternal Feather"],"picked":"Nuclear Battery"},{"not_picked":["Tiny House","Runic Pyramid"],"picked":"Sozu"}],"items_purged_floors":[20,28,38],"is_endless":false,"potions_floor_spawned":[1,6,8,22,23,31,36,40,42,47,48],"ascension_level":3}