{"gold_per_floor":[117,127,146,19,36,61,61,91,117,117,117,144,154,222,222,319,319,332,346,15,15,29,62,62],"floor_reached":24,"playtime":1494,"items_purged":["Strike_R"],"score":283,"play_id":"1026a87b-c156-47c2-a65d-c5c0ecf049b6","local_time":"20181217231403","is_ascension_mode":true,"campfire_choices":[{"data":"Rampage","floor":7.0,"key":"SMITH"},{"floor":10.0,"key":"REST"},{"floor":15.0,"key":"REST"}],"neow_cost":"NONE","seed_source_timestamp":70487438733085,"circlet_count":0,"master_deck":["Strike_R","Strike_R","Strike_R","Strike_R","Defend_R","Defend_R","Defend_R","Defend_R","Bash","Impatience","Carnage","Rampage+1","Body Slam","Shrug It Off","Armaments","Shrug It Off","Shockwave","Demon Form","Body Slam","Juggernaut","Dual Wield","Clothesline+1","Panache","RitualDagger","Battle Trance","Cleave+1"],"special_seed":0,"relics":["Burning Blood","Orichalcum","PreservedInsect","Centennial Puzzle","Mummified Hand","Sozu","Art of War","Sundial"],"potions_floor_usage":[],"damage_taken":[{"damage":5.0,"enemies":"Small Slimes","floor":1.0,"turns":3.0},{"damage":6.0,"enemies":"Jaw Worm","floor":2.0,"turns":5.0},{"damage":6.0,"enemies":"Cultist","floor":3.0,"turns":3.0},{"damage":21.0,"enemies":"Gremlin Gang","floor":5.0,"turns":3.0},{"damage":18.0,"enemies":"Gremlin Nob","floor":6.0,"turns":4.0},{"damage":24.0,"enemies":"Lagavulin","floor":8.0,"turns":5.0},{"damage":14.0,"enemies":"3 Sentries","floor":12.0,"turns":5.0},{"damage":10.0,"enemies":"2 Fungi Beasts","floor":13.0,"turns":4.0},{"damage":43.0,"enemies":"Slime Boss","floor":16.0,"turns":11.0},{"damage":11.0,"enemies":"3 Byrds","floor":18.0,"turns":6.0},{"damage":27.0,"enemies":"Spheric Guardian","floor":19.0,"turns":5.0},{"damage":20.0,"enemies":"Snake Plant","floor":22.0,"turns":3.0},{"damage":35.0,"enemies":"Gremlin Leader","floor":23.0,"turns":6.0},{"damage":13,"enemies":"Sentry and Sphere","floor":24,"turns":2}],"seed_played":"1104437873076990321","potions_obtained":[{"floor":1.0,"key":"Weak Potion"},{"floor":3.0,"key":"Fire Potion"},{"floor":6.0,"key":"Poison Potion"},{"floor":8.0,"key":"Fruit Juice"},{"floor":13.0,"key":"Weak Potion"}],"is_trial":false,"path_per_floor":["M","M","M","$","M","E","R","E","T","R","?","E","M","?","R","B",null,"M","M","$","?","M","E","M"],"character_chosen":"IRONCLAD","items_purchased":["Shrug It Off","Panache","Art of War"],"campfire_rested":2,"item_purchase_floors":[4,20,20],"current_hp_per_floor":[80,80,80,80,65,53,53,40,40,65,58,50,46,46,71,34,85,80,59,59,53,39,10,0],"gold":62,"neow_bonus":"RANDOM_COLORLESS","is_prod":false,"is_daily":false,"chose_seed":false,"campfire_upgraded":1,"win_rate":0,"timestamp":1545106443,"path_taken":["M","M","M","$","M","E","R","E","T","R","?","E","M","?","R","BOSS","M","M","$","?","M","E","M"],"build_version":"2018-12-13","purchased_purges":1,"victory":false,"max_hp_per_floor":[80,80,80,80,80,80,80,85,85,85,85,85,85,85,85,85,85,85,85,85,85,85,85,85],"card_choices":[{"not_picked":["Sword Boomerang","Pummel"],"picked":"Carnage","floor":1.0},{"not_picked":["Disarm","Clash"],"picked":"Rampage","floor":2.0},{"not_picked":["Anger","Whirlwind"],"picked":"Body Slam","floor":3.0},{"not_picked":["Limit Break","Heavy Blade"],"picked":"Armaments","floor":5.0},{"not_picked":["Searing Blow","Carnage"],"picked":"Shrug It Off","floor":6.0},{"not_picked":["Sentinel","Clothesline"],"picked":"Shockwave","floor":8.0},{"not_picked":["Spot Weakness","Rampage"],"picked":"Demon Form","floor":12.0},{"not_picked":["Havoc","Blood for Blood"],"picked":"Body Slam","floor":13.0},{"not_picked":["Offering","Bludgeon"],"picked":"Juggernaut","floor":16.0},{"not_picked":["Bloodletting","Shrug It Off"],"picked":"Dual Wield","floor":18.0},{"not_picked":["Evolve","Shockwave"],"picked":"Clothesline+1","floor":19.0},{"not_picked":["Shockwave","Twin Strike"],"picked":"Battle Trance","floor":22.0},{"not_picked":["Sword Boomerang+1","Corruption"],"picked":"Cleave+1","floor":23.0}],"player_experience":215178,"relics_obtained":[{"floor":6.0,"key":"Orichalcum"},{"floor":8.0,"key":"PreservedInsect"},{"floor":12.0,"key":"Mummified Hand"},{"floor":23.0,"key":"Sundial"}],"event_choices":[{"damage_healed":0.0,"max_hp_gain":0.0,"max_hp_loss":0.0,"gold_gain":0.0,"event_name":"Scrap Ooze","player_choice":"Success","floor":11.0,"gold_loss":0.0,"damage_taken":7.0,"relics_obtained":["Centennial Puzzle"]},{"damage_healed":0.0,"max_hp_gain":0.0,"max_hp_loss":0.0,"gold_gain":68.0,"event_name":"Golden Wing","player_choice":"Gained Gold","floor":14.0,"gold_loss":0.0,"damage_taken":0.0},{"damage_healed":0.0,"max_hp_gain":0.0,"max_hp_loss":0.0,"gold_gain":0.0,"event_name":"Nest","player_choice":"Joined the Cult","floor":21.0,"gold_loss":0.0,"damage_taken":6.0,"cards_obtained":["RitualDagger"]}],"is_beta":false,"boss_relics":[{"not_picked":["Snecko Eye","Busted Crown"],"picked":"Sozu"}],"items_purged_floors":[4],"is_endless":false,"potions_floor_spawned":[1,3,6,8,13,19,23],"killed_by":"Sentry and Sphere","ascension_level":4}