{"gold_per_floor":[117,117,8,21,21,21,44,44,44,44,44],"floor_reached":11,"playtime":200,"items_purged":[],"score":119,"play_id":"e89898ea-da8e-4299-bae0-52486e98c336","local_time":"20190122110225","is_ascension_mode":true,"campfire_choices":[{"data":"Zap","floor":6,"key":"SMITH"},{"data":"Reinforced Body","floor":8,"key":"SMITH"}],"neow_cost":"NONE","seed_source_timestamp":500044728439247,"circlet_count":0,"master_deck":["AscendersBane","Strike_B+1","Strike_B","Strike_B","Strike_B","Defend_B","Defend_B","Defend_B+1","Defend_B","Zap+1","Dualcast","Ball Lightning","Reinforced Body+1","Go for the Eyes"],"relics":["Cracked Core","Golden Idol","Meat on the Bone","Bottled Flame"],"potions_floor_usage":[],"damage_taken":[{"damage":1,"enemies":"Cultist","floor":1,"turns":3},{"damage":7,"enemies":"Small Slimes","floor":4,"turns":3},{"damage":2,"enemies":"2 Louse","floor":7,"turns":3},{"damage":18,"enemies":"Large Slime","floor":11,"turns":3}],"seed_played":"-1989073702414903020","potions_obtained":[],"is_trial":false,"path_per_floor":["M","?","?","M","$","R","M","R","T","?","M"],"character_chosen":"DEFECT","items_purchased":[],"campfire_rested":0,"item_purchase_floors":[],"current_hp_per_floor":[70,70,70,63,63,63,61,61,61,40,22],"gold":44,"neow_bonus":"TEN_PERCENT_HP_BONUS","is_prod":false,"is_daily":false,"chose_seed":false,"campfire_upgraded":2,"win_rate":0,"timestamp":1548183745,"path_taken":["M","?","?","M","$","R","?","R","T","?","M"],"build_version":"2019-01-17v2","purchased_purges":0,"victory":false,"max_hp_per_floor":[78,71,71,71,71,71,71,71,71,71,71],"card_choices":[{"not_picked":["Compile Driver","FTL"],"picked":"Ball Lightning","floor":1},{"not_picked":["Beam Cell","Fusion"],"picked":"Reinforced Body","floor":4},{"not_picked":["Recycle","Compile Driver"],"picked":"Go for the Eyes","floor":7}],"player_experience":1713132,"relics_obtained":[{"floor":9,"key":"Bottled Flame"}],"event_choices":[{"damage_healed":0,"gold_gain":0,"player_choice":"Lose Max HP","damage_taken":0,"relics_obtained":["Golden Idol"],"max_hp_gain":0,"max_hp_loss":7,"event_name":"Golden Idol","floor":2,"gold_loss":0},{"damage_healed":0,"gold_gain":0,"player_choice":"Paid Gold","damage_taken":0,"relics_obtained":["Meat on the Bone"],"max_hp_gain":0,"max_hp_loss":0,"event_name":"WeMeetAgain","floor":3,"gold_loss":109},{"damage_healed":0,"gold_gain":0,"player_choice":"Entered Light","damage_taken":21,"max_hp_gain":0,"max_hp_loss":0,"event_name":"Shining Light","floor":10,"gold_loss":0,"cards_upgraded":["Strike_B","Defend_B"]}],"is_beta":false,"boss_relics":[],"items_purged_floors":[],"is_endless":false,"potions_floor_spawned":[],"killed_by":"Large Slime","ascension_level":19}