{"gold_per_floor":[117,14,33,183,183,183,214,214,214,230,242,271,171,186,186,264,264,275,292,292,292,292,292,292],"floor_reached":24,"playtime":919,"items_purged":["Strike_B","Doubt"],"score":435,"play_id":"05cbfb9d-869f-4836-a993-b47e4e9bd34a","local_time":"20181130014517","is_ascension_mode":true,"campfire_choices":[{"data":"Coolheaded","floor":6,"key":"SMITH"},{"data":"Zap","floor":15,"key":"SMITH"},{"floor":23,"key":"REST"}],"neow_cost":"NONE","seed_source_timestamp":105462133186525,"circlet_count":0,"master_deck":["AscendersBane","Strike_B","Strike_B","Strike_B","Defend_B+1","Defend_B","Defend_B+1","Defend_B","Zap+1","Dualcast","Coolheaded+1","Ball Lightning","Cold Snap","Conserve Battery","Go for the Eyes","White Noise","FTL","Reboot","Rainbow","Loop+1","RitualDagger"],"relics":["FrozenCore","NeowsBlessing","StoneCalendar","Matryoshka","War Paint","FossilizedHelix","Dodecahedron"],"potions_floor_usage":[12,19,24],"damage_taken":[{"damage":0,"enemies":"2 Louse","floor":1,"turns":1},{"damage":0,"enemies":"Small Slimes","floor":3,"turns":1},{"damage":0,"enemies":"Gremlin Nob","floor":7,"turns":1},{"damage":0,"enemies":"Cultist","floor":10,"turns":3},{"damage":0,"enemies":"Blue Slaver","floor":11,"turns":3},{"damage":16,"enemies":"3 Sentries","floor":12,"turns":7},{"damage":0,"enemies":"Looter","floor":14,"turns":2},{"damage":5,"enemies":"Hexaghost","floor":16,"turns":7},{"damage":26,"enemies":"2 Thieves","floor":18,"turns":5},{"damage":0,"enemies":"Shell Parasite","floor":19,"turns":5},{"damage":35,"enemies":"Book of Stabbing","floor":24,"turns":4}],"seed_played":"2037949584425084246","potions_obtained":[{"floor":1,"key":"Weak Potion"},{"floor":3,"key":"AttackPotion"},{"floor":14,"key":"SteroidPotion"},{"floor":18,"key":"EssenceOfSteel"}],"is_trial":false,"path_per_floor":["M","$","M","?","?","R","E","?","T","M","M","E","$","M","R","B",null,"M","M","?","?","?","R","E"],"character_chosen":"DEFECT","items_purchased":["Ball Lightning"],"campfire_rested":1,"item_purchase_floors":[2],"current_hp_per_floor":[64,64,64,64,64,64,64,64,64,64,64,48,48,48,48,43,64,38,38,32,12,12,34,0],"gold":292,"neow_bonus":"THREE_ENEMY_KILL","is_prod":false,"is_daily":false,"chose_seed":false,"campfire_upgraded":2,"win_rate":0,"timestamp":1543542317,"path_taken":["M","$","M","?","?","R","E","?","T","M","M","E","$","M","R","BOSS","M","?","?","?","?","R","E"],"build_version":"2018-11-15","purchased_purges":2,"victory":false,"max_hp_per_floor":[71,71,71,71,71,71,71,71,71,71,71,71,71,71,71,71,71,71,71,71,76,76,76,76],"card_choices":[{"not_picked":["Chaos","Streamline"],"picked":"Coolheaded","floor":1},{"not_picked":["Reinforced Body","Compile Driver"],"picked":"Cold Snap","floor":3},{"not_picked":["Steam Power","Redo"],"picked":"Conserve Battery","floor":7},{"not_picked":["Aggregate","Fusion"],"picked":"Go for the Eyes","floor":10},{"not_picked":["Stack","Consume"],"picked":"White Noise","floor":11},{"not_picked":["Turbo","Stack"],"picked":"FTL","floor":12},{"not_picked":["Static Discharge","Beam Cell"],"picked":"Reboot","floor":14},{"not_picked":["Amplify","Thunder Strike"],"picked":"Rainbow","floor":16},{"not_picked":["Darkness","Coolheaded"],"picked":"Loop","floor":18},{"not_picked":["Leap","Auto Shields","Beam Cell"],"picked":"SKIP","floor":19}],"player_experience":951683,"relics_obtained":[{"floor":7,"key":"Matryoshka"},{"floor":9,"key":"War Paint"},{"floor":9,"key":"FossilizedHelix"},{"floor":12,"key":"Dodecahedron"}],"event_choices":[{"damage_healed":0,"gold_gain":150,"player_choice":"AGREE","damage_taken":0,"max_hp_gain":0,"max_hp_loss":0,"event_name":"Liars Game","floor":4,"gold_loss":0,"cards_obtained":["Doubt"]},{"damage_healed":0,"gold_gain":0,"player_choice":"Box","damage_taken":0,"relics_obtained":["StoneCalendar"],"max_hp_gain":0,"max_hp_loss":0,"event_name":"Big Fish","floor":5,"gold_loss":0,"cards_obtained":["Regret"]},{"cards_removed":["Regret"],"damage_healed":0,"gold_gain":0,"player_choice":"Purged","damage_taken":0,"max_hp_gain":0,"max_hp_loss":0,"event_name":"Purifier","floor":8,"gold_loss":0},{"damage_healed":0,"gold_gain":0,"player_choice":"Joined the Cult","damage_taken":6,"max_hp_gain":0,"max_hp_loss":0,"event_name":"Nest","floor":20,"gold_loss":0,"cards_obtained":["RitualDagger"]},{"damage_healed":0,"gold_gain":0,"player_choice":"Shed Blood","damage_taken":25,"max_hp_gain":5,"max_hp_loss":0,"event_name":"Forgotten Altar","floor":21,"gold_loss":0},{"damage_healed":0,"gold_gain":0,"player_choice":"Forge","damage_taken":0,"max_hp_gain":0,"max_hp_loss":0,"event_name":"Accursed Blacksmith","floor":22,"gold_loss":0,"cards_upgraded":["Loop"]}],"is_beta":true,"boss_relics":[{"not_picked":["Ectoplasm","Coffee Dripper"],"picked":"FrozenCore"}],"items_purged_floors":[2,13],"is_endless":false,"potions_floor_spawned":[1,3,11,14,18],"killed_by":"Book of Stabbing","ascension_level":18}