{"gold_per_floor":[112,112,129,54,54,79,79,94,94,123,123,150,180,180,180,259,259,276,286,126,138,138],"floor_reached":22,"playtime":1030,"items_purged":["Pain"],"score":526,"play_id":"4697f128-26d2-479f-8ae8-e418bab0f704","local_time":"20181220152444","is_ascension_mode":true,"campfire_choices":[{"data":"Consume","floor":7,"key":"SMITH"},{"floor":15,"key":"REST"}],"neow_cost":"NONE","seed_source_timestamp":102209166899024,"circlet_count":0,"master_deck":["AscendersBane","Strike_B","Strike_B","Strike_B","Defend_B","Defend_B","Defend_B","Defend_B","Zap","Dualcast","Genetic Algorithm","Consume+1","Ball Lightning","Conserve Battery","Compile Driver","Creative AI","Amplify+1","Redo+1","Steam+1"],"relics":["Cracked Core","NeowsBlessing","WarpedTongs","Gambling Chip","Thread and Needle","Peace Pipe","Toxic Egg 2","Tiny Chest","Art of War","Runic Pyramid","Lantern"],"potions_floor_usage":[21],"damage_taken":[{"damage":0,"enemies":"Jaw Worm","floor":1,"turns":1},{"damage":0,"enemies":"Cultist","floor":3,"turns":1},{"damage":0,"enemies":"3 Sentries","floor":6,"turns":1},{"damage":2,"enemies":"2 Louse","floor":8,"turns":3},{"damage":10,"enemies":"Lagavulin","floor":10,"turns":5},{"damage":11,"enemies":"3 Sentries","floor":12,"turns":6},{"damage":0,"enemies":"Slime Boss","floor":16,"turns":5},{"damage":7,"enemies":"2 Thieves","floor":18,"turns":5},{"damage":24,"enemies":"Shell Parasite","floor":19,"turns":7},{"damage":5,"enemies":"Snake Plant","floor":21,"turns":5},{"damage":32,"enemies":"Chosen and Byrds","floor":22,"turns":6}],"seed_played":"-2289959217025776583","potions_obtained":[{"floor":1,"key":"LiquidBronze"},{"floor":16,"key":"SkillPotion"},{"floor":21,"key":"EssenceOfSteel"}],"is_trial":false,"path_per_floor":["M","?","M","$","$","E","R","M","T","E","?","E","T","?","R","B",null,"M","M","$","M","M"],"character_chosen":"DEFECT","items_purchased":["Lantern"],"campfire_rested":1,"item_purchase_floors":[20],"current_hp_per_floor":[64,64,64,64,64,64,64,62,62,52,45,34,34,16,37,37,63,56,32,32,27,0],"gold":138,"neow_bonus":"THREE_ENEMY_KILL","is_prod":false,"is_daily":false,"chose_seed":false,"campfire_upgraded":1,"win_rate":0,"timestamp":1545348284,"path_taken":["M","?","M","?","$","E","R","M","T","E","?","E","?","?","R","BOSS","M","M","$","M","M"],"build_version":"2018-12-13","purchased_purges":1,"victory":false,"max_hp_per_floor":[71,71,71,71,71,71,71,71,71,71,71,71,71,71,71,71,71,71,71,71,71,71],"card_choices":[{"not_picked":["Tempest","Stack"],"picked":"Genetic Algorithm","floor":1},{"not_picked":["Steam","Go for the Eyes"],"picked":"Consume","floor":3},{"not_picked":["Hologram","Heatsinks"],"picked":"Ball Lightning","floor":6},{"not_picked":["Ball Lightning","All For One"],"picked":"Conserve Battery","floor":8},{"not_picked":["Steam Power","Beam Cell"],"picked":"Compile Driver","floor":10},{"not_picked":["Cold Snap","Consume"],"picked":"Creative AI","floor":12},{"not_picked":["Meteor Strike","Reboot+1"],"picked":"Amplify+1","floor":16},{"not_picked":["Compile Driver","Consume+1"],"picked":"Redo+1","floor":18},{"not_picked":["Gash","Go for the Eyes"],"picked":"Steam+1","floor":19},{"not_picked":["Aggregate+1","Gash","Heatsinks"],"picked":"SKIP","floor":21}],"player_experience":1591390,"relics_obtained":[{"floor":6,"key":"Gambling Chip"},{"floor":9,"key":"Thread and Needle"},{"floor":10,"key":"Peace Pipe"},{"floor":12,"key":"Toxic Egg 2"},{"floor":13,"key":"Tiny Chest"}],"event_choices":[{"damage_healed":0,"gold_gain":0,"player_choice":"Rummage","damage_taken":0,"relics_obtained":["WarpedTongs"],"max_hp_gain":0,"max_hp_loss":0,"event_name":"Accursed Blacksmith","floor":2,"gold_loss":0,"cards_obtained":["Pain"]},{"cards_removed":["Strike_B"],"damage_healed":0,"gold_gain":0,"player_choice":"Card Removal","damage_taken":7,"max_hp_gain":0,"max_hp_loss":0,"event_name":"Golden Wing","floor":11,"gold_loss":0},{"damage_healed":0,"gold_gain":0,"player_choice":"Success","damage_taken":18,"relics_obtained":["Art of War"],"max_hp_gain":0,"max_hp_loss":0,"event_name":"Scrap Ooze","floor":14,"gold_loss":0}],"is_beta":false,"boss_relics":[{"not_picked":["Cursed Key","Runic Dome"],"picked":"Runic Pyramid"}],"items_purged_floors":[4],"is_endless":false,"potions_floor_spawned":[1,16,21],"killed_by":"Chosen and Byrds","ascension_level":18}