{"gold_per_floor":[117,127,127,139,150,150,168,168,168,187,214,214,242,259,259,362,412,395,18,37,0,0,0,34,34,34,64,64,80,40,40,40,40],"floor_reached":33,"playtime":1490,"items_purged":["Strike_B"],"score":385,"play_id":"c4f5afa7-08e2-48a1-8624-52abdd331780","local_time":"20190104204642","is_ascension_mode":true,"campfire_choices":[{"data":"Chill","floor":6,"key":"SMITH"},{"floor":8,"key":"REST"},{"data":"Rainbow","floor":15,"key":"SMITH"},{"data":"Creative AI","floor":23,"key":"SMITH"},{"data":"Lockon","floor":25,"key":"SMITH"},{"floor":28,"key":"REST"},{"data":"Double Energy","floor":32,"key":"SMITH"}],"neow_cost":"NONE","seed_source_timestamp":1260543413129076,"circlet_count":0,"master_deck":["Strike_B","Strike_B","Strike_B","Defend_B","Defend_B","Defend_B","Defend_B","Zap","Dualcast","Impatience","Hologram","Double Energy+1","Rainbow+1","Ball Lightning","Chill+1","Core Surge","Melter+1","Ball Lightning","Lockon+1","Defragment+1","Creative AI+1","Conserve Battery","Stack+1","Chaos+1","Compile Driver+1","Leap","Rebound+1"],"relics":["Cracked Core","Odd Mushroom","Regal Pillow","Tiny House","Happy Flower","Lantern","Nloth\u0027s Gift","Emotion Chip","Boot","Pen Nib"],"potions_floor_usage":[7,13,16,24,24,27],"damage_taken":[{"damage":0,"enemies":"Small Slimes","floor":1,"turns":3},{"damage":6,"enemies":"Cultist","floor":2,"turns":3},{"damage":11,"enemies":"2 Louse","floor":4,"turns":3},{"damage":12,"enemies":"Red Slaver","floor":5,"turns":3},{"damage":12,"enemies":"Blue Slaver","floor":7,"turns":3},{"damage":0,"enemies":"Large Slime","floor":10,"turns":5},{"damage":6,"enemies":"The Mushroom Lair","floor":11,"turns":4},{"damage":4,"enemies":"3 Sentries","floor":13,"turns":7},{"damage":1,"enemies":"Gremlin Gang","floor":14,"turns":4},{"damage":33,"enemies":"The Guardian","floor":16,"turns":9},{"damage":19,"enemies":"2 Thieves","floor":18,"turns":4},{"damage":0,"enemies":"Spheric Guardian","floor":20,"turns":3},{"damage":19,"enemies":"Gremlin Leader","floor":24,"turns":6},{"damage":20,"enemies":"Slavers","floor":27,"turns":5},{"damage":7,"enemies":"Centurion and Healer","floor":29,"turns":7},{"damage":58,"enemies":"Collector","floor":33,"turns":5}],"seed_played":"4288114222217305485","potions_obtained":[{"floor":1,"key":"FocusPotion"},{"floor":5,"key":"Fruit Juice"},{"floor":7,"key":"Swift Potion"},{"floor":10,"key":"SkillPotion"},{"floor":17,"key":"LiquidBronze"},{"floor":20,"key":"Fire Potion"},{"floor":27,"key":"FearPotion"},{"floor":29,"key":"FearPotion"}],"is_trial":false,"path_per_floor":["M","M","?","M","M","R","M","R","T","M","?","?","E","M","R","B",null,"M","$","M","?","?","R","E","R","T","E","R","M","?","$","R","B"],"character_chosen":"DEFECT","items_purchased":["Happy Flower","Lantern"],"campfire_rested":2,"item_purchase_floors":[19,19],"current_hp_per_floor":[68,62,62,51,39,39,32,56,56,56,50,50,46,45,45,12,68,49,49,49,49,49,49,30,30,30,10,50,43,43,43,43,0],"gold":40,"neow_bonus":"RANDOM_COLORLESS","is_prod":false,"is_daily":false,"chose_seed":false,"campfire_upgraded":5,"win_rate":0,"timestamp":1546656402,"path_taken":["M","M","?","M","M","R","M","R","T","?","?","?","E","?","R","BOSS","M","$","M","?","?","R","E","R","T","E","R","?","?","?","R","BOSS"],"build_version":"2019-01-03v4","purchased_purges":1,"victory":false,"max_hp_per_floor":[75,75,75,75,75,75,80,80,80,80,80,80,80,80,80,80,85,85,85,85,85,85,85,85,85,85,85,85,85,85,85,85,85],"card_choices":[{"not_picked":["Stack","Turbo"],"picked":"Hologram","floor":1},{"not_picked":["Fusion","Redo"],"picked":"Double Energy","floor":2},{"not_picked":["Go for the Eyes","Steam Power"],"picked":"Ball Lightning","floor":4},{"not_picked":["Gash","FTL"],"picked":"Chill","floor":5},{"not_picked":["Streamline","Beam Cell"],"picked":"Core Surge","floor":7},{"not_picked":["Recycle","Barrage"],"picked":"Melter","floor":10},{"not_picked":["Turbo","Hologram"],"picked":"Ball Lightning","floor":11},{"not_picked":["Darkness","Tempest"],"picked":"Lockon","floor":13},{"not_picked":["Reinforced Body","Steam"],"picked":"Defragment","floor":14},{"not_picked":["Seek","Machine Learning"],"picked":"Creative AI","floor":16},{"not_picked":["Streamline","Gash"],"picked":"Conserve Battery","floor":17},{"not_picked":["Undo","BootSequence"],"picked":"Stack+1","floor":18},{"not_picked":["Coolheaded","Skim"],"picked":"Chaos+1","floor":20},{"not_picked":["Meteor Strike","Turbo"],"picked":"Compile Driver+1","floor":24},{"not_picked":["All For One","Hyperbeam"],"picked":"Leap","floor":27},{"not_picked":["Coolheaded","Chaos"],"picked":"Rebound+1","floor":29}],"player_experience":373685,"relics_obtained":[{"floor":9,"key":"Kunai"},{"floor":11,"key":"Odd Mushroom"},{"floor":13,"key":"Regal Pillow"},{"floor":24,"key":"Emotion Chip"},{"floor":26,"key":"Boot"},{"floor":27,"key":"Pen Nib"}],"event_choices":[{"damage_healed":0,"gold_gain":0,"player_choice":"1 cards matched","damage_taken":0,"max_hp_gain":0,"max_hp_loss":0,"event_name":"Match and Keep!","floor":3,"gold_loss":0,"cards_obtained":["Rainbow"]},{"damage_healed":0,"gold_gain":0,"player_choice":"Fought Mushrooms","damage_taken":0,"max_hp_gain":0,"max_hp_loss":0,"event_name":"Mushrooms","floor":11,"gold_loss":0},{"damage_healed":0,"gold_gain":0,"player_choice":"Got Potions","damage_taken":0,"max_hp_gain":0,"max_hp_loss":0,"event_name":"Lab","floor":12,"gold_loss":0},{"damage_healed":0,"gold_gain":0,"player_choice":"Paid Fearfully","damage_taken":0,"max_hp_gain":0,"max_hp_loss":0,"event_name":"Masked Bandits","floor":21,"gold_loss":37},{"damage_healed":0,"gold_gain":0,"player_choice":"Traded Relic","damage_taken":0,"relics_obtained":["Nloth\u0027s Gift"],"max_hp_gain":0,"max_hp_loss":0,"event_name":"N\u0027loth","floor":22,"relics_lost":["Kunai"],"gold_loss":0},{"damage_healed":0,"gold_gain":0,"player_choice":"Upgrade","damage_taken":0,"max_hp_gain":0,"max_hp_loss":0,"event_name":"Designer","floor":30,"gold_loss":40,"cards_upgraded":["Defragment"]}],"is_beta":false,"boss_relics":[{"not_picked":["Runic Dome","Sozu"],"picked":"Tiny House"}],"items_purged_floors":[19],"is_endless":false,"potions_floor_spawned":[1,5,7,10,20,27,29],"killed_by":"Collector","ascension_level":7}