{"gold_per_floor":[109,121,121,121,138,138,165,165,165,165,194,211,222,240,240,338,338,350,368,368,381,395,395,423,423,470,499,499],"floor_reached":28,"playtime":1499,"items_purged":[],"score":365,"play_id":"82709f8d-0a5c-41e9-8c7f-0a99963f0916","local_time":"20181230170950","is_ascension_mode":true,"campfire_choices":[{"data":"Defragment","floor":6,"key":"SMITH"},{"data":"Machine Learning","floor":8,"key":"SMITH"},{"floor":10,"key":"REST"},{"floor":15,"key":"REST"},{"floor":23,"key":"REST"},{"floor":25,"key":"REST"}],"neow_cost":"NONE","seed_source_timestamp":815522111833396,"circlet_count":0,"master_deck":["Strike_B","Strike_B","Strike_B","Strike_B","Defend_B","Defend_B","Defend_B","Defend_B","Zap+1","Leap","Sweeping Beam+1","Defragment+1","Machine Learning+1","Static Discharge","Force Field","Coolheaded","Amplify","Defragment","Consume","Storm","Conserve Battery+1","White Noise+1","Conserve Battery","Machine Learning"],"relics":["Cracked Core","Letter Opener","Ornamental Fan","Pocketwatch","Eternal Feather","Happy Flower","Smiling Mask","Oddly Smooth Stone"],"potions_floor_usage":[16,19,24,24,28],"damage_taken":[{"damage":1,"enemies":"Cultist","floor":1,"turns":3},{"damage":6,"enemies":"Small Slimes","floor":2,"turns":4},{"damage":2,"enemies":"Jaw Worm","floor":5,"turns":3},{"damage":31,"enemies":"Lagavulin","floor":7,"turns":7},{"damage":32,"enemies":"3 Sentries","floor":11,"turns":5},{"damage":0,"enemies":"Lots of Slimes","floor":12,"turns":2},{"damage":3,"enemies":"Looter","floor":13,"turns":3},{"damage":8,"enemies":"Blue Slaver","floor":14,"turns":3},{"damage":9,"enemies":"Hexaghost","floor":16,"turns":9},{"damage":4,"enemies":"Shell Parasite","floor":18,"turns":5},{"damage":7,"enemies":"Chosen","floor":19,"turns":4},{"damage":13,"enemies":"Snecko","floor":21,"turns":5},{"damage":29,"enemies":"Centurion and Healer","floor":22,"turns":6},{"damage":37,"enemies":"Book of Stabbing","floor":24,"turns":5},{"damage":37,"enemies":"Slavers","floor":27,"turns":4},{"damage":5,"enemies":"Snake Plant","floor":28,"turns":1}],"seed_played":"1403208077002036665","potions_obtained":[{"floor":7,"key":"FearPotion"},{"floor":11,"key":"Fire Potion"},{"floor":12,"key":"LiquidBronze"},{"floor":16,"key":"GamblersBrew"},{"floor":22,"key":"Strength Potion"},{"floor":24,"key":"FearPotion"},{"floor":27,"key":"AttackPotion"}],"is_trial":false,"path_per_floor":["M","M","?","?","M","R","E","R","T","R","E","M","M","M","R","B",null,"M","M","?","M","M","R","E","R","T","E","M"],"character_chosen":"DEFECT","items_purchased":[],"campfire_rested":4,"item_purchase_floors":[],"current_hp_per_floor":[67,61,61,61,59,59,28,28,28,50,18,18,15,7,29,20,61,57,50,50,37,8,42,5,39,39,2,0],"gold":499,"neow_bonus":"REMOVE_CARD","is_prod":false,"is_daily":false,"chose_seed":false,"campfire_upgraded":2,"win_rate":0,"timestamp":1546211390,"path_taken":["M","?","?","?","M","R","E","R","T","R","E","M","M","?","R","BOSS","M","M","?","M","M","R","E","R","T","E","M"],"build_version":"2018-12-20","purchased_purges":0,"victory":false,"max_hp_per_floor":[75,75,75,75,75,75,75,75,75,75,75,75,75,75,75,75,75,75,75,75,75,75,75,75,75,75,75,75],"card_choices":[{"not_picked":["Stack","Auto Shields"],"picked":"Leap","floor":1},{"not_picked":["Hello World","Gash"],"picked":"Sweeping Beam","floor":2},{"not_picked":["Beam Cell","Chill"],"picked":"Defragment","floor":5},{"not_picked":["Conserve Battery","Recycle"],"picked":"Machine Learning","floor":7},{"not_picked":["Stack","Cold Snap"],"picked":"Static Discharge","floor":11},{"not_picked":["Sunder","Gash"],"picked":"Force Field","floor":12},{"not_picked":["Gash","Compile Driver"],"picked":"Coolheaded","floor":13},{"not_picked":["Streamline","Skim","Compile Driver"],"picked":"SKIP","floor":14},{"not_picked":["Thunder Strike","Multi-Cast"],"picked":"Amplify","floor":16},{"not_picked":["Redo","Go for the Eyes"],"picked":"Defragment","floor":18},{"not_picked":["Recycle","Turbo"],"picked":"Consume","floor":19},{"not_picked":["Redo","Hologram"],"picked":"Conserve Battery+1","floor":21},{"not_picked":["Steam","Redo"],"picked":"White Noise+1","floor":22},{"not_picked":["Redo","Sweeping Beam"],"picked":"Conserve Battery","floor":24},{"not_picked":["Conserve Battery","Rebound+1"],"picked":"Machine Learning","floor":27}],"player_experience":350194,"relics_obtained":[{"floor":7,"key":"Letter Opener"},{"floor":9,"key":"Ornamental Fan"},{"floor":11,"key":"Pocketwatch"},{"floor":24,"key":"Happy Flower"},{"floor":26,"key":"Smiling Mask"},{"floor":27,"key":"Oddly Smooth Stone"}],"event_choices":[{"damage_healed":0,"gold_gain":0,"player_choice":"Grow","damage_taken":0,"max_hp_gain":0,"max_hp_loss":0,"event_name":"Living Wall","floor":3,"gold_loss":0,"cards_upgraded":["Zap"]},{"damage_healed":0,"gold_gain":0,"player_choice":"Forge","damage_taken":0,"max_hp_gain":0,"max_hp_loss":0,"event_name":"Accursed Blacksmith","floor":4,"gold_loss":0,"cards_upgraded":["Sweeping Beam"]},{"damage_healed":0,"gold_gain":0,"player_choice":"Read","damage_taken":0,"max_hp_gain":0,"max_hp_loss":0,"event_name":"The Library","floor":20,"gold_loss":0,"cards_obtained":["Storm"]}],"is_beta":false,"boss_relics":[{"not_picked":["Empty Cage","Lizard Tail"],"picked":"Eternal Feather"}],"items_purged_floors":[],"is_endless":false,"potions_floor_spawned":[7,11,12,14,16,22,24,27],"killed_by":"Snake Plant","ascension_level":7}