{"gold_per_floor":[109,128,54,71,82,82,97,97,97,97,108,121,136,136,136,240,240,256,268,193,292,292],"floor_reached":22,"playtime":1620,"items_purged":[],"score":180,"play_id":"f2cceeaa-9a62-4409-a44a-caca79b095af","local_time":"20180917001356","is_ascension_mode":false,"campfire_choices":[{"data":"Defragment","floor":6,"key":"SMITH"},{"floor":8,"key":"REST"},{"data":"Redo","floor":10,"key":"SMITH"},{"floor":15,"key":"REST"}],"neow_cost":"","seed_source_timestamp":270301730320098,"circlet_count":0,"master_deck":["Strike_B","Strike_B","Strike_B","Strike_B","Defend_B","Defend_B","Defend_B","Defend_B","Dualcast","Defragment+1","Cold Snap","Tempest","Hologram","Redo+1","Chill","Loop+1","Ball Lightning","Streamline","Thunder Strike","Stack+1","Chill+1"],"relics":["Cracked Core","Question Card","Philosopher\u0027s Stone"],"potions_floor_usage":[16,16],"damage_taken":[{"damage":5,"enemies":"Cultist","floor":1,"turns":4},{"damage":3,"enemies":"Jaw Worm","floor":2,"turns":4},{"damage":1,"enemies":"Small Slimes","floor":4,"turns":3},{"damage":8,"enemies":"3 Louse","floor":5,"turns":4},{"damage":4,"enemies":"Blue Slaver","floor":7,"turns":3},{"damage":7,"enemies":"Large Slime","floor":11,"turns":7},{"damage":4,"enemies":"2 Fungi Beasts","floor":12,"turns":3},{"damage":9,"enemies":"Exordium Wildlife","floor":13,"turns":3},{"damage":15,"enemies":"Slime Boss","floor":16,"turns":8},{"damage":14,"enemies":"Chosen","floor":18,"turns":4},{"damage":39,"enemies":"2 Thieves","floor":19,"turns":4},{"damage":22,"enemies":"Colosseum Slavers","floor":22,"turns":2}],"seed_played":"-1148455183046790902","potions_obtained":[{"floor":1,"key":"SteroidPotion"},{"floor":5,"key":"SpeedPotion"},{"floor":7,"key":"FocusPotion"},{"floor":12,"key":"PowerPotion"},{"floor":16,"key":"Ancient Potion"},{"floor":19,"key":"Energy Potion"}],"is_trial":false,"path_per_floor":["M","M","$","M","M","R","M","R","T","R","M","M","M","?","R","B",null,"M","M","?","?"],"character_chosen":"DEFECT","items_purchased":["Tempest"],"campfire_rested":2,"item_purchase_floors":[3],"current_hp_per_floor":[70,67,67,66,58,58,54,75,75,75,68,64,55,55,75,60,75,61,22,22,22,0],"gold":292,"neow_bonus":"","is_prod":false,"is_daily":false,"chose_seed":false,"campfire_upgraded":2,"win_rate":0.0,"timestamp":1537161236,"path_taken":["M","M","$","M","M","R","M","R","T","R","M","M","M","?","R","BOSS","M","M","?","?","?"],"build_version":"2018-09-06","purchased_purges":0,"victory":false,"max_hp_per_floor":[75,75,75,75,75,75,75,75,75,75,75,75,75,75,75,75,75,75,75,75,75,75],"card_choices":[{"not_picked":["Steam","Steam Power"],"picked":"Defragment","floor":1},{"not_picked":["Hello World","Scrape"],"picked":"Cold Snap","floor":2},{"not_picked":["Stack","Reboot"],"picked":"Hologram","floor":4},{"not_picked":["Leap","Coolheaded"],"picked":"Redo","floor":5},{"not_picked":["Hologram","Steam"],"picked":"Chill","floor":7},{"not_picked":["Cold Snap","Coolheaded","Stack"],"picked":"Loop","floor":11},{"not_picked":["Gash","Streamline","Beam Cell"],"picked":"Ball Lightning","floor":12},{"not_picked":["Steam","Hello World","Sweeping Beam"],"picked":"Streamline","floor":13},{"not_picked":["Fission","Machine Learning","Amplify"],"picked":"Thunder Strike","floor":16},{"not_picked":["Sweeping Beam","Coolheaded","Cold Snap"],"picked":"Stack+1","floor":18},{"not_picked":["Defragment","Redo","Compile Driver"],"picked":"Chill+1","floor":19}],"player_experience":8751,"relics_obtained":[{"floor":9,"key":"Question Card"}],"event_choices":[{"event_name":"Living Wall","player_choice":"Grow","floor":14,"damage_taken":0},{"event_name":"Beggar","player_choice":"Gave Gold","floor":20,"damage_taken":0},{"event_name":"Nest","player_choice":"Stole From Cult","floor":21,"damage_taken":0},{"event_name":"Colosseum","player_choice":"Fight","floor":22,"damage_taken":0}],"is_beta":false,"boss_relics":[{"not_picked":["Coffee Dripper","Snecko Eye"],"picked":"Philosopher\u0027s Stone"}],"items_purged_floors":[],"is_endless":false,"potions_floor_spawned":[1,5,7,12,16,19],"killed_by":"Colosseum Slavers","ascension_level":0}