{"gold_per_floor":[116,116,19,19,38,38,68,84,84,103,103,122,142,157,157,253,253,268,281,206,216,234,268,268,301,347,347,347,45,74,87,87,187,187,201,201],"floor_reached":36,"playtime":1808,"items_purged":["Regret","Strike_R"],"score":499,"play_id":"9fe0e6d5-f7a8-442d-bd5a-c5622fb4115f","local_time":"20190203203626","is_ascension_mode":true,"campfire_choices":[{"data":"Sword Boomerang","floor":6,"key":"SMITH"},{"data":"Demon Form","floor":11,"key":"SMITH"},{"data":"Clothesline","floor":15,"key":"SMITH"},{"floor":24,"key":"REST"},{"floor":27,"key":"REST"},{"floor":32,"key":"REST"}],"neow_cost":"NONE","seed_source_timestamp":109499476675988,"circlet_count":0,"master_deck":["Strike_R","Defend_R","Defend_R+1","Defend_R","Defend_R+1","Bash+1","Clothesline+1","Finesse","Sword Boomerang+1","Iron Wave","Cleave","Demon Form+1","Iron Wave","Pommel Strike","Shrug It Off","Feed","Feel No Pain","Uppercut","Flame Barrier","True Grit+1","Evolve+1","Perfected Strike","Barricade"],"relics":["Burning Blood","NeowsBlessing","Ginger","War Paint","Self Forming Clay","Sozu","Potion Belt","Bag of Marbles","ClockworkSouvenir","Bottled Flame","Empty Cage"],"potions_floor_usage":[16,18,23],"damage_taken":[{"damage":0,"enemies":"Jaw Worm","floor":1,"turns":1},{"damage":0,"enemies":"Small Slimes","floor":5,"turns":1},{"damage":0,"enemies":"Gremlin Nob","floor":7,"turns":1},{"damage":2,"enemies":"Cultist","floor":8,"turns":3},{"damage":6,"enemies":"Exordium Thugs","floor":10,"turns":3},{"damage":1,"enemies":"2 Fungi Beasts","floor":12,"turns":3},{"damage":14,"enemies":"Large Slime","floor":13,"turns":4},{"damage":10,"enemies":"Exordium Thugs","floor":14,"turns":4},{"damage":18,"enemies":"Slime Boss","floor":16,"turns":7},{"damage":10,"enemies":"2 Thieves","floor":18,"turns":4},{"damage":4,"enemies":"Shell Parasite","floor":19,"turns":5},{"damage":22,"enemies":"Shelled Parasite and Fungi","floor":21,"turns":10},{"damage":12,"enemies":"Snake Plant","floor":22,"turns":4},{"damage":47,"enemies":"Gremlin Leader","floor":23,"turns":11},{"damage":34,"enemies":"Book of Stabbing","floor":25,"turns":8},{"damage":26,"enemies":"Slavers","floor":30,"turns":5},{"damage":15,"enemies":"3 Cultists","floor":31,"turns":6},{"damage":38,"enemies":"Champ","floor":33,"turns":12},{"damage":4,"enemies":"Orb Walker","floor":35,"turns":4},{"damage":95,"enemies":"2 Orb Walkers","floor":36,"turns":6}],"seed_played":"2986655563430625925","potions_obtained":[{"floor":1,"key":"Poison Potion"},{"floor":10,"key":"Block Potion"},{"floor":12,"key":"SmokeBomb"},{"floor":16,"key":"AttackPotion"}],"is_trial":false,"path_per_floor":["M","?","$","?","M","R","E","M","T","M","R","M","M","M","R","B",null,"M","M","$","M","M","E","R","E","T","R","?","$","E","M","R","B",null,"M","?"],"character_chosen":"IRONCLAD","items_purchased":["Finesse","ClockworkSouvenir"],"campfire_rested":3,"item_purchase_floors":[3,29],"current_hp_per_floor":[80,80,80,80,80,80,80,80,80,80,80,80,72,68,68,56,80,76,78,78,65,62,24,50,22,22,48,48,48,31,25,53,21,95,95,0],"gold":201,"neow_bonus":"THREE_ENEMY_KILL","is_prod":false,"is_daily":false,"chose_seed":false,"campfire_upgraded":3,"win_rate":0,"timestamp":1549254986,"path_taken":["M","?","$","?","M","R","E","M","T","M","R","M","M","M","R","BOSS","M","M","$","M","M","E","R","E","T","R","?","?","E","M","R","BOSS","M","?"],"build_version":"2019-01-23","purchased_purges":2,"victory":false,"max_hp_per_floor":[80,80,80,80,80,80,80,80,80,80,80,80,80,80,80,80,80,80,80,80,83,86,89,89,89,89,89,89,89,92,95,95,95,95,95,95],"card_choices":[{"not_picked":["Sever Soul","Rampage"],"picked":"Clothesline","floor":1},{"not_picked":["Anger","Warcry"],"picked":"Sword Boomerang","floor":5},{"not_picked":["Searing Blow","Warcry"],"picked":"Iron Wave","floor":7},{"not_picked":["Flex","Perfected Strike"],"picked":"Cleave","floor":8},{"not_picked":["True Grit","Pommel Strike"],"picked":"Demon Form","floor":10},{"not_picked":["Cleave","Fire Breathing"],"picked":"Iron Wave","floor":12},{"not_picked":["Infernal Blade","Blood for Blood"],"picked":"Pommel Strike","floor":13},{"not_picked":["Sentinel","Second Wind"],"picked":"Shrug It Off","floor":14},{"not_picked":["Barricade","Limit Break"],"picked":"Feed","floor":16},{"not_picked":["Pommel Strike","Shrug It Off"],"picked":"Feel No Pain","floor":18},{"not_picked":["Cleave","Ghostly Armor"],"picked":"Uppercut","floor":19},{"not_picked":["Sentinel","Seeing Red"],"picked":"Flame Barrier","floor":21},{"not_picked":["Rupture","Warcry"],"picked":"True Grit+1","floor":22},{"not_picked":["Cleave","Shockwave"],"picked":"Evolve+1","floor":23},{"not_picked":["Burning Pact","Wild Strike","Havoc"],"picked":"SKIP","floor":25},{"not_picked":["Twin Strike","Armaments","Brutality"],"picked":"SKIP","floor":30},{"not_picked":["Twin Strike","Intimidate","Infernal Blade"],"picked":"SKIP","floor":31},{"not_picked":["Offering","Berserk"],"picked":"Barricade","floor":33},{"not_picked":["Flex","Hemokinesis+1","Feel No Pain+1"],"picked":"SKIP","floor":35}],"player_experience":1006340,"relics_obtained":[{"floor":7,"key":"War Paint"},{"floor":9,"key":"Self Forming Clay"},{"floor":23,"key":"Potion Belt"},{"floor":25,"key":"Bag of Marbles"},{"floor":30,"key":"Bottled Flame"}],"event_choices":[{"damage_healed":0,"gold_gain":0,"player_choice":"Grow","damage_taken":0,"max_hp_gain":0,"max_hp_loss":0,"event_name":"Living Wall","floor":2,"gold_loss":0,"cards_upgraded":["Bash"]},{"damage_healed":0,"gold_gain":0,"player_choice":"Box","damage_taken":0,"relics_obtained":["Ginger"],"max_hp_gain":0,"max_hp_loss":0,"event_name":"Big Fish","floor":4,"gold_loss":0,"cards_obtained":["Regret"]},{"damage_healed":0,"gold_gain":0,"cards_transformed":["Strike_R"],"player_choice":"Transformed","damage_taken":0,"max_hp_gain":0,"max_hp_loss":0,"event_name":"Transmorgrifier","floor":28,"gold_loss":0,"cards_obtained":["Perfected Strike"]},{"damage_healed":0,"gold_gain":0,"player_choice":"Fight","damage_taken":0,"max_hp_gain":0,"max_hp_loss":0,"event_name":"Mysterious Sphere","floor":36,"gold_loss":0}],"is_beta":true,"boss_relics":[{"not_picked":["Lizard Tail","Astrolabe"],"picked":"Sozu"},{"not_picked":["Tiny House","Runic Cube"],"picked":"Empty Cage"}],"items_purged_floors":[20,29],"is_endless":false,"potions_floor_spawned":[1,10,12,13,16,21,23,30],"killed_by":"2 Orb Walkers","ascension_level":1}