{"gold_per_floor":[114,130,80,155,155,155,168,20,20,20,36,54,85,104,104,207,207,221,221,15,28,28,28,39,65,65,94,108,119,134,134,134,229,229,244,262,22,0,0,0,12,12,12,62,62,73,73,73,73,73,73,73,73,100,100],"floor_reached":55,"playtime":2840,"items_purged":["Decay"],"score":840,"play_id":"bb1b9606-117d-493d-adce-ba4fc3c1c153","local_time":"20181206223919","is_ascension_mode":true,"campfire_choices":[{"data":"Havoc","floor":6.0,"key":"SMITH"},{"data":"Berserk","floor":15.0,"key":"SMITH"},{"floor":23.0,"key":"REST"},{"floor":32.0,"key":"REST"},{"floor":40,"key":"RECALL"},{"data":"Infernal Blade","floor":42,"key":"SMITH"},{"data":"Impervious","floor":49,"key":"SMITH"},{"data":"Metallicize","floor":52,"key":"SMITH"}],"neow_cost":"NONE","seed_source_timestamp":1086103788659542,"circlet_count":0,"master_deck":["Strike_R+1","Strike_R","Strike_R","Strike_R","Defend_R","Defend_R","Defend_R","Bash","Havoc+1","Ghostly Armor","Berserk+1","Entrench","Body Slam+1","Feed","Shockwave","Impervious+1","Twin Strike+1","Dropkick+1","RitualDagger","Whirlwind+1","Shrug It Off","Ghostly Armor+1","Intimidate+1","Reaper","Clothesline","Inflame+1","Infernal Blade+1","Feel No Pain","Flame Barrier+1","True Grit","Anger+1","Cleave+1","Feel No Pain","Double Tap","Power Through+1","Rage+1","Inflame+1","Iron Wave+1","Fire Breathing","Combust+1","Sever Soul+1","True Grit","Metallicize+1","Feel No Pain+1","Clothesline+1"],"special_seed":0,"relics":["Burning Blood","NeowsBlessing","Bronze Scales","Dream Catcher","Self Forming Clay","Mango","Calling Bell","Anchor","Mercury Hourglass","Prayer Wheel","Toolbox","Smiling Mask","Darkstone Periapt","Mummified Hand","Empty Cage","Whetstone","Red Mask","Potion Belt","Pocketwatch","Red Skull"],"potions_floor_usage":[41,44,50,54,54],"damage_taken":[{"damage":0.0,"enemies":"2 Louse","floor":1.0,"turns":1.0},{"damage":0.0,"enemies":"Small Slimes","floor":2.0,"turns":1.0},{"damage":0.0,"enemies":"Jaw Worm","floor":7.0,"turns":1.0},{"damage":8.0,"enemies":"3 Louse","floor":11.0,"turns":5.0},{"damage":3.0,"enemies":"2 Fungi Beasts","floor":12.0,"turns":4.0},{"damage":7.0,"enemies":"3 Sentries","floor":13.0,"turns":5.0},{"damage":3.0,"enemies":"Blue Slaver","floor":14.0,"turns":4.0},{"damage":34.0,"enemies":"The Guardian","floor":16.0,"turns":11.0},{"damage":18.0,"enemies":"Spheric Guardian","floor":18.0,"turns":4.0},{"damage":21.0,"enemies":"2 Thieves","floor":21.0,"turns":4.0},{"damage":34.0,"enemies":"Sentry and Sphere","floor":24.0,"turns":5.0},{"damage":23.0,"enemies":"Slavers","floor":25.0,"turns":4.0},{"damage":14.0,"enemies":"Gremlin Leader","floor":27.0,"turns":6.0},{"damage":33.0,"enemies":"Centurion and Healer","floor":28.0,"turns":5.0},{"damage":1.0,"enemies":"Snake Plant","floor":29.0,"turns":2.0},{"damage":5.0,"enemies":"Shelled Parasite and Fungi","floor":30.0,"turns":5.0},{"damage":45.0,"enemies":"Collector","floor":33.0,"turns":9.0},{"damage":6.0,"enemies":"3 Shapes","floor":35.0,"turns":3.0},{"damage":9,"enemies":"Orb Walker","floor":36,"turns":4},{"damage":13,"enemies":"Transient","floor":41,"turns":5},{"damage":40,"enemies":"2 Orb Walkers","floor":44,"turns":5},{"damage":21,"enemies":"3 Darklings","floor":46,"turns":4},{"damage":28,"enemies":"Donu and Deca","floor":50,"turns":9},{"damage":40,"enemies":"Shield and Spear","floor":54,"turns":9},{"damage":79,"enemies":"The Heart","floor":55,"turns":5}],"seed_played":"8645002966585880600","potions_obtained":[{"floor":2.0,"key":"AttackPotion"},{"floor":12.0,"key":"Ancient Potion"},{"floor":16.0,"key":"GamblersBrew"},{"floor":18.0,"key":"Energy Potion"},{"floor":27.0,"key":"GamblersBrew"},{"floor":28.0,"key":"Energy Potion"},{"floor":29.0,"key":"PowerPotion"},{"floor":33.0,"key":"Weak Potion"},{"floor":35.0,"key":"Explosive Potion"},{"floor":44,"key":"Weak Potion"},{"floor":46,"key":"Explosive Potion"}],"is_trial":false,"path_per_floor":["M","M","?","?","?","R","M","$","T","?","M","M","E","M","R","B",null,"M","?","$","M","?","R","M","E","T","E","M","M","M","?","R","B",null,"M","M","$","?","?","R","M","R","T","?","?","M","?","?","R","B",null,"R","$","E","B"],"character_chosen":"IRONCLAD","items_purchased":["Bronze Scales","Toolbox","Fire Breathing","Whetstone"],"campfire_rested":2,"item_purchase_floors":[8,20,37,37],"current_hp_per_floor":[80,80,80,69,69,69,75,75,75,63,61,64,77,80,80,52,94,85,79,79,67,67,97,69,58,58,50,27,32,36,36,66,31,103,103,100,100,100,100,100,93,93,93,59,109,94,94,94,94,82,104,104,104,70,0],"gold":100,"neow_bonus":"THREE_ENEMY_KILL","is_prod":false,"is_daily":false,"chose_seed":false,"campfire_upgraded":5,"win_rate":0,"timestamp":1544153959,"path_taken":["M","M","?","?","?","R","M","$","T","?","M","M","E","M","R","BOSS","M","?","$","M","?","R","M","E","T","E","M","M","M","?","R","BOSS","M","M","$","?","?","R","M","R","T","?","?","?","?","?","R","BOSS","R","$","E","BOSS"],"build_version":"2018-12-06","purchased_purges":1,"victory":false,"max_hp_per_floor":[80,80,80,80,80,80,80,80,80,80,80,80,94,94,94,94,94,97,97,97,100,100,100,100,100,100,100,100,100,103,103,103,103,103,103,103,103,103,103,103,103,103,103,103,109,109,104,104,104,104,104,104,104,104,104],"card_choices":[{"not_picked":["Flex","Sever Soul"],"picked":"Havoc","floor":1.0},{"not_picked":["Headbutt","Disarm"],"picked":"Ghostly Armor","floor":2.0},{"not_picked":["Twin Strike","Anger"],"picked":"Berserk","floor":7.0},{"not_picked":["Ghostly Armor","Twin Strike"],"picked":"Entrench","floor":11.0},{"not_picked":["Clothesline","Wild Strike"],"picked":"Body Slam","floor":12.0},{"not_picked":["Blood for Blood","Anger"],"picked":"Feed","floor":13.0},{"not_picked":["Sentinel","Flex"],"picked":"Shockwave","floor":14.0},{"not_picked":["Fiend Fire","Juggernaut"],"picked":"Impervious","floor":16.0},{"not_picked":["Armaments","Pommel Strike+1"],"picked":"Twin Strike+1","floor":18.0},{"not_picked":["Headbutt","Havoc+1"],"picked":"Dropkick+1","floor":18.0},{"not_picked":["Cleave+1","Flex+1"],"picked":"Whirlwind+1","floor":21.0},{"not_picked":["Cleave","Perfected Strike+1"],"picked":"Shrug It Off","floor":21.0},{"not_picked":["Rampage","Whirlwind"],"picked":"Ghostly Armor+1","floor":23.0},{"not_picked":["Sever Soul+1","Reckless Charge+1"],"picked":"Intimidate+1","floor":24.0},{"not_picked":["Carnage+1","Flex+1"],"picked":"Reaper","floor":24.0},{"not_picked":["Hemokinesis","Sword Boomerang"],"picked":"Clothesline","floor":25.0},{"not_picked":["Whirlwind","Wild Strike"],"picked":"Inflame+1","floor":27.0},{"not_picked":["Battle Trance","Evolve+1"],"picked":"Infernal Blade","floor":28.0},{"not_picked":["Clothesline","Clash"],"picked":"Feel No Pain","floor":28.0},{"not_picked":["Berserk","Shockwave+1"],"picked":"Flame Barrier+1","floor":29.0},{"not_picked":["Intimidate+1","Headbutt"],"picked":"True Grit","floor":29.0},{"not_picked":["Disarm","Havoc"],"picked":"Anger+1","floor":30.0},{"not_picked":["Warcry","Iron Wave"],"picked":"Cleave+1","floor":30.0},{"not_picked":["Clash+1","Wild Strike"],"picked":"Feel No Pain","floor":32.0},{"not_picked":["Demon Form","Feed"],"picked":"Double Tap","floor":33.0},{"not_picked":["Rupture+1","Seeing Red"],"picked":"Power Through+1","floor":35.0},{"not_picked":["Hemokinesis","Heavy Blade"],"picked":"Rage+1","floor":35.0},{"not_picked":["Thunderclap","Clash"],"picked":"Inflame+1","floor":36},{"not_picked":["Flex+1","Headbutt+1"],"picked":"Iron Wave+1","floor":36},{"not_picked":["Perfected Strike+1","Inflame"],"picked":"Combust+1","floor":41},{"not_picked":["Entrench","Dropkick"],"picked":"Sever Soul+1","floor":41},{"not_picked":["Clash+1","Inflame+1"],"picked":"True Grit","floor":44},{"not_picked":["Sentinel","Inflame"],"picked":"Metallicize","floor":46},{"not_picked":["Sword Boomerang","Carnage+1"],"picked":"Feel No Pain+1","floor":46},{"not_picked":["Heavy Blade","Immolate"],"picked":"Clothesline+1","floor":54}],"player_experience":147345,"relics_obtained":[{"floor":9.0,"key":"Dream Catcher"},{"floor":13.0,"key":"Mango"},{"floor":17.0,"key":"Anchor"},{"floor":17.0,"key":"Mercury Hourglass"},{"floor":17.0,"key":"Prayer Wheel"},{"floor":25.0,"key":"Smiling Mask"},{"floor":27.0,"key":"Darkstone Periapt"},{"floor":43,"key":"Potion Belt"},{"floor":44,"key":"Pocketwatch"},{"floor":54,"key":"Red Skull"}],"event_choices":[{"cards_removed":["Strike_R"],"damage_healed":0.0,"max_hp_gain":0.0,"max_hp_loss":0.0,"gold_gain":0.0,"event_name":"The Cleric","player_choice":"Card Removal","floor":3.0,"gold_loss":50.0,"damage_taken":0.0},{"damage_healed":0.0,"max_hp_gain":0.0,"max_hp_loss":0.0,"gold_gain":75.0,"event_name":"World of Goop","player_choice":"Gather Gold","floor":4.0,"gold_loss":0.0,"damage_taken":11.0},{"damage_healed":0.0,"max_hp_gain":0.0,"max_hp_loss":0.0,"gold_gain":0.0,"event_name":"Golden Wing","player_choice":"Ignored","floor":5.0,"gold_loss":0.0,"damage_taken":0.0},{"damage_healed":0.0,"max_hp_gain":0.0,"max_hp_loss":0.0,"gold_gain":0.0,"event_name":"Scrap Ooze","player_choice":"Success","floor":10.0,"gold_loss":0.0,"damage_taken":12.0,"relics_obtained":["Self Forming Clay"]},{"damage_healed":0.0,"max_hp_gain":0.0,"max_hp_loss":0.0,"gold_gain":0.0,"event_name":"Nest","player_choice":"Joined the Cult","floor":19.0,"gold_loss":0.0,"damage_taken":6.0,"cards_obtained":["RitualDagger"]},{"damage_healed":0.0,"max_hp_gain":0.0,"max_hp_loss":0.0,"gold_gain":0.0,"event_name":"Ghosts","player_choice":"Ignored","floor":22.0,"gold_loss":0.0,"damage_taken":0.0},{"damage_healed":0.0,"max_hp_gain":0.0,"max_hp_loss":0.0,"gold_gain":0.0,"event_name":"The Mausoleum","player_choice":"Opened","floor":31.0,"gold_loss":0.0,"damage_taken":0.0,"relics_obtained":["Mummified Hand"]},{"damage_healed":0,"gold_gain":0,"player_choice":"Paid","damage_taken":0,"relics_obtained":["Red Mask"],"max_hp_gain":0,"max_hp_loss":0,"event_name":"Tomb of Lord Red Mask","floor":38,"gold_loss":22},{"cards_removed":["Defend_R"],"damage_healed":0,"gold_gain":0,"player_choice":"Removed Skill","damage_taken":0,"max_hp_gain":0,"max_hp_loss":0,"event_name":"Falling","floor":39,"gold_loss":0},{"damage_healed":0,"gold_gain":0,"player_choice":"Fight","damage_taken":0,"max_hp_gain":0,"max_hp_loss":0,"event_name":"Mysterious Sphere","floor":44,"gold_loss":0},{"damage_healed":44,"gold_gain":0,"player_choice":"Heal","damage_taken":0,"max_hp_gain":0,"max_hp_loss":0,"event_name":"MindBloom","floor":45,"gold_loss":0,"cards_obtained":["Doubt"]},{"damage_healed":0,"gold_gain":0,"player_choice":"Max HP","damage_taken":0,"max_hp_gain":0,"max_hp_loss":5,"event_name":"Winding Halls","floor":47,"gold_loss":0},{"cards_removed":["Doubt"],"damage_healed":0,"gold_gain":0,"player_choice":"Removed Curses","damage_taken":0,"max_hp_gain":0,"max_hp_loss":0,"event_name":"Fountain of Cleansing","floor":48,"gold_loss":0}],"is_beta":false,"boss_relics":[{"not_picked":["Tiny House","Velvet Choker"],"picked":"Calling Bell"},{"not_picked":["Snecko Eye","Runic Pyramid"],"picked":"Empty Cage"}],"items_purged_floors":[37],"is_endless":false,"potions_floor_spawned":[2,12,16,18,27,28,29,33,35,44,46],"killed_by":"The Heart","ascension_level":3}