{"gold_per_floor":[113,129,129,149,161,191,191,208,208,227,227,243,259,259],"floor_reached":14,"playtime":2029,"items_purged":[],"score":187,"play_id":"8e67c177-3de3-45fc-83ab-d4d16336c971","local_time":"20190128124631","is_ascension_mode":true,"campfire_choices":[{"floor":7.0,"key":"REST"}],"neow_cost":"NONE","seed_source_timestamp":0,"circlet_count":0,"master_deck":["AscendersBane","Defend_G","Defend_G","Defend_G","Defend_G","Defend_G","Strike_G","Strike_G","Strike_G","Strike_G","Strike_G","Survivor","Neutralize+1","Deadly Poison","Poisoned Stab","Unload","Deadly Poison","Noxious Fumes","Blade Dance","Cloak And Dagger","Deflect","Escape Plan"],"special_seed":0,"relics":["Ring of the Snake","Mummified Hand","Paper Crane"],"potions_floor_usage":[13,13],"damage_taken":[{"damage":3.0,"enemies":"Small Slimes","floor":1.0,"turns":5.0},{"damage":1.0,"enemies":"Cultist","floor":2.0,"turns":4.0},{"damage":2.0,"enemies":"Jaw Worm","floor":4.0,"turns":4.0},{"damage":12.0,"enemies":"Lots of Slimes","floor":5.0,"turns":4.0},{"damage":29.0,"enemies":"3 Sentries","floor":6.0,"turns":8.0},{"damage":17.0,"enemies":"Exordium Thugs","floor":8.0,"turns":4.0},{"damage":19.0,"enemies":"Exordium Wildlife","floor":10.0,"turns":4.0},{"damage":1.0,"enemies":"Red Slaver","floor":12.0,"turns":3.0},{"damage":1,"enemies":"Large Slime","floor":13,"turns":6},{"damage":1,"enemies":"3 Louse","floor":14,"turns":1}],"seed_played":"7370481349335389759","potions_obtained":[{"floor":1.0,"key":"GhostInAJar"},{"floor":4.0,"key":"PowerPotion"},{"floor":11.0,"key":"Strength Potion"},{"floor":12.0,"key":"Poison Potion"}],"is_trial":false,"path_per_floor":["M","M","?","M","M","E","R","M","T","M","?","M","M","M"],"character_chosen":"THE_SILENT","items_purchased":[],"campfire_rested":1,"item_purchase_floors":[],"current_hp_per_floor":[62,61,61,59,47,18,39,22,22,3,3,2,1,0],"gold":259,"neow_bonus":"TEN_PERCENT_HP_BONUS","is_prod":false,"is_daily":false,"chose_seed":false,"campfire_upgraded":0,"win_rate":0,"timestamp":1548708391,"path_taken":["M","M","?","M","?","E","R","M","T","M","?","M","?","M"],"build_version":"2019-01-23","purchased_purges":0,"victory":false,"max_hp_per_floor":[72,72,72,72,72,72,72,72,72,72,72,72,72,72],"card_choices":[{"not_picked":["Caltrops","Blur"],"picked":"Deadly Poison","floor":1.0},{"not_picked":["Cloak And Dagger","Prepared"],"picked":"Poisoned Stab","floor":2.0},{"not_picked":["Outmaneuver","Concentrate"],"picked":"Unload","floor":4.0},{"not_picked":["Caltrops","Outmaneuver"],"picked":"Deadly Poison","floor":5.0},{"not_picked":["Skewer","Dagger Spray"],"picked":"Noxious Fumes","floor":6.0},{"not_picked":["Deflect","Choke"],"picked":"Blade Dance","floor":8.0},{"not_picked":["Infinite Blades","Backflip"],"picked":"Cloak And Dagger","floor":10.0},{"not_picked":["Finisher","Distraction"],"picked":"Deflect","floor":12.0},{"not_picked":["Acrobatics","Finisher"],"picked":"Escape Plan","floor":13}],"player_experience":1771654,"relics_obtained":[{"floor":6.0,"key":"Mummified Hand"},{"floor":9.0,"key":"Paper Crane"}],"event_choices":[{"damage_healed":0.0,"max_hp_gain":0.0,"max_hp_loss":0.0,"gold_gain":0.0,"event_name":"Upgrade Shrine","player_choice":"Upgraded","floor":3.0,"gold_loss":0.0,"damage_taken":0.0,"cards_upgraded":["Neutralize"]},{"damage_healed":0.0,"max_hp_gain":0.0,"max_hp_loss":0.0,"gold_gain":0.0,"event_name":"Lab","player_choice":"Got Potions","floor":11.0,"gold_loss":0.0,"damage_taken":0.0}],"is_beta":false,"boss_relics":[],"items_purged_floors":[],"is_endless":false,"potions_floor_spawned":[1,4,12],"killed_by":"3 Louse","ascension_level":19}