{"gold_per_floor":[109,109,59,59,59,114,125,13,94,106,106,6,81,95,95,193,193,210,235,235,253,33,33,33,33,60,76,95,22,22,54,54,54],"floor_reached":33,"playtime":1763,"items_purged":["Strike_R","Strike_R"],"score":386,"play_id":"b3b95e5e-646f-4cd2-ae2c-f961348585d7","local_time":"20190206134129","is_ascension_mode":false,"campfire_choices":[{"data":"Armaments","floor":11,"key":"SMITH"},{"data":"Bash","floor":15,"key":"SMITH"},{"data":"Demon Form","floor":23,"key":"SMITH"},{"floor":32,"key":"REST"}],"neow_cost":"NONE","seed_source_timestamp":0,"circlet_count":0,"master_deck":["Defend_R+1","Defend_R","Defend_R","Defend_R","Bash+1","Armaments+1","Iron Wave","Metallicize","Sword Boomerang","Combust","Uppercut+1","Pommel Strike+1","Demon Form+1","Twin Strike+1","Carnage+1","Shrug It Off","Inflame","Battle Trance","Clothesline+1","Brutality","Heavy Blade+1","Inflame","Pommel Strike+1"],"special_seed":0,"relics":["Burning Blood","NeowsBlessing","Self Forming Clay","Tiny Chest","Molten Egg 2","Philosopher\u0027s Stone","Red Mask","Sundial","Ancient Tea Set","Red Skull"],"potions_floor_usage":[18,19,30,33],"damage_taken":[{"damage":0,"enemies":"Jaw Worm","floor":1,"turns":1},{"damage":0,"enemies":"Gremlin Nob","floor":6,"turns":1},{"damage":0,"enemies":"2 Louse","floor":7,"turns":2},{"damage":0,"enemies":"Small Slimes","floor":10,"turns":4},{"damage":0,"enemies":"Looter","floor":14,"turns":4},{"damage":41,"enemies":"Hexaghost","floor":16,"turns":16},{"damage":18,"enemies":"3 Byrds","floor":18,"turns":5},{"damage":7,"enemies":"Masked Bandits","floor":19,"turns":4},{"damage":1,"enemies":"Shell Parasite","floor":21,"turns":3},{"damage":2,"enemies":"Snecko","floor":27,"turns":4},{"damage":21,"enemies":"Snake Plant","floor":28,"turns":4},{"damage":6,"enemies":"Colosseum Slavers","floor":30,"turns":4},{"damage":54,"enemies":"Gremlin Leader","floor":31,"turns":5},{"damage":58,"enemies":"Collector","floor":33,"turns":6}],"seed_played":"1833124413348866305","potions_obtained":[{"floor":14,"key":"Explosive Potion"},{"floor":16,"key":"EssenceOfSteel"},{"floor":21,"key":"FairyPotion"},{"floor":28,"key":"Weak Potion"}],"is_trial":false,"path_per_floor":["M","?","?","?","?","E","M","$","T","M","R","$","?","M","R","B",null,"M","?","T","M","$","R","$","?","T","M","M","$","?","E","R","B"],"character_chosen":"IRONCLAD","items_purchased":["Combust","Inflame","Battle Trance","Energy Potion","Clothesline+1","Inflame"],"campfire_rested":1,"item_purchase_floors":[8,22,22,22,22,29],"current_hp_per_floor":[80,80,80,47,31,37,43,43,43,49,49,49,38,44,44,9,80,68,67,67,72,72,72,72,72,72,76,61,61,61,13,37,0],"gold":54,"neow_bonus":"THREE_ENEMY_KILL","is_prod":false,"is_daily":false,"chose_seed":false,"campfire_upgraded":3,"win_rate":0.0,"timestamp":1549456889,"path_taken":["M","?","?","?","?","E","M","?","T","M","R","$","?","M","R","BOSS","M","?","?","M","?","R","$","?","T","?","M","$","?","E","R","BOSS"],"build_version":"2019-01-23","purchased_purges":2,"victory":false,"max_hp_per_floor":[80,80,80,80,80,80,80,80,80,80,80,80,80,80,80,80,80,80,80,80,80,80,80,80,80,80,80,80,80,80,80,80,80],"card_choices":[{"not_picked":["Perfected Strike","Combust"],"picked":"Armaments","floor":1},{"not_picked":["Corruption","Bloodletting"],"picked":"Metallicize","floor":6},{"not_picked":["Dual Wield","Anger"],"picked":"Sword Boomerang","floor":7},{"not_picked":["Twin Strike+1","Sword Boomerang+1"],"picked":"Uppercut+1","floor":10},{"not_picked":["Wild Strike+1","Corruption"],"picked":"Pommel Strike+1","floor":14},{"not_picked":["Barricade","Limit Break"],"picked":"Demon Form","floor":16},{"not_picked":["Feel No Pain","Hemokinesis+1"],"picked":"Twin Strike+1","floor":18},{"not_picked":["Anger+1","Havoc"],"picked":"Carnage+1","floor":19},{"not_picked":["Clash+1","Blood for Blood+1"],"picked":"Shrug It Off","floor":21},{"not_picked":["Warcry","Flex","Power Through"],"picked":"SKIP","floor":27},{"not_picked":["Combust","True Grit"],"picked":"Heavy Blade+1","floor":28},{"not_picked":["Wild Strike+1","Shrug It Off"],"picked":"Pommel Strike+1","floor":31}],"player_experience":25919,"relics_obtained":[{"floor":6,"key":"Tiny Chest"},{"floor":9,"key":"Molten Egg 2"},{"floor":19,"key":"Red Mask"},{"floor":20,"key":"Sundial"},{"floor":26,"key":"Ancient Tea Set"},{"floor":31,"key":"Red Skull"}],"event_choices":[{"damage_healed":0,"gold_gain":0,"cards_transformed":["Strike_R"],"player_choice":"Change","damage_taken":0,"max_hp_gain":0,"max_hp_loss":0,"event_name":"Living Wall","floor":2,"gold_loss":0,"cards_obtained":["Iron Wave"]},{"cards_removed":["Strike_R"],"damage_healed":0,"gold_gain":0,"player_choice":"Card Removal","damage_taken":0,"max_hp_gain":0,"max_hp_loss":0,"event_name":"The Cleric","floor":3,"gold_loss":50},{"damage_healed":0,"gold_gain":0,"player_choice":"Success","damage_taken":33,"relics_obtained":["Self Forming Clay"],"max_hp_gain":0,"max_hp_loss":0,"event_name":"Scrap Ooze","floor":4,"gold_loss":0},{"damage_healed":0,"gold_gain":0,"player_choice":"Entered Light","damage_taken":16,"max_hp_gain":0,"max_hp_loss":0,"event_name":"Shining Light","floor":5,"gold_loss":0,"cards_upgraded":["Defend_R","Strike_R"]},{"damage_healed":0,"gold_gain":75,"player_choice":"Gather Gold","damage_taken":11,"max_hp_gain":0,"max_hp_loss":0,"event_name":"World of Goop","floor":13,"gold_loss":0},{"damage_healed":0,"gold_gain":0,"player_choice":"Fought Bandits","damage_taken":0,"max_hp_gain":0,"max_hp_loss":0,"event_name":"Masked Bandits","floor":19,"gold_loss":0},{"damage_healed":0,"gold_gain":0,"cards_transformed":["Strike_R"],"player_choice":"Transformed","damage_taken":0,"max_hp_gain":0,"max_hp_loss":0,"event_name":"Transmorgrifier","floor":25,"gold_loss":0,"cards_obtained":["Brutality"]},{"damage_healed":0,"gold_gain":0,"player_choice":"Fight","damage_taken":0,"max_hp_gain":0,"max_hp_loss":0,"event_name":"Colosseum","floor":30,"gold_loss":0},{"damage_healed":0,"gold_gain":0,"player_choice":"Fled From Nobs","damage_taken":0,"max_hp_gain":0,"max_hp_loss":0,"event_name":"Colosseum","floor":30,"gold_loss":0}],"is_beta":false,"boss_relics":[{"not_picked":["Runic Dome","Lizard Tail"],"picked":"Philosopher\u0027s Stone"}],"items_purged_floors":[8,12],"is_endless":false,"potions_floor_spawned":[14,16,21,28],"killed_by":"Collector","ascension_level":0}