{"gold_per_floor":[114,289,259,271,288,320,320,349,349,369,384,384],"floor_reached":12,"playtime":543,"items_purged":[],"score":108,"play_id":"f9fca83a-302a-44e2-9fac-77ffc5db7166","local_time":"20181229160009","is_ascension_mode":true,"campfire_choices":[{"data":"Zap","floor":7,"key":"SMITH"}],"neow_cost":"NONE","seed_source_timestamp":725900069276202,"circlet_count":0,"master_deck":["Strike_B","Strike_B","Strike_B","Strike_B","Defend_B","Defend_B","Defend_B","Defend_B","Zap+1","Dualcast","Reboot","Cold Snap","Doubt","Gash","Sweeping Beam","Conserve Battery","Static Discharge","Scrape","Go for the Eyes"],"relics":["Cracked Core","Incense Burner","Ice Cream","Bird Faced Urn"],"potions_floor_usage":[4,4],"damage_taken":[{"damage":9,"enemies":"2 Louse","floor":1,"turns":2},{"damage":0,"enemies":"Jaw Worm","floor":4,"turns":1},{"damage":0,"enemies":"Cultist","floor":5,"turns":4},{"damage":27,"enemies":"3 Sentries","floor":6,"turns":7},{"damage":20,"enemies":"Lagavulin","floor":8,"turns":7},{"damage":11,"enemies":"Large Slime","floor":10,"turns":5},{"damage":5,"enemies":"Exordium Thugs","floor":11,"turns":4},{"damage":31,"enemies":"Gremlin Gang","floor":12,"turns":3}],"seed_played":"6069103850307526670","potions_obtained":[{"floor":1,"key":"Weak Potion"},{"floor":3,"key":"AttackPotion"},{"floor":3,"key":"Fire Potion"},{"floor":6,"key":"Strength Potion"},{"floor":11,"key":"Weak Potion"}],"is_trial":false,"path_per_floor":["M","?","?","M","M","E","R","E","T","M","M","M"],"character_chosen":"DEFECT","items_purchased":[],"campfire_rested":0,"item_purchase_floors":[],"current_hp_per_floor":[66,66,66,66,66,39,39,19,19,10,7,0],"gold":384,"neow_bonus":"ONE_RANDOM_RARE_CARD","is_prod":false,"is_daily":false,"chose_seed":false,"campfire_upgraded":1,"win_rate":0,"timestamp":1546120809,"path_taken":["M","?","?","M","M","E","R","E","T","M","M","?"],"build_version":"2018-12-20","purchased_purges":0,"victory":false,"max_hp_per_floor":[75,75,75,75,75,75,75,75,75,75,75,75],"card_choices":[{"not_picked":["Doom and Gloom","Reprogram"],"picked":"Cold Snap","floor":1},{"not_picked":["Double Energy","Coolheaded"],"picked":"Gash","floor":4},{"not_picked":["Auto Shields","Doom and Gloom"],"picked":"Sweeping Beam","floor":5},{"not_picked":["Ball Lightning","All For One"],"picked":"Conserve Battery","floor":6},{"not_picked":["Ball Lightning","Hyperbeam"],"picked":"Static Discharge","floor":8},{"not_picked":["Turbo","Barrage"],"picked":"Scrape","floor":10},{"not_picked":["Leap","Cold Snap"],"picked":"Go for the Eyes","floor":11}],"player_experience":329496,"relics_obtained":[{"floor":6,"key":"Incense Burner"},{"floor":8,"key":"Ice Cream"},{"floor":9,"key":"Bird Faced Urn"}],"event_choices":[{"damage_healed":0,"gold_gain":175,"player_choice":"AGREE","damage_taken":0,"max_hp_gain":0,"max_hp_loss":0,"event_name":"Liars Game","floor":2,"gold_loss":0,"cards_obtained":["Doubt"]},{"damage_healed":0,"gold_gain":0,"player_choice":"Bought 2 Potions","damage_taken":0,"max_hp_gain":0,"max_hp_loss":0,"event_name":"The Woman in Blue","floor":3,"gold_loss":0}],"is_beta":false,"boss_relics":[],"items_purged_floors":[],"is_endless":false,"potions_floor_spawned":[1,6,11],"killed_by":"Gremlin Gang","ascension_level":4}