{"gold_per_floor":[112,30,30,41,60,91,109,109],"floor_reached":8,"playtime":249,"items_purged":[],"score":70,"play_id":"3d8e1c67-a096-43a7-96c1-6cfcdd73e1dd","local_time":"20190110134612","is_ascension_mode":true,"campfire_choices":[],"neow_cost":"NONE","seed_source_timestamp":15348580062118,"circlet_count":0,"master_deck":["Strike_B","Strike_B","Strike_B","Strike_B","Defend_B","Defend_B","Defend_B","Defend_B","Zap","Dualcast","Deep Breath","Creative AI","Ball Lightning","Heatsinks","Leap","Ball Lightning"],"relics":["Cracked Core","Regal Pillow"],"potions_floor_usage":[4,6,8],"damage_taken":[{"damage":0,"enemies":"Small Slimes","floor":1,"turns":3},{"damage":11,"enemies":"Cultist","floor":4,"turns":4},{"damage":7,"enemies":"Jaw Worm","floor":5,"turns":2},{"damage":44,"enemies":"Gremlin Nob","floor":6,"turns":5},{"damage":8,"enemies":"Exordium Wildlife","floor":7,"turns":3},{"damage":15,"enemies":"The Mushroom Lair","floor":8,"turns":2}],"seed_played":"1788488568442314702","potions_obtained":[{"floor":3,"key":"Regen Potion"},{"floor":3,"key":"GamblersBrew"},{"floor":3,"key":"Explosive Potion"},{"floor":6,"key":"Explosive Potion"},{"floor":7,"key":"Weak Potion"}],"is_trial":false,"path_per_floor":["M","$","?","M","M","E","M","?"],"character_chosen":"DEFECT","items_purchased":["Creative AI"],"campfire_rested":0,"item_purchase_floors":[2],"current_hp_per_floor":[75,75,75,64,57,22,14,0],"gold":109,"neow_bonus":"RANDOM_COLORLESS","is_prod":false,"is_daily":false,"chose_seed":false,"campfire_upgraded":0,"win_rate":0,"timestamp":1547124372,"path_taken":["M","$","?","M","M","E","?","?"],"build_version":"2019-01-09","purchased_purges":0,"victory":false,"max_hp_per_floor":[75,75,75,75,75,75,75,75],"card_choices":[{"not_picked":["Streamline","Undo","Turbo"],"picked":"SKIP","floor":1},{"not_picked":["Double Energy","Coolheaded"],"picked":"Ball Lightning","floor":4},{"not_picked":["Darkness","Cold Snap"],"picked":"Heatsinks","floor":5},{"not_picked":["Steam","Gash"],"picked":"Leap","floor":6},{"not_picked":["Fusion","Hologram"],"picked":"Ball Lightning","floor":7}],"player_experience":173043,"relics_obtained":[{"floor":6,"key":"Regal Pillow"}],"event_choices":[{"damage_healed":0,"gold_gain":0,"player_choice":"Got Potions","damage_taken":0,"max_hp_gain":0,"max_hp_loss":0,"event_name":"Lab","floor":3,"gold_loss":0},{"damage_healed":0,"gold_gain":0,"player_choice":"Fought Mushrooms","damage_taken":0,"max_hp_gain":0,"max_hp_loss":0,"event_name":"Mushrooms","floor":8,"gold_loss":0}],"is_beta":true,"boss_relics":[],"items_purged_floors":[],"is_endless":false,"potions_floor_spawned":[6,7],"killed_by":"The Mushroom Lair","ascension_level":4}