{"gold_per_floor":[20,40,58,13,13,48,48,82,82,82,82,82,113,125,125,201,201,220,234,249,249,159,159,193,243,266,285,265,265,265,285,285,285],"floor_reached":33,"playtime":2926,"items_purged":[],"score":473,"play_id":"8b4d9ebc-8f1c-4156-a4d4-a1a3cb358e5a","local_time":"20181113082802","is_ascension_mode":true,"campfire_choices":[{"data":"Immolate","floor":7.0,"key":"SMITH"},{"data":"Strike_R","floor":10.0,"key":"PURGE"},{"data":"Defend_R","floor":12.0,"key":"PURGE"},{"data":"Strike_R","floor":15.0,"key":"PURGE"},{"data":"True Grit","floor":23,"key":"SMITH"},{"data":"Armaments","floor":30,"key":"SMITH"},{"floor":32,"key":"REST"}],"neow_cost":"NO_GOLD","seed_source_timestamp":1272942494788381,"circlet_count":0,"master_deck":["AscendersBane","Strike_R","Strike_R","Defend_R","Defend_R","Bash","Immolate+1","Shockwave","Thunderclap","Battle Trance","Evolve","Iron Wave","Iron Wave","Immolate","Iron Wave","Shrug It Off","True Grit+1","Spot Weakness","True Grit+1","Bludgeon","Armaments+1","Clothesline"],"special_seed":0,"relics":["Burning Blood","Smiling Mask","Peace Pipe","Meat on the Bone","Omamori","Lizard Tail","Ancient Tea Set","Red Mask","Juzu Bracelet"],"potions_floor_usage":[16,24,31,33],"damage_taken":[{"damage":7.0,"enemies":"Jaw Worm","floor":1.0,"turns":2.0},{"damage":0.0,"enemies":"Small Slimes","floor":2.0,"turns":2.0},{"damage":3.0,"enemies":"2 Louse","floor":3.0,"turns":2.0},{"damage":35.0,"enemies":"Lagavulin","floor":6.0,"turns":5.0},{"damage":20.0,"enemies":"3 Sentries","floor":8.0,"turns":4.0},{"damage":23.0,"enemies":"Gremlin Nob","floor":13.0,"turns":4.0},{"damage":7.0,"enemies":"Looter","floor":14.0,"turns":4.0},{"damage":28,"enemies":"Slime Boss","floor":16,"turns":7},{"damage":34,"enemies":"2 Thieves","floor":18,"turns":3},{"damage":7,"enemies":"Chosen","floor":19,"turns":5},{"damage":24,"enemies":"3 Cultists","floor":20,"turns":4},{"damage":12,"enemies":"Masked Bandits","floor":24,"turns":3},{"damage":38,"enemies":"Centurion and Healer","floor":27,"turns":12},{"damage":22,"enemies":"Snake Plant","floor":31,"turns":5},{"damage":132,"enemies":"Champ","floor":33,"turns":22}],"seed_played":"5240429832886949786","potions_obtained":[{"floor":2.0,"key":"Swift Potion"},{"floor":3.0,"key":"BloodPotion"},{"floor":18,"key":"Explosive Potion"},{"floor":20,"key":"SkillPotion"},{"floor":28,"key":"Block Potion"}],"is_trial":false,"path_per_floor":["M","M","M","$","?","E","R","E","T","R","$","R","E","M","R","B",null,"M","M","M","?","$","R","?","?","T","M","?","?","R","M","R","B"],"character_chosen":"IRONCLAD","items_purchased":["Evolve","True Grit","Spot Weakness"],"campfire_rested":1,"item_purchase_floors":[4,22,22],"current_hp_per_floor":[67,73,75,75,80,51,51,45,45,45,45,45,40,51,51,41,70,54,53,47,47,47,47,53,53,53,33,33,33,33,29,53,0],"gold":285,"neow_bonus":"THREE_RARE_CARDS","is_prod":false,"is_daily":false,"chose_seed":false,"campfire_upgraded":3,"win_rate":0,"timestamp":1542126482,"path_taken":["M","M","M","$","?","E","R","E","T","R","$","R","E","M","R","BOSS","M","M","M","?","$","R","?","?","T","M","?","?","R","M","R","BOSS"],"build_version":"2018-11-08","purchased_purges":0,"victory":false,"max_hp_per_floor":[75,75,75,75,80,80,80,80,80,80,80,80,80,80,80,80,80,80,80,80,80,80,80,80,80,80,80,80,80,80,80,80,80],"card_choices":[{"not_picked":["Double Tap","Exhume"],"picked":"Immolate","floor":0.0},{"not_picked":["Iron Wave","Blood for Blood"],"picked":"Shockwave","floor":1.0},{"not_picked":["Pommel Strike","Metallicize"],"picked":"Thunderclap","floor":2.0},{"not_picked":["Havoc","Feel No Pain"],"picked":"Battle Trance","floor":3.0},{"not_picked":["Pummel","Clash","Perfected Strike"],"picked":"SKIP","floor":6.0},{"not_picked":["Body Slam","Battle Trance"],"picked":"Iron Wave","floor":8.0},{"not_picked":["Warcry","Anger","Double Tap"],"picked":"SKIP","floor":13.0},{"not_picked":["Headbutt","Anger"],"picked":"Iron Wave","floor":14.0},{"not_picked":["Dark Embrace","Limit Break"],"picked":"Immolate","floor":16},{"not_picked":["Dropkick","Blood for Blood"],"picked":"Iron Wave","floor":18},{"not_picked":["Clothesline","Body Slam"],"picked":"Shrug It Off","floor":19},{"not_picked":["Heavy Blade","Shockwave","Seeing Red"],"picked":"SKIP","floor":20},{"not_picked":["Anger+1","Dual Wield"],"picked":"True Grit+1","floor":27},{"not_picked":["True Grit+1","Flex"],"picked":"Clothesline","floor":31}],"player_experience":1269126,"relics_obtained":[{"floor":6.0,"key":"Smiling Mask"},{"floor":8.0,"key":"Peace Pipe"},{"floor":9.0,"key":"Meat on the Bone"},{"floor":13.0,"key":"Omamori"},{"floor":24,"key":"Red Mask"},{"floor":26,"key":"Juzu Bracelet"}],"event_choices":[{"damage_healed":0.0,"max_hp_gain":5.0,"max_hp_loss":0.0,"gold_gain":0.0,"event_name":"Big Fish","player_choice":"Donut","floor":5.0,"gold_loss":0.0,"damage_taken":0.0},{"damage_healed":0,"gold_gain":0,"player_choice":"Stole Relic","damage_taken":0,"relics_obtained":["Ancient Tea Set"],"max_hp_gain":0,"max_hp_loss":0,"event_name":"Addict","floor":21,"gold_loss":0,"cards_obtained":["Shame"]},{"damage_healed":0,"gold_gain":0,"player_choice":"Fought Bandits","damage_taken":0,"max_hp_gain":0,"max_hp_loss":0,"event_name":"Masked Bandits","floor":24,"gold_loss":0},{"damage_healed":0,"gold_gain":50,"player_choice":"Stole From Cult","damage_taken":0,"max_hp_gain":0,"max_hp_loss":0,"event_name":"Nest","floor":25,"gold_loss":0},{"damage_healed":0,"gold_gain":0,"player_choice":"Bought 1 Potion","damage_taken":0,"max_hp_gain":0,"max_hp_loss":0,"event_name":"The Woman in Blue","floor":28,"gold_loss":0},{"damage_healed":0,"gold_gain":0,"cards_transformed":["Strike_R","Defend_R"],"player_choice":"Became Test Subject","damage_taken":0,"max_hp_gain":0,"max_hp_loss":0,"event_name":"Drug Dealer","floor":29,"gold_loss":0,"cards_obtained":["Bludgeon","Armaments"]}],"is_beta":false,"boss_relics":[{"not_picked":["Coffee Dripper","Runic Cube"],"picked":"Lizard Tail"}],"items_purged_floors":[],"is_endless":false,"potions_floor_spawned":[2,3,18,20],"killed_by":"Champ","ascension_level":16}