{"gold_per_floor":[109,109,109,123,123,148,148,168,168,168,197,217,229,241,241,344,344,331,351,266,266,266],"floor_reached":22,"playtime":893,"items_purged":[],"score":267,"play_id":"bb6719b1-b55a-4b5e-909c-c23e8b384a62","local_time":"20181222100442","is_ascension_mode":true,"campfire_choices":[{"data":"Rampage","floor":7,"key":"SMITH"},{"floor":10,"key":"REST"},{"data":"Clothesline","floor":15,"key":"SMITH"}],"neow_cost":"NONE","seed_source_timestamp":99420392988764,"circlet_count":0,"master_deck":["Strike_R+1","Strike_R+1","Strike_R+1","Defend_R","Defend_R","Defend_R","Defend_R","Bash+1","Cleave","Rampage+1","True Grit","Clothesline+1","True Grit","Iron Wave","Iron Wave","Barricade","Havoc+1"],"relics":["Burning Blood","Whetstone","Bottled Lightning","Kunai","Orichalcum","Runic Pyramid","Ornamental Fan"],"potions_floor_usage":[11,11,16,21],"damage_taken":[{"damage":8,"enemies":"2 Louse","floor":1,"turns":2},{"damage":0,"enemies":"Small Slimes","floor":4,"turns":3},{"damage":40,"enemies":"3 Sentries","floor":6,"turns":7},{"damage":6,"enemies":"Cultist","floor":8,"turns":3},{"damage":17,"enemies":"Gremlin Nob","floor":11,"turns":4},{"damage":8,"enemies":"Exordium Wildlife","floor":12,"turns":4},{"damage":0,"enemies":"2 Fungi Beasts","floor":13,"turns":2},{"damage":3,"enemies":"Gremlin Gang","floor":14,"turns":4},{"damage":41,"enemies":"The Guardian","floor":16,"turns":11},{"damage":27,"enemies":"2 Thieves","floor":18,"turns":4},{"damage":37,"enemies":"Spheric Guardian","floor":19,"turns":6},{"damage":11,"enemies":"Centurion and Healer","floor":21,"turns":3}],"seed_played":"-2289541608185027294","potions_obtained":[{"floor":4,"key":"Block Potion"},{"floor":8,"key":"Regen Potion"},{"floor":11,"key":"SmokeBomb"},{"floor":12,"key":"Energy Potion"},{"floor":18,"key":"Energy Potion"},{"floor":19,"key":"Poison Potion"}],"is_trial":false,"path_per_floor":["M","?","?","M","?","E","R","M","T","R","E","M","M","M","R","B",null,"M","M","?","M","?"],"character_chosen":"IRONCLAD","items_purchased":[],"campfire_rested":1,"item_purchase_floors":[],"current_hp_per_floor":[70,54,54,60,60,26,26,26,26,50,51,49,55,58,58,23,66,45,14,14,9,0],"gold":266,"neow_bonus":"RANDOM_COMMON_RELIC","is_prod":false,"is_daily":false,"chose_seed":false,"campfire_upgraded":2,"win_rate":0,"timestamp":1545494682,"path_taken":["M","?","?","M","?","E","R","M","T","R","E","M","M","M","R","BOSS","M","M","?","M","?"],"build_version":"2018-12-20","purchased_purges":0,"victory":false,"max_hp_per_floor":[80,80,80,80,80,80,80,80,80,80,80,80,80,80,80,80,80,80,80,80,80,85],"card_choices":[{"not_picked":["True Grit","Warcry"],"picked":"Cleave","floor":1},{"not_picked":["Evolve","Whirlwind"],"picked":"Rampage","floor":4},{"not_picked":["Rupture","Rage"],"picked":"True Grit","floor":6},{"not_picked":["Uppercut","Hemokinesis","Clothesline"],"picked":"SKIP","floor":8},{"not_picked":["Inflame","Combust"],"picked":"Clothesline","floor":11},{"not_picked":["Heavy Blade","Twin Strike"],"picked":"True Grit","floor":12},{"not_picked":["Impervious","True Grit"],"picked":"Iron Wave","floor":13},{"not_picked":["Twin Strike","Pommel Strike"],"picked":"Iron Wave","floor":14},{"not_picked":["Berserk","Immolate"],"picked":"Barricade","floor":16},{"not_picked":["Clash","Twin Strike","Heavy Blade"],"picked":"SKIP","floor":18},{"not_picked":["Twin Strike+1","Wild Strike"],"picked":"Havoc+1","floor":19}],"player_experience":317635,"relics_obtained":[{"floor":6,"key":"Bottled Lightning"},{"floor":9,"key":"Kunai"},{"floor":11,"key":"Orichalcum"}],"event_choices":[{"damage_healed":0,"gold_gain":0,"player_choice":"Entered Light","damage_taken":16,"max_hp_gain":0,"max_hp_loss":0,"event_name":"Shining Light","floor":2,"gold_loss":0,"cards_upgraded":["Strike_R","Strike_R"]},{"cards_removed":["Strike_R"],"damage_healed":0,"gold_gain":0,"player_choice":"Forget","damage_taken":0,"max_hp_gain":0,"max_hp_loss":0,"event_name":"Living Wall","floor":3,"gold_loss":0},{"cards_removed":["Strike_R"],"damage_healed":0,"gold_gain":0,"player_choice":"Offered Basic","damage_taken":0,"max_hp_gain":0,"max_hp_loss":0,"event_name":"Bonfire Elementals","floor":5,"gold_loss":0},{"damage_healed":0,"gold_gain":0,"player_choice":"Obtained Relic","damage_taken":0,"relics_obtained":["Ornamental Fan"],"max_hp_gain":0,"max_hp_loss":0,"event_name":"Addict","floor":20,"gold_loss":85}],"is_beta":false,"boss_relics":[{"not_picked":["Cursed Key","Busted Crown"],"picked":"Runic Pyramid"}],"items_purged_floors":[],"is_endless":false,"potions_floor_spawned":[4,8,11,12,18,19,21],"ascension_level":7}