{"gold_per_floor":[117,135,148,148,171,171,202,202,202,235,235,253,282,302,302,373,373,390,390,79,79,79,79,108,108,154,169,169,189,217,217],"floor_reached":31,"playtime":2115,"items_purged":["Writhe"],"score":563,"play_id":"bb0fea69-2bcd-4d97-a60f-29a367dac580","local_time":"20181115141141","is_ascension_mode":true,"campfire_choices":[{"data":"Poisoned Stab","floor":6.0,"key":"SMITH"},{"data":"Well Laid Plans","floor":8.0,"key":"SMITH"},{"floor":11.0,"key":"REST"},{"data":"Footwork","floor":15.0,"key":"SMITH"},{"floor":23.0,"key":"REST"},{"floor":25.0,"key":"REST"},{"floor":28.0,"key":"REST"}],"neow_cost":"NONE","seed_source_timestamp":0,"circlet_count":0,"master_deck":["AscendersBane","Defend_G","Defend_G","Defend_G","Defend_G","Strike_G","Strike_G+1","Strike_G+1","Survivor","Neutralize","Well Laid Plans+1","Dagger Throw","Poisoned Stab+1","Venomology","Footwork+1","Dagger Spray","Envenom","Tactician+1","Cloak And Dagger+1","Terror+1","Deadly Poison","Noxious Fumes","Leg Sweep","Dash","Prepared+1","Catalyst","Crippling Poison"],"special_seed":0,"relics":["Ring of the Snake","Whetstone","Mummified Hand","Singing Bowl","Pear","Pantograph","Astrolabe","Omamori","Question Card","Art of War","StoneCalendar"],"potions_floor_usage":[29],"damage_taken":[{"damage":12.0,"enemies":"Jaw Worm","floor":1.0,"turns":8.0},{"damage":0.0,"enemies":"2 Louse","floor":2.0,"turns":3.0},{"damage":1.0,"enemies":"Cultist","floor":3.0,"turns":4.0},{"damage":10.0,"enemies":"Gremlin Nob","floor":7.0,"turns":3.0},{"damage":32.0,"enemies":"Lagavulin","floor":10.0,"turns":6.0},{"damage":8.0,"enemies":"3 Louse","floor":12.0,"turns":7.0},{"damage":16.0,"enemies":"Gremlin Nob","floor":13.0,"turns":5.0},{"damage":10.0,"enemies":"Looter","floor":14.0,"turns":4.0},{"damage":22.0,"enemies":"Hexaghost","floor":16.0,"turns":10.0},{"damage":8.0,"enemies":"3 Byrds","floor":18.0,"turns":5.0},{"damage":69.0,"enemies":"Slavers","floor":24.0,"turns":11.0},{"damage":6.0,"enemies":"Chosen","floor":27.0,"turns":5.0},{"damage":13,"enemies":"Sentry and Sphere","floor":29,"turns":6},{"damage":35,"enemies":"Book of Stabbing","floor":30,"turns":6},{"damage":12,"enemies":"Snecko","floor":31,"turns":3}],"seed_played":"-624786606903363902","potions_obtained":[{"floor":0.0,"key":"Poison Potion"},{"floor":0.0,"key":"Strength Potion"},{"floor":7.0,"key":"Ancient Potion"},{"floor":14.0,"key":"SpeedPotion"},{"floor":24.0,"key":"SpeedPotion"}],"is_trial":false,"path_per_floor":["M","M","M","?","T","R","E","R","T","E","R","M","E","M","R","B",null,"M","?","$","?","$","R","E","R","T","M","R","M","E","M"],"character_chosen":"THE_SILENT","items_purchased":["Noxious Fumes","Leg Sweep","Dash"],"campfire_rested":4,"item_purchase_floors":[20,20,20],"current_hp_per_floor":[47,47,46,51,51,51,41,41,41,21,45,52,36,28,28,31,72,64,64,64,39,39,66,9,36,36,30,57,44,11,0],"gold":217,"neow_bonus":"THREE_SMALL_POTIONS","is_prod":false,"is_daily":false,"chose_seed":false,"campfire_upgraded":3,"win_rate":0,"timestamp":1542319901,"path_taken":["M","M","M","?","?","R","E","R","T","E","R","M","E","M","R","BOSS","M","?","$","?","?","R","E","R","T","?","R","M","E","M"],"build_version":"2018-11-08","purchased_purges":1,"victory":false,"max_hp_per_floor":[66,66,66,71,71,71,71,71,71,83,83,83,83,85,85,85,85,85,85,85,90,90,90,90,90,90,90,90,90,92,92],"card_choices":[{"not_picked":["Flying Knee","Quick Slash"],"picked":"Well Laid Plans","floor":1.0},{"not_picked":["Slice","Reflex"],"picked":"Dagger Throw","floor":2.0},{"not_picked":["Cloak And Dagger","Blade Dance"],"picked":"Poisoned Stab","floor":3.0},{"not_picked":["Dagger Throw","Sucker Punch"],"picked":"Venomology","floor":7.0},{"not_picked":["Sucker Punch","Setup","PiercingWail"],"picked":"Singing Bowl","floor":10.0},{"not_picked":["Deflect","Bouncing Flask"],"picked":"Footwork","floor":12.0},{"not_picked":["Venomology","Die Die Die"],"picked":"Dagger Spray","floor":13.0},{"not_picked":["Expertise","Skewer","Underhanded Strike"],"picked":"Singing Bowl","floor":14.0},{"not_picked":["Tools of the Trade","Grand Finale"],"picked":"Envenom","floor":16.0},{"not_picked":["Underhanded Strike","Outmaneuver"],"picked":"Deadly Poison","floor":18.0},{"not_picked":["Eviscerate+1","Die Die Die"],"picked":"Prepared+1","floor":24.0},{"not_picked":["Masterful Stab","Eviscerate","Prepared"],"picked":"Catalyst","floor":27.0},{"not_picked":["Deadly Poison","Skewer","Finisher+1"],"picked":"Crippling Poison","floor":29},{"not_picked":["Eviscerate","Sucker Punch","All Out Attack","Flying Knee"],"picked":"Singing Bowl","floor":30}],"player_experience":1300060,"relics_obtained":[{"floor":5.0,"key":"Whetstone"},{"floor":7.0,"key":"Mummified Hand"},{"floor":9.0,"key":"Singing Bowl"},{"floor":10.0,"key":"Pear"},{"floor":13.0,"key":"Pantograph"},{"floor":24.0,"key":"Question Card"},{"floor":26.0,"key":"Art of War"},{"floor":30,"key":"StoneCalendar"}],"event_choices":[{"damage_healed":0.0,"max_hp_gain":5.0,"max_hp_loss":0.0,"gold_gain":0.0,"event_name":"Big Fish","player_choice":"Donut","floor":4.0,"gold_loss":0.0,"damage_taken":0.0},{"damage_healed":0.0,"max_hp_gain":0.0,"max_hp_loss":0.0,"gold_gain":0.0,"event_name":"The Mausoleum","player_choice":"Opened","floor":19.0,"gold_loss":0.0,"damage_taken":0.0,"relics_obtained":["Omamori"],"cards_obtained":["Writhe"]},{"damage_healed":0.0,"max_hp_gain":5.0,"max_hp_loss":0.0,"gold_gain":0.0,"event_name":"Forgotten Altar","player_choice":"Shed Blood","floor":21.0,"gold_loss":0.0,"damage_taken":30.0}],"is_beta":false,"boss_relics":[{"not_picked":["WristBlade","Coffee Dripper"],"picked":"Astrolabe"}],"items_purged_floors":[20],"is_endless":false,"potions_floor_spawned":[1,7,12,14,24,30],"killed_by":"Snecko","ascension_level":17}