{"gold_per_floor":[16,36,56,67,80,115,134,134,434,464,464,464,503,517,517,645,645,664,589,605,623,548,548],"floor_reached":23,"playtime":1313,"items_purged":[],"score":215,"play_id":"6e0ce34a-52f8-4b15-bf0b-1eb4e24fe099","local_time":"20180822080241","is_ascension_mode":false,"campfire_choices":[{"floor":11.0,"key":"REST"},{"floor":15.0,"key":"REST"}],"neow_cost":"NO_GOLD","seed_source_timestamp":0,"circlet_count":0,"master_deck":["Defend_G+1","Defend_G","Defend_G","Strike_G","Strike_G","Survivor","Neutralize+1","Dagger Spray","Slice","Adrenaline","Deflect","Sucker Punch","Sucker Punch","Deadly Poison","Prepared","Footwork","Poisoned Stab","After Image","Poisoned Stab","Backstab","Deadly Poison","Skewer"],"special_seed":0,"relics":["Ring of the Snake","Dream Catcher","Old Coin","Calipers","Golden Idol","Question Card","Empty Cage"],"potions_floor_usage":[20],"damage_taken":[{"damage":0.0,"enemies":"2 Louse","floor":1.0,"turns":3.0},{"damage":5.0,"enemies":"Small Slimes","floor":2.0,"turns":3.0},{"damage":0.0,"enemies":"Jaw Worm","floor":3.0,"turns":4.0},{"damage":0.0,"enemies":"Blue Slaver","floor":4.0,"turns":4.0},{"damage":0.0,"enemies":"3 Louse","floor":5.0,"turns":3.0},{"damage":22.0,"enemies":"Gremlin Nob","floor":6.0,"turns":4.0},{"damage":6.0,"enemies":"Exordium Wildlife","floor":7.0,"turns":7.0},{"damage":11.0,"enemies":"Lagavulin","floor":10.0,"turns":8.0},{"damage":8.0,"enemies":"3 Sentries","floor":13.0,"turns":8.0},{"damage":2.0,"enemies":"2 Fungi Beasts","floor":14.0,"turns":3.0},{"damage":41.0,"enemies":"The Guardian","floor":16.0,"turns":14.0},{"damage":2,"enemies":"3 Byrds","floor":18,"turns":6},{"damage":16,"enemies":"2 Thieves","floor":19,"turns":5},{"damage":16,"enemies":"Sentry and Sphere","floor":20,"turns":6},{"damage":6,"enemies":"Centurion and Healer","floor":21,"turns":7},{"damage":28,"enemies":"Gremlin Leader","floor":23,"turns":6}],"seed_played":"2618472943120835980","potions_obtained":[{"floor":2.0,"key":"Ancient Potion"},{"floor":4.0,"key":"LiquidBronze"},{"floor":5.0,"key":"Ancient Potion"},{"floor":10.0,"key":"Dexterity Potion"},{"floor":18,"key":"Dexterity Potion"}],"is_trial":false,"path_per_floor":["M","M","M","M","M","E","M","?","T","E","R","?","E","M","R","B",null,"M","M","M","M","?"],"character_chosen":"THE_SILENT","items_purchased":[],"campfire_rested":2,"item_purchase_floors":[],"current_hp_per_floor":[70,65,65,65,65,43,37,23,23,12,33,33,25,23,42,1,65,63,47,31,25,25,0],"gold":548,"neow_bonus":"REMOVE_TWO","is_prod":false,"is_daily":false,"chose_seed":false,"campfire_upgraded":0,"win_rate":0.0,"timestamp":1534917761,"path_taken":["M","M","M","M","M","E","M","?","T","E","R","?","E","M","R","BOSS","M","M","M","M","?","E"],"build_version":"2018-08-20","purchased_purges":0,"victory":false,"max_hp_per_floor":[70,70,70,70,70,70,70,70,70,70,70,65,65,65,65,65,65,65,65,65,65,65,65],"card_choices":[{"not_picked":["Blade Dance","Slice"],"picked":"Dagger Spray","floor":1.0},{"not_picked":["Dash","Caltrops"],"picked":"Slice","floor":2.0},{"not_picked":["Underhanded Strike","PiercingWail","Caltrops"],"picked":"SKIP","floor":3.0},{"not_picked":["Crippling Poison","Endless Agony","Caltrops"],"picked":"SKIP","floor":4.0},{"not_picked":["Underhanded Strike","Dagger Spray"],"picked":"Adrenaline","floor":5.0},{"not_picked":["All Out Attack","Doppelganger"],"picked":"Deflect","floor":6.0},{"not_picked":["Reflex","Choke"],"picked":"Sucker Punch","floor":7.0},{"not_picked":["Footwork","Poisoned Stab"],"picked":"Sucker Punch","floor":10.0},{"not_picked":["Endless Agony","Outmaneuver"],"picked":"Deadly Poison","floor":11.0},{"not_picked":["Predator","Cloak And Dagger"],"picked":"Prepared","floor":13.0},{"not_picked":["Backflip","A Thousand Cuts","Expertise"],"picked":"Footwork","floor":14.0},{"not_picked":["Flechettes","PiercingWail","Accuracy"],"picked":"Poisoned Stab","floor":15.0},{"not_picked":["Corpse Explosion","Doppelganger","Malaise"],"picked":"After Image","floor":16.0},{"not_picked":["Bane+1","Infinite Blades","Dagger Spray"],"picked":"Poisoned Stab","floor":18},{"not_picked":["Outmaneuver+1","Riddle With Holes","Terror"],"picked":"Backstab","floor":19},{"not_picked":["Predator","Blade Dance","Prepared"],"picked":"Deadly Poison","floor":20},{"not_picked":["Flechettes","Expertise+1","Reflex+1"],"picked":"Skewer","floor":21}],"player_experience":31756,"relics_obtained":[{"floor":6.0,"key":"Dream Catcher"},{"floor":9.0,"key":"Old Coin"},{"floor":10.0,"key":"Calipers"},{"floor":13.0,"key":"Question Card"}],"event_choices":[{"event_name":"Shining Light","player_choice":"Entered Light","floor":8.0,"damage_taken":0.0},{"event_name":"Golden Idol","player_choice":"Lose Max HP","floor":12.0,"damage_taken":0.0},{"event_name":"Beggar","player_choice":"Gave Gold","floor":22,"damage_taken":0}],"is_beta":true,"boss_relics":[{"not_picked":["Coffee Dripper","Runic Pyramid"],"picked":"Empty Cage"}],"items_purged_floors":[],"is_endless":false,"potions_floor_spawned":[2,4,5,10,18],"killed_by":"Gremlin Leader","ascension_level":0}