{"gold_per_floor":[115,126,136,154,154,189,201,213,251,263,275],"floor_reached":11,"playtime":334,"items_purged":[],"score":146,"play_id":"8a02b767-3ace-497a-909a-ca8d2227b072","local_time":"20181105030725","is_ascension_mode":true,"campfire_choices":[{"data":"Shockwave","floor":8,"key":"SMITH"},{"data":"Clothesline","floor":10,"key":"SMITH"}],"neow_cost":"TEN_PERCENT_HP_LOSS","seed_source_timestamp":643239703628803,"circlet_count":0,"master_deck":["Strike_R","Strike_R","Strike_R","Strike_R","Strike_R","Defend_R","Defend_R","Defend_R","Defend_R","Bash+1","AscendersBane","Shockwave+1","Pommel Strike","Reaper","Clothesline+1"],"relics":["Burning Blood","Du-Vu Doll","MawBank","Smiling Mask"],"potions_floor_usage":[6,6],"damage_taken":[{"damage":2,"enemies":"2 Louse","floor":1,"turns":3},{"damage":1,"enemies":"Cultist","floor":2,"turns":3},{"damage":4,"enemies":"Jaw Worm","floor":3,"turns":3},{"damage":7,"enemies":"Large Slime","floor":4,"turns":5},{"damage":60,"enemies":"3 Sentries","floor":6,"turns":11},{"damage":52,"enemies":"Lagavulin","floor":11,"turns":6}],"seed_played":"2343143548275666242","potions_obtained":[{"floor":1,"key":"GamblersBrew"},{"floor":3,"key":"Regen Potion"}],"is_trial":false,"path_per_floor":["M","M","M","M","?","E","$","R","T","R","E"],"character_chosen":"IRONCLAD","items_purchased":[],"campfire_rested":0,"item_purchase_floors":[],"current_hp_per_floor":[68,68,68,67,67,38,38,38,38,38,0],"gold":275,"neow_bonus":"ONE_RARE_RELIC","is_prod":false,"is_daily":false,"chose_seed":false,"campfire_upgraded":2,"win_rate":0,"timestamp":1541405245,"path_taken":["M","M","M","M","?","E","?","R","T","R","E"],"build_version":"2018-10-30","purchased_purges":0,"victory":false,"max_hp_per_floor":[68,68,68,68,68,68,68,68,68,68,68],"card_choices":[{"not_picked":["Pommel Strike","Perfected Strike"],"picked":"Shockwave","floor":1},{"not_picked":["Rage","Perfected Strike","Infernal Blade"],"picked":"SKIP","floor":2},{"not_picked":["Infernal Blade","Flex"],"picked":"Pommel Strike","floor":3},{"not_picked":["Perfected Strike","Wild Strike"],"picked":"Reaper","floor":4},{"not_picked":["Thunderclap","Twin Strike"],"picked":"Clothesline","floor":6}],"player_experience":921339,"relics_obtained":[{"floor":6,"key":"MawBank"},{"floor":9,"key":"Smiling Mask"}],"event_choices":[{"damage_healed":0,"gold_gain":0,"player_choice":"Upgraded","damage_taken":0,"max_hp_gain":0,"max_hp_loss":0,"event_name":"Upgrade Shrine","floor":5,"gold_loss":0,"cards_upgraded":["Bash"]}],"is_beta":true,"boss_relics":[],"items_purged_floors":[],"is_endless":false,"potions_floor_spawned":[1,3],"killed_by":"Lagavulin","ascension_level":20}