{"gold_per_floor":[111,111,111,36,36,36,107,107,154,168,12,28,28,98,98,98],"floor_reached":16,"playtime":642,"items_purged":["Strike_R"],"score":155,"play_id":"91fb7729-013e-4ce4-bbf1-b6e565bfe0e2","local_time":"20181216191727","is_ascension_mode":true,"campfire_choices":[{"floor":6,"key":"REST"},{"floor":8,"key":"REST"},{"floor":15,"key":"REST"}],"neow_cost":"NONE","seed_source_timestamp":2577134719940067,"circlet_count":0,"master_deck":["Strike_R","Strike_R","Strike_R","Strike_R","Defend_R","Defend_R+1","Defend_R","Defend_R","Bash","Purity+1","Pummel","Headbutt","Havoc","Limit Break","Parasite","Warcry"],"relics":["Burning Blood","Golden Idol","Tiny Chest","Strawberry","Oddly Smooth Stone","StoneCalendar"],"potions_floor_usage":[14,14,16],"damage_taken":[{"damage":7,"enemies":"Small Slimes","floor":1,"turns":5},{"damage":46,"enemies":"3 Sentries","floor":7,"turns":15},{"damage":5,"enemies":"2 Louse","floor":10,"turns":3},{"damage":10,"enemies":"Jaw Worm","floor":12,"turns":4},{"damage":56,"enemies":"Lagavulin Event","floor":14,"turns":7},{"damage":58,"enemies":"The Guardian","floor":16,"turns":6}],"seed_played":"854946680022063387","potions_obtained":[{"floor":1,"key":"Energy Potion"},{"floor":12,"key":"AttackPotion"},{"floor":14,"key":"Fruit Juice"}],"is_trial":false,"path_per_floor":["M","?","?","$","?","R","E","R","T","M","$","M","?","?","R","B"],"character_chosen":"IRONCLAD","items_purchased":["Oddly Smooth Stone"],"campfire_rested":3,"item_purchase_floors":[11],"current_hp_per_floor":[71,76,55,55,38,63,23,48,55,56,56,52,75,25,52,0],"gold":98,"neow_bonus":"RANDOM_COLORLESS","is_prod":false,"is_daily":false,"chose_seed":false,"campfire_upgraded":0,"win_rate":0,"timestamp":1545009447,"path_taken":["M","?","?","$","?","R","E","R","T","?","?","M","?","?","R","BOSS"],"build_version":"2018-12-13","purchased_purges":1,"victory":false,"max_hp_per_floor":[80,85,85,85,85,85,85,85,92,92,92,92,92,92,92,97],"card_choices":[{"not_picked":["Twin Strike","Battle Trance"],"picked":"Pummel","floor":1},{"not_picked":["Entrench","Corruption"],"picked":"Headbutt","floor":7},{"not_picked":["Flex","Inflame"],"picked":"Havoc","floor":10},{"not_picked":["Sword Boomerang","Body Slam"],"picked":"Limit Break","floor":12},{"not_picked":["Clothesline","Seeing Red"],"picked":"Warcry","floor":14}],"player_experience":309895,"relics_obtained":[{"floor":7,"key":"Tiny Chest"},{"floor":9,"key":"Strawberry"}],"event_choices":[{"damage_healed":0,"gold_gain":0,"player_choice":"Donut","damage_taken":0,"max_hp_gain":5,"max_hp_loss":0,"event_name":"Big Fish","floor":2,"gold_loss":0},{"damage_healed":0,"gold_gain":0,"player_choice":"Take Damage","damage_taken":21,"relics_obtained":["Golden Idol"],"max_hp_gain":0,"max_hp_loss":0,"event_name":"Golden Idol","floor":3,"gold_loss":0},{"damage_healed":0,"gold_gain":0,"player_choice":"Entered Light","damage_taken":17,"max_hp_gain":0,"max_hp_loss":0,"event_name":"Shining Light","floor":5,"gold_loss":0,"cards_upgraded":["Purity","Defend_R"]},{"damage_healed":23,"gold_gain":0,"player_choice":"Healed and dodged fight","damage_taken":0,"max_hp_gain":0,"max_hp_loss":0,"event_name":"Mushrooms","floor":13,"gold_loss":0,"cards_obtained":["Parasite"]},{"damage_healed":0,"gold_gain":0,"player_choice":"Searched \u00272\u0027 times","damage_taken":0,"relics_obtained":["StoneCalendar"],"max_hp_gain":0,"max_hp_loss":0,"event_name":"Dead Adventurer","floor":14,"gold_loss":0}],"is_beta":false,"boss_relics":[],"items_purged_floors":[4],"is_endless":false,"potions_floor_spawned":[1,12,14],"killed_by":"The Guardian","ascension_level":7}