{"gold_per_floor":[111,23,23,23,23,23,23,38,38,53,81,94,18,36,36,137,137,154,117,136,154,164,198,211,211,234,234,234,111,127,127,127,230,230,248,248,264,279,299,299,299,299,299,329,345,445,445,370,370,370],"floor_reached":51,"playtime":5340,"items_purged":["Writhe"],"score":662,"play_id":"37baf656-25f0-43fc-a65e-04347c9279e1","local_time":"20181122202014","is_ascension_mode":false,"campfire_choices":[{"floor":6,"key":"REST"},{"floor":15,"key":"REST"},{"floor":25,"key":"REST"},{"floor":28,"key":"REST"},{"floor":32,"key":"REST"},{"floor":40,"key":"REST"},{"floor":42,"key":"REST"},{"floor":49,"key":"REST"}],"neow_cost":"NONE","seed_source_timestamp":79031436974736,"circlet_count":0,"master_deck":["Strike_R","Strike_R","Strike_R","Strike_R","Strike_R","Defend_R","Defend_R","Defend_R","Defend_R","Bash","Shrug It Off+1","Discovery","Armaments","Thunderclap","Perfected Strike","Pommel Strike","Fiend Fire","Offering","Iron Wave+1","Rage","Seeing Red","Headbutt+1","Battle Trance+1","Rampage+1","Infernal Blade","Cleave","Metallicize","Pommel Strike","Demon Form","Cleave+1","Dropkick+1","Iron Wave+1","Thunderclap","Reaper","Parasite","Bloodletting+1","Ghostly Armor+1"],"relics":["Fusion Hammer","FossilizedHelix","Mercury Hourglass","Velvet Choker","Incense Burner","Bronze Scales","Nilry\u0027s Codex","Nloth\u0027s Gift","Runic Cube","Matryoshka","Lantern","Magic Flower","Kunai"],"potions_floor_usage":[16,50],"damage_taken":[{"damage":0,"enemies":"Cultist","floor":1,"turns":3},{"damage":0,"enemies":"Small Slimes","floor":8,"turns":4},{"damage":0,"enemies":"Jaw Worm","floor":10,"turns":3},{"damage":0,"enemies":"The Mushroom Lair","floor":11,"turns":3},{"damage":0,"enemies":"Looter","floor":12,"turns":2},{"damage":0,"enemies":"2 Fungi Beasts","floor":14,"turns":2},{"damage":55,"enemies":"Hexaghost","floor":16,"turns":10},{"damage":0,"enemies":"3 Byrds","floor":18,"turns":4},{"damage":10,"enemies":"2 Thieves","floor":20,"turns":3},{"damage":3,"enemies":"Centurion and Healer","floor":21,"turns":5},{"damage":8,"enemies":"3 Cultists","floor":22,"turns":5},{"damage":35,"enemies":"Slavers","floor":23,"turns":5},{"damage":0,"enemies":"Snake Plant","floor":24,"turns":2},{"damage":15,"enemies":"Snecko","floor":30,"turns":5},{"damage":42,"enemies":"Champ","floor":33,"turns":11},{"damage":27,"enemies":"3 Darklings","floor":35,"turns":3},{"damage":21,"enemies":"3 Shapes","floor":37,"turns":5},{"damage":0,"enemies":"Maw","floor":38,"turns":7},{"damage":22,"enemies":"Spire Growth","floor":39,"turns":4},{"damage":57,"enemies":"Giant Head","floor":44,"turns":8},{"damage":0,"enemies":"Writhing Mass","floor":45,"turns":5},{"damage":0,"enemies":"Mind Bloom Boss Battle","floor":46,"turns":8},{"damage":60,"enemies":"Awakened One","floor":50,"turns":11}],"seed_played":"678744354690398175","potions_obtained":[{"floor":8,"key":"SkillPotion"},{"floor":11,"key":"Strength Potion"},{"floor":12,"key":"PowerPotion"},{"floor":14,"key":"EssenceOfSteel"},{"floor":16,"key":"Dexterity Potion"},{"floor":20,"key":"LiquidBronze"},{"floor":23,"key":"Dexterity Potion"},{"floor":30,"key":"EssenceOfSteel"},{"floor":35,"key":"Fire Potion"}],"is_trial":false,"path_per_floor":["M","$","?","?","?","R","$","M","T","M","?","M","$","M","R","B",null,"M","$","M","M","M","E","M","R","T","?","R","$","M","?","R","B",null,"M","$","M","M","M","R","?","R","T","E","M","?","?","$","R","B",null],"character_chosen":"IRONCLAD","items_purchased":["Discovery","Fiend Fire","Rage","Cleave","Metallicize"],"campfire_rested":8,"item_purchase_floors":[2,13,19,29,29],"current_hp_per_floor":[80,80,62,62,62,80,80,80,80,80,80,80,80,80,80,25,80,80,80,70,67,59,24,24,48,48,32,56,56,41,41,65,23,80,53,53,32,32,10,34,54,78,78,21,21,37,37,37,61,19],"gold":370,"neow_bonus":"BOSS_RELIC","is_prod":false,"is_daily":false,"chose_seed":false,"campfire_upgraded":0,"win_rate":0.0,"timestamp":1542936014,"path_taken":["M","?","?","?","?","R","$","M","T","M","?","M","$","?","R","BOSS","M","$","M","M","M","E","M","R","T","?","R","$","M","?","R","BOSS","M","$","M","?","M","R","?","R","T","E","M","?","?","$","R","BOSS"],"build_version":"2018-11-15","purchased_purges":1,"victory":true,"max_hp_per_floor":[80,80,80,80,80,80,80,80,80,80,80,80,80,80,80,80,80,80,80,80,80,80,80,80,80,80,80,80,80,80,80,80,80,80,80,80,80,80,80,80,80,80,80,80,80,80,80,80,80,80],"card_choices":[{"not_picked":["Clash","Iron Wave"],"picked":"Shrug It Off","floor":1},{"not_picked":["Disarm","Sword Boomerang"],"picked":"Armaments","floor":8},{"not_picked":["True Grit","Armaments"],"picked":"Thunderclap","floor":10},{"not_picked":["Flex","Infernal Blade"],"picked":"Perfected Strike","floor":11},{"not_picked":["Power Through","Clash"],"picked":"Pommel Strike","floor":12},{"not_picked":["Barricade","Shrug It Off"],"picked":"Twin Strike","floor":14},{"not_picked":["Bludgeon","Fiend Fire"],"picked":"Offering","floor":16},{"not_picked":["Hemokinesis","Flex"],"picked":"Iron Wave+1","floor":18},{"not_picked":["Burning Pact+1","Anger"],"picked":"Seeing Red","floor":20},{"not_picked":["Intimidate+1","Twin Strike+1"],"picked":"Headbutt+1","floor":21},{"not_picked":["Body Slam","Perfected Strike"],"picked":"Battle Trance+1","floor":22},{"not_picked":["Combust","Juggernaut"],"picked":"Rampage+1","floor":23},{"not_picked":["Bloodletting+1","Seeing Red"],"picked":"Infernal Blade","floor":24},{"not_picked":["Bloodletting","Sword Boomerang"],"picked":"Pommel Strike","floor":30},{"not_picked":["Brutality","Bludgeon"],"picked":"Demon Form","floor":33},{"not_picked":["Iron Wave","Sword Boomerang+1"],"picked":"Cleave+1","floor":35},{"not_picked":["Body Slam","Seeing Red+1"],"picked":"Dropkick+1","floor":37},{"not_picked":["Disarm","True Grit"],"picked":"Iron Wave+1","floor":38},{"not_picked":["Warcry","Anger"],"picked":"Thunderclap","floor":39},{"not_picked":["Warcry+1","Clothesline"],"picked":"Reaper","floor":44},{"not_picked":["Burning Pact+1","Headbutt"],"picked":"Bloodletting+1","floor":45},{"not_picked":["Rage","Cleave"],"picked":"Ghostly Armor+1","floor":46}],"player_experience":1685,"relics_obtained":[{"floor":9,"key":"Mercury Hourglass"},{"floor":11,"key":"Odd Mushroom"},{"floor":23,"key":"Incense Burner"},{"floor":26,"key":"Bronze Scales"},{"floor":27,"key":"Nilry\u0027s Codex"},{"floor":43,"key":"Matryoshka"},{"floor":44,"key":"Lantern"},{"floor":46,"key":"Magic Flower"}],"event_choices":[{"damage_healed":0,"gold_gain":0,"player_choice":"Success","damage_taken":18,"relics_obtained":["FossilizedHelix"],"max_hp_gain":0,"max_hp_loss":0,"event_name":"Scrap Ooze","floor":3,"gold_loss":0},{"damage_healed":0,"gold_gain":0,"player_choice":"Ignored","damage_taken":0,"max_hp_gain":0,"max_hp_loss":0,"event_name":"Golden Wing","floor":4,"gold_loss":0},{"damage_healed":0,"gold_gain":0,"player_choice":"Grow","damage_taken":0,"max_hp_gain":0,"max_hp_loss":0,"event_name":"Living Wall","floor":5,"gold_loss":0,"cards_upgraded":["Shrug It Off"]},{"damage_healed":0,"gold_gain":0,"player_choice":"Fought Mushrooms","damage_taken":0,"max_hp_gain":0,"max_hp_loss":0,"event_name":"Mushrooms","floor":11,"gold_loss":0},{"damage_healed":0,"gold_gain":0,"player_choice":"Obtained Book","damage_taken":16,"max_hp_gain":0,"max_hp_loss":0,"event_name":"Cursed Tome","floor":27,"gold_loss":0},{"damage_healed":0,"gold_gain":0,"player_choice":"Traded Relic","damage_taken":0,"relics_obtained":["Nloth\u0027s Gift"],"max_hp_gain":0,"max_hp_loss":0,"event_name":"N\u0027loth","floor":31,"relics_lost":["Odd Mushroom"],"gold_loss":0},{"damage_healed":20,"gold_gain":0,"player_choice":"Writhe","damage_taken":0,"max_hp_gain":0,"max_hp_loss":0,"event_name":"Winding Halls","floor":41,"gold_loss":0,"cards_obtained":["Writhe"]},{"damage_healed":0,"gold_gain":0,"player_choice":"Fight","damage_taken":0,"max_hp_gain":0,"max_hp_loss":0,"event_name":"MindBloom","floor":46,"gold_loss":0},{"cards_removed":["Twin Strike"],"damage_healed":0,"gold_gain":0,"player_choice":"Gave Card","damage_taken":0,"relics_obtained":["Kunai"],"max_hp_gain":0,"max_hp_loss":0,"event_name":"WeMeetAgain","floor":47,"gold_loss":0}],"is_beta":false,"boss_relics":[{"not_picked":["Ectoplasm","Busted Crown"],"picked":"Velvet Choker"},{"not_picked":["Empty Cage","Coffee Dripper"],"picked":"Runic Cube"}],"items_purged_floors":[48],"is_endless":false,"potions_floor_spawned":[8,11,12,14,16,20,23,30,33,35,44,45],"ascension_level":0}