{"gold_per_floor":[115,190,115,215,231,257,257,257,257,257,19,38,48,62,62,138,138,150,150,150,62,58,84,100,100],"floor_reached":25,"playtime":765,"items_purged":[],"score":492,"play_id":"2f27889a-4ed9-4d4e-90a6-bb2e91f51c5e","local_time":"20181209153333","is_ascension_mode":true,"campfire_choices":[{"data":"Armaments","floor":8,"key":"SMITH"},{"data":"Bash","floor":10,"key":"SMITH"},{"data":"Havoc","floor":15,"key":"SMITH"}],"neow_cost":"NONE","seed_source_timestamp":180313379727494,"circlet_count":0,"master_deck":["AscendersBane","Strike_R","Strike_R","Strike_R","Strike_R","Strike_R","Defend_R+1","Defend_R+1","Defend_R","Bash+1","Armaments+1","Shrug It Off","Metallicize","Inflame","Carnage","Havoc+1","Sword Boomerang","Havoc","Flame Barrier","Flame Barrier","Juggernaut","Ghostly Armor","Necronomicurse","Shockwave","Intimidate","Barricade","Body Slam"],"relics":["Burning Blood","NeowsBlessing","Dream Catcher","Self Forming Clay","Runic Pyramid","Necronomicon","Bronze Scales"],"potions_floor_usage":[16,16,23,23,24],"damage_taken":[{"damage":0,"enemies":"2 Louse","floor":1,"turns":1},{"damage":0,"enemies":"Jaw Worm","floor":5,"turns":1},{"damage":0,"enemies":"Lagavulin","floor":6,"turns":1},{"damage":0,"enemies":"Cultist","floor":12,"turns":3},{"damage":10,"enemies":"3 Louse","floor":13,"turns":4},{"damage":11,"enemies":"Looter","floor":14,"turns":3},{"damage":12,"enemies":"The Guardian","floor":16,"turns":8},{"damage":4,"enemies":"3 Byrds","floor":18,"turns":3},{"damage":12,"enemies":"2 Thieves","floor":22,"turns":4},{"damage":17,"enemies":"Book of Stabbing","floor":23,"turns":5},{"damage":6,"enemies":"Snake Plant","floor":24,"turns":3},{"damage":30,"enemies":"Gremlin Leader","floor":25,"turns":5}],"seed_played":"5545018247524096047","potions_obtained":[{"floor":12,"key":"Dexterity Potion"},{"floor":13,"key":"PowerPotion"},{"floor":16,"key":"Strength Potion"},{"floor":20,"key":"EssenceOfSteel"},{"floor":23,"key":"LiquidBronze"}],"is_trial":false,"path_per_floor":["M","?","?","?","M","E","?","R","T","R","$","M","M","M","R","B",null,"M","?","?","$","M","E","M","E"],"character_chosen":"IRONCLAD","items_purchased":["Inflame","Carnage","Havoc","Sword Boomerang","Shockwave"],"campfire_rested":0,"item_purchase_floors":[11,11,11,11,21],"current_hp_per_floor":[74,63,63,63,69,75,52,52,52,52,52,58,54,49,49,43,67,69,48,48,48,42,31,31,1],"gold":100,"neow_bonus":"THREE_ENEMY_KILL","is_prod":false,"is_daily":false,"chose_seed":false,"campfire_upgraded":3,"win_rate":0,"timestamp":1544394813,"path_taken":["M","?","?","?","?","E","?","R","T","R","$","M","M","M","R","BOSS","M","?","?","$","M","E","M","E"],"build_version":"2018-12-06","purchased_purges":0,"victory":false,"max_hp_per_floor":[75,75,75,75,75,75,75,75,75,75,75,75,75,75,75,75,75,75,75,75,75,75,75,75,75],"card_choices":[{"not_picked":["Heavy Blade","Shrug It Off"],"picked":"Armaments","floor":1},{"not_picked":["Iron Wave","Pommel Strike"],"picked":"Shrug It Off","floor":5},{"not_picked":["Cleave","Berserk"],"picked":"Metallicize","floor":6},{"not_picked":["Perfected Strike","Entrench"],"picked":"Havoc","floor":12},{"not_picked":["Heavy Blade","Iron Wave"],"picked":"Flame Barrier","floor":13},{"not_picked":["Thunderclap","Evolve"],"picked":"Flame Barrier","floor":14},{"not_picked":["Impervious","Offering"],"picked":"Juggernaut","floor":16},{"not_picked":["Thunderclap","Wild Strike"],"picked":"Ghostly Armor","floor":18},{"not_picked":["Power Through","Sword Boomerang"],"picked":"Intimidate","floor":22},{"not_picked":["True Grit","Searing Blow"],"picked":"Barricade","floor":23},{"not_picked":["Wild Strike","Iron Wave"],"picked":"Body Slam","floor":24}],"player_experience":558975,"relics_obtained":[{"floor":6,"key":"Dream Catcher"},{"floor":9,"key":"Self Forming Clay"},{"floor":19,"key":"Necronomicon"},{"floor":23,"key":"Bronze Scales"}],"event_choices":[{"damage_healed":0,"gold_gain":75,"player_choice":"Gather Gold","damage_taken":11,"max_hp_gain":0,"max_hp_loss":0,"event_name":"World of Goop","floor":2,"gold_loss":0},{"cards_removed":["Defend_R"],"damage_healed":0,"gold_gain":0,"player_choice":"Card Removal","damage_taken":0,"max_hp_gain":0,"max_hp_loss":0,"event_name":"The Cleric","floor":3,"gold_loss":75},{"damage_healed":0,"gold_gain":100,"player_choice":"Gold","damage_taken":0,"max_hp_gain":0,"max_hp_loss":0,"event_name":"Wheel of Change","floor":4,"gold_loss":0},{"damage_healed":0,"gold_gain":0,"player_choice":"Entered Light","damage_taken":23,"max_hp_gain":0,"max_hp_loss":0,"event_name":"Shining Light","floor":7,"gold_loss":0,"cards_upgraded":["Defend_R","Defend_R"]},{"damage_healed":0,"gold_gain":0,"player_choice":"Obtained Book","damage_taken":21,"max_hp_gain":0,"max_hp_loss":0,"event_name":"Cursed Tome","floor":19,"gold_loss":0},{"damage_healed":0,"gold_gain":0,"player_choice":"Got Potions","damage_taken":0,"max_hp_gain":0,"max_hp_loss":0,"event_name":"Lab","floor":20,"gold_loss":0}],"is_beta":false,"boss_relics":[{"not_picked":["Runic Dome","White Beast Statue"],"picked":"Runic Pyramid"}],"items_purged_floors":[],"is_endless":false,"potions_floor_spawned":[12,13,16,22,23],"killed_by":"Gremlin Leader","ascension_level":20}