{"gold_per_floor":[110,185,185,185,200,232,232,232,232,232,249,266,266,301,301,378,378,389,389,127,142,159,159,159,190,241,6,6,6,6,38,38,110,110,128,128,128,143,57,57],"floor_reached":40,"playtime":1272,"items_purged":["Strike_B"],"score":770,"play_id":"026ed0cd-0977-468d-8a35-f3124b6d80d5","local_time":"20181221152952","is_ascension_mode":true,"campfire_choices":[{"floor":7.0,"key":"REST"},{"data":"Zap","floor":10.0,"key":"SMITH"},{"floor":13.0,"key":"REST"},{"data":"Sunder","floor":15.0,"key":"SMITH"},{"floor":24.0,"key":"REST"},{"floor":28.0,"key":"REST"},{"data":"Dualcast","floor":30.0,"key":"SMITH"},{"floor":32.0,"key":"REST"}],"neow_cost":"NONE","seed_source_timestamp":576394854200464,"circlet_count":0,"master_deck":["AscendersBane","Strike_B","Strike_B","Defend_B","Defend_B","Defend_B","Defend_B","Zap+1","Dualcast+1","Conserve Battery","Coolheaded","Sunder+1","Self Repair+1","Conserve Battery","Echo Form+1","Leap","All For One","Creative AI+1","Compile Driver","Echo Form+1","Capacitor+1","Hologram+1","Capacitor+1","Defragment+1"],"special_seed":0,"relics":["Cracked Core","Lantern","Letter Opener","Frozen Egg 2","Omamori","Cursed Key","Question Card","Shuriken","Oddly Smooth Stone","Blue Candle","Orrery"],"potions_floor_usage":[40],"damage_taken":[{"damage":1.0,"enemies":"Jaw Worm","floor":1.0,"turns":4.0},{"damage":3.0,"enemies":"2 Louse","floor":5.0,"turns":2.0},{"damage":21.0,"enemies":"Gremlin Nob","floor":6.0,"turns":4.0},{"damage":0.0,"enemies":"Small Slimes","floor":11.0,"turns":3.0},{"damage":13.0,"enemies":"Blue Slaver","floor":12.0,"turns":2.0},{"damage":6.0,"enemies":"Lagavulin","floor":14.0,"turns":8.0},{"damage":31.0,"enemies":"Slime Boss","floor":16.0,"turns":10.0},{"damage":31.0,"enemies":"3 Byrds","floor":18.0,"turns":4.0},{"damage":23.0,"enemies":"Chosen","floor":21.0,"turns":5.0},{"damage":18.0,"enemies":"3 Cultists","floor":22.0,"turns":6.0},{"damage":12.0,"enemies":"Slavers","floor":25.0,"turns":9.0},{"damage":29.0,"enemies":"Book of Stabbing","floor":31.0,"turns":7.0},{"damage":54.0,"enemies":"Champ","floor":33.0,"turns":12.0},{"damage":21,"enemies":"3 Shapes","floor":35,"turns":6},{"damage":16,"enemies":"Orb Walker","floor":38,"turns":6},{"damage":55,"enemies":"Reptomancer","floor":40,"turns":2}],"seed_played":"8863392447237605529","potions_obtained":[{"floor":1.0,"key":"PowerPotion"},{"floor":14.0,"key":"SneckoOil"},{"floor":21.0,"key":"Dexterity Potion"},{"floor":22.0,"key":"AttackPotion"},{"floor":35,"key":"SteroidPotion"},{"floor":38,"key":"Block Potion"}],"is_trial":false,"path_per_floor":["M","?","?","?","M","E","R","$","T","R","M","M","R","E","R","B",null,"M","?","$","M","M","?","R","E","T","$","R","?","R","E","R","B",null,"M","?","?","M","$","E"],"character_chosen":"DEFECT","items_purchased":["Question Card","Oddly Smooth Stone","Defragment+1"],"campfire_rested":5,"item_purchase_floors":[20,27,39],"current_hp_per_floor":[63,52,45,45,42,21,42,42,42,42,42,39,60,64,64,43,64,43,36,36,23,15,15,36,34,34,34,55,55,55,36,57,13,57,56,56,56,50,50,0],"gold":57,"neow_bonus":"RANDOM_COMMON_RELIC","is_prod":false,"is_daily":false,"chose_seed":false,"campfire_upgraded":3,"win_rate":0,"timestamp":1545431392,"path_taken":["M","?","?","?","M","E","R","?","T","R","?","M","R","E","R","BOSS","M","?","$","M","?","?","R","E","T","$","R","?","R","E","R","BOSS","M","?","?","M","?","E"],"build_version":"2018-12-20","purchased_purges":1,"victory":false,"max_hp_per_floor":[71,71,71,71,71,71,71,71,71,71,71,71,71,71,71,71,71,71,71,71,71,71,71,71,71,71,71,71,71,71,71,71,71,71,71,71,71,71,71,71],"card_choices":[{"not_picked":["Turbo","Fusion"],"picked":"Conserve Battery","floor":1.0},{"not_picked":["Ball Lightning","Fusion"],"picked":"Coolheaded","floor":5.0},{"not_picked":["Hello World","Turbo"],"picked":"Sunder","floor":6.0},{"not_picked":["Stack","Turbo"],"picked":"Self Repair+1","floor":11.0},{"not_picked":["Beam Cell","Sweeping Beam"],"picked":"Conserve Battery","floor":12.0},{"not_picked":["Fusion","Recycle","Redo"],"picked":"SKIP","floor":14.0},{"not_picked":["Fission","Multi-Cast"],"picked":"Echo Form+1","floor":16.0},{"not_picked":["Ball Lightning","Sweeping Beam","Beam Cell"],"picked":"SKIP","floor":18.0},{"not_picked":["Tempest","Lockon","Force Field"],"picked":"Leap","floor":21.0},{"not_picked":["Gash","Hologram+1","Consume","Heatsinks+1"],"picked":"SKIP","floor":22.0},{"not_picked":["Turbo","Stack","Go for the Eyes"],"picked":"All For One","floor":25.0},{"not_picked":["Sweeping Beam","Redo","Beam Cell+1","Sunder"],"picked":"SKIP","floor":31.0},{"not_picked":["Buffer+1","Thunder Strike","Rainbow"],"picked":"Creative AI+1","floor":33.0},{"not_picked":["Steam Power","Static Discharge+1","Conserve Battery+1"],"picked":"Go for the Eyes","floor":34.0},{"not_picked":["Fusion","Leap","Self Repair+1"],"picked":"Compile Driver","floor":34.0},{"not_picked":["Self Repair+1","Hologram","Gash"],"picked":"Echo Form+1","floor":34.0},{"not_picked":["Streamline","Cold Snap+1","Storm+1"],"picked":"Capacitor+1","floor":34.0},{"not_picked":["Sweeping Beam","Barrage","Beam Cell"],"picked":"Hologram+1","floor":34.0},{"not_picked":["Skim","Coolheaded","Rebound"],"picked":"Capacitor+1","floor":35},{"not_picked":["Turbo","Double Energy","Streamline","Stack"],"picked":"SKIP","floor":38}],"player_experience":729303,"relics_obtained":[{"floor":6.0,"key":"Letter Opener"},{"floor":9.0,"key":"Frozen Egg 2"},{"floor":14.0,"key":"Omamori"},{"floor":25.0,"key":"Shuriken"},{"floor":31.0,"key":"Blue Candle"}],"event_choices":[{"damage_healed":0.0,"max_hp_gain":0.0,"max_hp_loss":0.0,"gold_gain":75.0,"event_name":"World of Goop","player_choice":"Gather Gold","floor":2.0,"gold_loss":0.0,"damage_taken":11.0},{"cards_removed":["Strike_B"],"damage_healed":0.0,"max_hp_gain":0.0,"max_hp_loss":0.0,"gold_gain":0.0,"event_name":"Golden Wing","player_choice":"Card Removal","floor":3.0,"gold_loss":0.0,"damage_taken":7.0},{"damage_healed":0.0,"max_hp_gain":0.0,"max_hp_loss":0.0,"gold_gain":0.0,"event_name":"Shining Light","player_choice":"Ignored","floor":4.0,"gold_loss":0.0,"damage_taken":0.0},{"damage_healed":0.0,"max_hp_gain":0.0,"max_hp_loss":0.0,"gold_gain":0.0,"event_name":"Knowing Skull","player_choice":"","floor":19.0,"potions_obtained":[],"gold_loss":0.0,"damage_taken":7.0,"cards_obtained":[]},{"damage_healed":0.0,"max_hp_gain":0.0,"max_hp_loss":0.0,"gold_gain":0.0,"event_name":"Vampires","player_choice":"Ignored","floor":23.0,"gold_loss":0.0,"damage_taken":0.0},{"damage_healed":0.0,"max_hp_gain":0.0,"max_hp_loss":0.0,"gold_gain":0.0,"event_name":"Ghosts","player_choice":"Ignored","floor":29.0,"gold_loss":0.0,"damage_taken":0.0},{"damage_healed":0,"gold_gain":0,"player_choice":"Ignored","damage_taken":0,"max_hp_gain":0,"max_hp_loss":0,"event_name":"Tomb of Lord Red Mask","floor":36,"gold_loss":0},{"cards_removed":["Go for the Eyes"],"damage_healed":0,"gold_gain":0,"player_choice":"Removed Attack","damage_taken":0,"max_hp_gain":0,"max_hp_loss":0,"event_name":"Falling","floor":37,"gold_loss":0}],"is_beta":false,"boss_relics":[{"not_picked":["Snecko Eye","Coffee Dripper"],"picked":"Cursed Key"},{"not_picked":["Tiny House","Pandora\u0027s Box"],"picked":"Orrery"}],"items_purged_floors":[27],"is_endless":false,"potions_floor_spawned":[1,14,21,22,35,38],"killed_by":"Reptomancer","ascension_level":16}