{"gold_per_floor":[118,131,93,106,116,116,135,146,169,203,203,217,245,23,23,23],"floor_reached":16,"playtime":905,"items_purged":[],"score":189,"play_id":"e449f80f-53e8-48d0-9c40-871d506a6ca8","local_time":"20181206214035","is_ascension_mode":true,"campfire_choices":[{"data":"Combust","floor":6,"key":"SMITH"},{"floor":11,"key":"REST"},{"data":"Reaper","floor":15,"key":"SMITH"}],"neow_cost":"NONE","seed_source_timestamp":1085177103725042,"circlet_count":0,"master_deck":["Strike_R","Strike_R","Strike_R","Strike_R","Strike_R","Defend_R","Defend_R","Defend_R","Defend_R","Bash","Heavy Blade","Rupture","Rage","Combust+1","Juggernaut","Ghostly Armor","Havoc","Rampage","True Grit","Metallicize","Reaper+1","Metallicize"],"relics":["Burning Blood","Boot","Bag of Preparation","Blood Vial"],"potions_floor_usage":[5,16,16],"damage_taken":[{"damage":6,"enemies":"Cultist","floor":1,"turns":4},{"damage":3,"enemies":"2 Louse","floor":2,"turns":3},{"damage":14,"enemies":"Jaw Worm","floor":4,"turns":4},{"damage":13,"enemies":"Gremlin Gang","floor":5,"turns":3},{"damage":19,"enemies":"Exordium Thugs","floor":7,"turns":4},{"damage":14,"enemies":"Exordium Wildlife","floor":8,"turns":4},{"damage":26,"enemies":"Lagavulin","floor":10,"turns":6},{"damage":15,"enemies":"2 Fungi Beasts","floor":12,"turns":5},{"damage":34,"enemies":"Gremlin Nob","floor":13,"turns":5}],"seed_played":"-353456028298138978","potions_obtained":[{"floor":2,"key":"Explosive Potion"},{"floor":4,"key":"Dexterity Potion"},{"floor":8,"key":"Fire Potion"}],"is_trial":false,"path_per_floor":["M","M","$","M","M","R","M","M","T","E","R","M","E","$","R","B"],"character_chosen":"IRONCLAD","items_purchased":["Rage","Reaper","Metallicize"],"campfire_rested":1,"item_purchase_floors":[3,14,14],"current_hp_per_floor":[88,88,88,80,73,73,60,52,52,32,58,49,21,21,21,0],"gold":23,"neow_bonus":"TEN_PERCENT_HP_BONUS","is_prod":false,"is_daily":false,"chose_seed":false,"campfire_upgraded":2,"win_rate":0,"timestamp":1544150435,"path_taken":["M","M","$","M","M","R","M","M","T","E","R","M","E","$","R","BOSS"],"build_version":"2018-12-06","purchased_purges":0,"victory":false,"max_hp_per_floor":[88,88,88,88,88,88,88,88,88,88,88,88,88,88,88,88],"card_choices":[{"not_picked":["Warcry","Reckless Charge"],"picked":"Heavy Blade","floor":1},{"not_picked":["Clothesline","Body Slam"],"picked":"Rupture","floor":2},{"not_picked":["Body Slam","Infernal Blade"],"picked":"Combust","floor":4},{"not_picked":["Wild Strike","Bloodletting"],"picked":"Juggernaut","floor":5},{"not_picked":["Heavy Blade","Entrench"],"picked":"Ghostly Armor","floor":7},{"not_picked":["Dual Wield","Second Wind"],"picked":"Havoc","floor":8},{"not_picked":["Anger","Clash"],"picked":"Rampage","floor":10},{"not_picked":["Warcry","Perfected Strike"],"picked":"True Grit","floor":12},{"not_picked":["Body Slam","Flame Barrier"],"picked":"Metallicize","floor":13}],"player_experience":146440,"relics_obtained":[{"floor":9,"key":"Boot"},{"floor":10,"key":"Bag of Preparation"},{"floor":13,"key":"Blood Vial"}],"event_choices":[],"is_beta":false,"boss_relics":[],"items_purged_floors":[],"is_endless":false,"potions_floor_spawned":[2,4,8],"killed_by":"The Guardian","ascension_level":3}