{"gold_per_floor":[109,29,29,29,45,45,89,89,112,137,180,194,194,238,238,238],"floor_reached":16,"playtime":642,"items_purged":[],"score":142,"play_id":"1b750630-bd00-4ff3-8e41-333b9cef6bd2","local_time":"20190201004828","is_ascension_mode":true,"campfire_choices":[{"data":"Whirlwind","floor":6,"key":"SMITH"},{"floor":8,"key":"REST"},{"floor":15,"key":"REST"}],"neow_cost":"NONE","seed_source_timestamp":1836573205506296,"circlet_count":0,"master_deck":["Strike_R","Strike_R","Strike_R","Strike_R","Strike_R","Defend_R","Defend_R","Defend_R","Defend_R","Bash","Power Through","Impervious","Evolve","Injury","Whirlwind+1","True Grit","Shrug It Off","Wild Strike","Parasite","Shrug It Off"],"relics":["Burning Blood","Juzu Bracelet","Golden Idol","Ornamental Fan","Happy Flower","Matryoshka","Centennial Puzzle"],"potions_floor_usage":[7,11,11,14,16],"damage_taken":[{"damage":6,"enemies":"Cultist","floor":1,"turns":3},{"damage":11,"enemies":"Jaw Worm","floor":5,"turns":5},{"damage":50,"enemies":"Lagavulin","floor":7,"turns":6},{"damage":8,"enemies":"Small Slimes","floor":10,"turns":3},{"damage":24,"enemies":"Gremlin Nob","floor":11,"turns":4},{"damage":0,"enemies":"Exordium Wildlife","floor":12,"turns":2},{"damage":38,"enemies":"Lagavulin","floor":14,"turns":9},{"damage":57,"enemies":"The Guardian","floor":16,"turns":16}],"seed_played":"1596443019447056482","potions_obtained":[{"floor":1,"key":"SteroidPotion"},{"floor":7,"key":"Weak Potion"},{"floor":10,"key":"Poison Potion"},{"floor":12,"key":"Swift Potion"},{"floor":14,"key":"SteroidPotion"}],"is_trial":false,"path_per_floor":["M","$","?","?","M","R","E","R","T","M","E","M","?","E","R","B"],"character_chosen":"IRONCLAD","items_purchased":["Impervious"],"campfire_rested":2,"item_purchase_floors":[2],"current_hp_per_floor":[80,80,80,80,75,75,31,55,55,53,35,41,61,29,53,0],"gold":238,"neow_bonus":"RANDOM_COMMON_RELIC","is_prod":false,"is_daily":false,"chose_seed":false,"campfire_upgraded":1,"win_rate":0,"timestamp":1548949708,"path_taken":["M","$","?","?","M","R","E","R","T","M","E","M","?","E","R","BOSS"],"build_version":"2019-01-23","purchased_purges":0,"victory":false,"max_hp_per_floor":[80,80,80,80,80,80,80,80,80,80,80,80,80,80,80,80],"card_choices":[{"not_picked":["Corruption","Wild Strike"],"picked":"Power Through","floor":1},{"not_picked":["Rage","True Grit"],"picked":"Whirlwind","floor":5},{"not_picked":["Heavy Blade","Clash"],"picked":"True Grit","floor":7},{"not_picked":["Disarm","Clothesline"],"picked":"Shrug It Off","floor":10},{"not_picked":["Carnage","Flex"],"picked":"Wild Strike","floor":11},{"not_picked":["Burning Pact","Heavy Blade","Perfected Strike"],"picked":"SKIP","floor":12},{"not_picked":["Heavy Blade","Disarm"],"picked":"Shrug It Off","floor":14}],"player_experience":758234,"relics_obtained":[{"floor":7,"key":"Ornamental Fan"},{"floor":9,"key":"Happy Flower"},{"floor":11,"key":"Matryoshka"},{"floor":14,"key":"Centennial Puzzle"}],"event_choices":[{"damage_healed":0,"gold_gain":0,"player_choice":"1 cards matched","damage_taken":0,"max_hp_gain":0,"max_hp_loss":0,"event_name":"Match and Keep!","floor":3,"gold_loss":0,"cards_obtained":["Evolve"]},{"damage_healed":0,"gold_gain":0,"player_choice":"Take Wound","damage_taken":0,"relics_obtained":["Golden Idol"],"max_hp_gain":0,"max_hp_loss":0,"event_name":"Golden Idol","floor":4,"gold_loss":0,"cards_obtained":["Injury"]},{"damage_healed":20,"gold_gain":0,"player_choice":"Healed and dodged fight","damage_taken":0,"max_hp_gain":0,"max_hp_loss":0,"event_name":"Mushrooms","floor":13,"gold_loss":0,"cards_obtained":["Parasite"]}],"is_beta":false,"boss_relics":[],"items_purged_floors":[],"is_endless":false,"potions_floor_spawned":[1,7,10,12,14],"killed_by":"The Guardian","ascension_level":4}