{"gold_per_floor":[109,109,109,122,297,328,328,328,328,344,365,365,397,397,397,501,501,518,518,90,140,159,188,206,223,223,223,223,498,514,539,539,638,638,655,673,673,113,166,231,231,265,315,28,44,64,95,22,22,22],"floor_reached":51,"playtime":2838,"items_purged":["Doubt"],"score":993,"play_id":"91730d93-9432-4e90-9425-0eaceec2320a","local_time":"20190203213718","is_ascension_mode":true,"campfire_choices":[{"data":"Dualcast","floor":7.0,"key":"SMITH"},{"data":"Zap","floor":12.0,"key":"SMITH"},{"floor":15.0,"key":"REST"},{"floor":28,"key":"REST"},{"floor":32,"key":"REST"},{"data":"Buffer","floor":41,"key":"SMITH"},{"floor":49,"key":"REST"}],"neow_cost":"NONE","seed_source_timestamp":0,"circlet_count":0,"master_deck":["Strike_B","Strike_B","Strike_B","Strike_B","Defend_B","Defend_B","Defend_B+1","Defend_B+1","Zap+1","Dualcast+1","Conserve Battery+1","Doom and Gloom","Coolheaded","Sunder+1","Go for the Eyes+1","Redo+1","Reboot","Defragment","FTL+1","Beam Cell+1","Streamline+1","Compile Driver+1","Compile Driver+1","Cold Snap+1","Lockon+1","Cold Snap+1","Ball Lightning+1","Chill+1","Ball Lightning+1","Buffer+1","Gash+1","Sunder+1","Turbo","Redo+1","Sweeping Beam+1","Swift Strike+1","Beam Cell+1","Turbo+1","Sweeping Beam+1","Hello World","Capacitor","Gash+1","Sweeping Beam+1","Rip and Tear+1","Hologram+1","Conserve Battery"],"special_seed":0,"relics":["Cracked Core","Ice Cream","Mango","Molten Egg 2","Pocketwatch","Odd Mushroom","Shuriken","Black Star","Nilry\u0027s Codex","Incense Burner","Gambling Chip","Prayer Wheel","Omamori","Bottled Tornado","Bag of Marbles","Nuclear Battery","Membership Card","Bag of Preparation","WingedGreaves","Du-Vu Doll","Tiny Chest","Happy Flower","Pen Nib","Bottled Flame","Regal Pillow","ClockworkSouvenir","Ginger","War Paint","Meat on the Bone","Bronze Scales"],"potions_floor_usage":[23,24,25,46,50,50],"damage_taken":[{"damage":1.0,"enemies":"Cultist","floor":1.0,"turns":3.0},{"damage":6.0,"enemies":"2 Louse","floor":4.0,"turns":3.0},{"damage":19.0,"enemies":"Lagavulin","floor":6.0,"turns":5.0},{"damage":0.0,"enemies":"Small Slimes","floor":10.0,"turns":2.0},{"damage":1.0,"enemies":"The Mushroom Lair","floor":11.0,"turns":3.0},{"damage":2.0,"enemies":"3 Sentries","floor":13.0,"turns":4.0},{"damage":25.0,"enemies":"Hexaghost","floor":16.0,"turns":7.0},{"damage":3.0,"enemies":"Shell Parasite","floor":18.0,"turns":7.0},{"damage":5.0,"enemies":"3 Byrds","floor":22.0,"turns":3.0},{"damage":36,"enemies":"Slavers","floor":23,"turns":5},{"damage":6,"enemies":"Cultist and Chosen","floor":24,"turns":4},{"damage":13,"enemies":"3 Cultists","floor":25,"turns":3},{"damage":11,"enemies":"Centurion and Healer","floor":30,"turns":4},{"damage":6,"enemies":"Gremlin Leader","floor":31,"turns":7},{"damage":35,"enemies":"Automaton","floor":33,"turns":8},{"damage":0,"enemies":"3 Darklings","floor":35,"turns":6},{"damage":7,"enemies":"Orb Walker","floor":36,"turns":2},{"damage":0,"enemies":"2 Orb Walkers","floor":39,"turns":3},{"damage":0,"enemies":"Giant Head","floor":40,"turns":5},{"damage":0,"enemies":"Reptomancer","floor":42,"turns":4},{"damage":0,"enemies":"Writhing Mass","floor":45,"turns":3},{"damage":13,"enemies":"Maw","floor":46,"turns":3},{"damage":7,"enemies":"Giant Head","floor":47,"turns":5},{"damage":24,"enemies":"Time Eater","floor":50,"turns":7}],"seed_played":"-5062819168016746994","potions_obtained":[{"floor":4.0,"key":"AttackPotion"},{"floor":22.0,"key":"Explosive Potion"},{"floor":23,"key":"Fruit Juice"},{"floor":24,"key":"PowerPotion"},{"floor":30,"key":"SteroidPotion"},{"floor":39,"key":"PowerPotion"},{"floor":40,"key":"Strength Potion"}],"is_trial":false,"path_per_floor":["M","?","?","M","?","E","R","T","T","M","?","R","E","?","R","B",null,"M","?","$","?","M","E","M","M","T","?","R","?","M","E","R","B",null,"M","M","?","$","?","E","R","E","T","$","M","M","E","$","R","B",null],"character_chosen":"DEFECT","items_purchased":["Incense Burner","FTL+1","Beam Cell+1","Membership Card","Bag of Preparation","WingedGreaves","Sweeping Beam+1","Swift Strike+1","Beam Cell+1","ClockworkSouvenir","Ginger","Capacitor","Bronze Scales"],"campfire_rested":4,"item_purchase_floors":[20,20,20,38,38,38,38,38,38,44,44,44,48],"current_hp_per_floor":[81,81,78,72,72,67,67,67,67,67,66,66,64,45,73,48,96,93,77,77,77,72,36,35,22,22,22,52,52,41,35,65,30,101,101,94,101,101,101,101,101,101,101,101,101,88,81,81,101,77],"gold":22,"neow_bonus":"TEN_PERCENT_HP_BONUS","is_prod":false,"is_daily":false,"chose_seed":false,"campfire_upgraded":3,"win_rate":0,"timestamp":1549201038,"path_taken":["M","?","?","M","?","E","R","?","T","?","?","R","E","?","R","BOSS","M","?","$","?","M","E","M","?","T","?","R","?","M","E","R","BOSS","M","M","?","$","?","E","R","E","T","$","M","?","E","?","R","BOSS"],"build_version":"2019-01-23","purchased_purges":1,"victory":true,"max_hp_per_floor":[82,82,82,82,82,96,96,96,96,96,96,96,96,96,96,96,96,96,96,96,96,96,96,101,101,101,101,101,101,101,101,101,101,101,101,101,101,101,101,101,101,101,101,101,101,101,101,101,101,101],"card_choices":[{"not_picked":["Defragment","Stack"],"picked":"Conserve Battery","floor":1.0},{"not_picked":["Leap","Melter"],"picked":"Doom and Gloom","floor":4.0},{"not_picked":["Melter","Compile Driver"],"picked":"Coolheaded","floor":6.0},{"not_picked":["Static Discharge","Hologram"],"picked":"Sunder+1","floor":10.0},{"not_picked":["Recycle","Compile Driver+1"],"picked":"Go for the Eyes+1","floor":11.0},{"not_picked":["Coolheaded","Stack"],"picked":"Redo","floor":13.0},{"not_picked":["Thunder Strike+1","All For One+1"],"picked":"Reboot","floor":16.0},{"not_picked":["Streamline+1","Compile Driver+1"],"picked":"Defragment","floor":18.0},{"not_picked":["Stack","Barrage+1"],"picked":"Streamline+1","floor":22.0},{"not_picked":["Coolheaded","Conserve Battery+1"],"picked":"Compile Driver+1","floor":23},{"not_picked":["Recycle","Coolheaded"],"picked":"Compile Driver+1","floor":24},{"not_picked":["Steam Power","Streamline+1"],"picked":"Cold Snap+1","floor":24},{"not_picked":["Skim","Creative AI"],"picked":"Lockon+1","floor":25},{"not_picked":["Stack","Hologram+1"],"picked":"Cold Snap+1","floor":25},{"not_picked":["Glacier","Steam Power"],"picked":"Ball Lightning+1","floor":30},{"not_picked":["Barrage+1","Coolheaded"],"picked":"Chill+1","floor":30},{"not_picked":["Redo","Cold Snap+1"],"picked":"Ball Lightning+1","floor":31},{"not_picked":["Multi-Cast","Echo Form"],"picked":"Buffer","floor":33},{"not_picked":["Skim","Doom and Gloom+1"],"picked":"Gash+1","floor":35},{"not_picked":["Streamline+1","Doom and Gloom+1"],"picked":"Sunder+1","floor":35},{"not_picked":["Steam","Rebound+1"],"picked":"Turbo","floor":36},{"not_picked":["Ball Lightning+1","Buffer"],"picked":"Redo+1","floor":36},{"not_picked":["Barrage+1","Consume+1"],"picked":"Turbo+1","floor":39},{"not_picked":["Stack","Machine Learning"],"picked":"Sweeping Beam+1","floor":40},{"not_picked":["Recycle","Chaos"],"picked":"Hello World","floor":42},{"not_picked":["Streamline+1","Glacier+1"],"picked":"Gash+1","floor":45},{"not_picked":["Hologram","Redo"],"picked":"Sweeping Beam+1","floor":45},{"not_picked":["Consume","Steam"],"picked":"Rip and Tear+1","floor":46},{"not_picked":["Stack","Barrage+1"],"picked":"Hologram+1","floor":46},{"not_picked":["Hyperbeam+1","Rebound+1"],"picked":"Conserve Battery","floor":47}],"player_experience":42342,"relics_obtained":[{"floor":6.0,"key":"Mango"},{"floor":8.0,"key":"Molten Egg 2"},{"floor":9.0,"key":"Pocketwatch"},{"floor":11.0,"key":"Odd Mushroom"},{"floor":13.0,"key":"Shuriken"},{"floor":19.0,"key":"Nilry\u0027s Codex"},{"floor":23,"key":"Gambling Chip"},{"floor":23,"key":"Prayer Wheel"},{"floor":26,"key":"Omamori"},{"floor":31,"key":"Bottled Tornado"},{"floor":31,"key":"Bag of Marbles"},{"floor":39,"key":"Du-Vu Doll"},{"floor":40,"key":"Tiny Chest"},{"floor":40,"key":"Happy Flower"},{"floor":42,"key":"Pen Nib"},{"floor":42,"key":"Bottled Flame"},{"floor":43,"key":"Regal Pillow"},{"floor":47,"key":"War Paint"},{"floor":47,"key":"Meat on the Bone"}],"event_choices":[{"damage_healed":0.0,"max_hp_gain":0.0,"max_hp_loss":0.0,"gold_gain":0.0,"event_name":"Golden Wing","player_choice":"Ignored","floor":2.0,"gold_loss":0.0,"damage_taken":0.0},{"damage_healed":0.0,"max_hp_gain":0.0,"max_hp_loss":0.0,"gold_gain":0.0,"event_name":"Scrap Ooze","player_choice":"Success","floor":3.0,"gold_loss":0.0,"damage_taken":3.0,"relics_obtained":["Ice Cream"]},{"damage_healed":0.0,"max_hp_gain":0.0,"max_hp_loss":0.0,"gold_gain":175.0,"event_name":"Liars Game","player_choice":"AGREE","floor":5.0,"gold_loss":0.0,"damage_taken":0.0,"cards_obtained":["Doubt"]},{"damage_healed":0.0,"max_hp_gain":0.0,"max_hp_loss":0.0,"gold_gain":0.0,"event_name":"Mushrooms","player_choice":"Fought Mushrooms","floor":11.0,"gold_loss":0.0,"damage_taken":0.0},{"damage_healed":0.0,"max_hp_gain":0.0,"max_hp_loss":0.0,"gold_gain":0.0,"event_name":"Shining Light","player_choice":"Entered Light","floor":14.0,"gold_loss":0.0,"damage_taken":19.0,"cards_upgraded":["Defend_B","Conserve Battery"]},{"damage_healed":0.0,"max_hp_gain":0.0,"max_hp_loss":0.0,"gold_gain":0.0,"event_name":"Cursed Tome","player_choice":"Obtained Book","floor":19.0,"gold_loss":0.0,"damage_taken":16.0},{"damage_healed":0.0,"max_hp_gain":0.0,"max_hp_loss":0.0,"gold_gain":100.0,"event_name":"The Joust","player_choice":"Bet on Murderer","floor":21.0,"gold_loss":50.0,"damage_taken":0.0},{"damage_healed":0,"gold_gain":0,"player_choice":"Ignored","damage_taken":0,"max_hp_gain":0,"max_hp_loss":0,"event_name":"Vampires","floor":27,"gold_loss":0},{"damage_healed":0,"gold_gain":275,"player_choice":"Desecrate","damage_taken":0,"max_hp_gain":0,"max_hp_loss":0,"event_name":"Golden Shrine","floor":29,"gold_loss":0,"cards_obtained":["Regret"]},{"damage_healed":25,"gold_gain":0,"player_choice":"Writhe","damage_taken":0,"max_hp_gain":0,"max_hp_loss":0,"event_name":"Winding Halls","floor":37,"gold_loss":0,"cards_obtained":["Writhe"]},{"damage_healed":0,"gold_gain":0,"player_choice":"Fight","damage_taken":0,"max_hp_gain":0,"max_hp_loss":0,"event_name":"Mysterious Sphere","floor":39,"gold_loss":0}],"is_beta":false,"boss_relics":[{"not_picked":["Calling Bell","Tiny House"],"picked":"Black Star"},{"not_picked":["Inserter","White Beast Statue"],"picked":"Nuclear Battery"}],"items_purged_floors":[38],"is_endless":false,"potions_floor_spawned":[4,22,23,24,30,39,40,42,45],"ascension_level":1}