{"gold_per_floor":[118,137,151,168,168,168,200,200,200,211,211,238,251,264,264,337,337,352,352,372,372],"floor_reached":21,"playtime":1463,"items_purged":[],"score":414,"play_id":"6c845477-e360-4b23-993e-0a1a6a83882e","local_time":"20190107142151","is_ascension_mode":true,"campfire_choices":[{"data":"True Grit","floor":6.0,"key":"SMITH"},{"data":"Bash","floor":8.0,"key":"SMITH"},{"floor":11.0,"key":"REST"},{"data":"Clothesline","floor":15,"key":"SMITH"}],"neow_cost":"NONE","seed_source_timestamp":1490633204307825,"circlet_count":0,"master_deck":["AscendersBane","Strike_R","Strike_R","Strike_R","Strike_R","Strike_R","Defend_R","Defend_R","Defend_R","Defend_R","Bash+1","Impervious","Pommel Strike","Perfected Strike","Spot Weakness","True Grit+1","Shrug It Off","Reckless Charge","Intimidate","Thunderclap","Clothesline+1","Immolate","Sword Boomerang+1","Perfected Strike","Pommel Strike"],"special_seed":0,"relics":["Burning Blood","Peace Pipe","Matryoshka","Pen Nib","Vajra","Anchor","White Beast Statue"],"potions_floor_usage":[16,18,21],"damage_taken":[{"damage":6.0,"enemies":"Cultist","floor":1.0,"turns":3.0},{"damage":10.0,"enemies":"Small Slimes","floor":2.0,"turns":4.0},{"damage":7.0,"enemies":"Jaw Worm","floor":3.0,"turns":3.0},{"damage":15.0,"enemies":"Large Slime","floor":4.0,"turns":6.0},{"damage":31.0,"enemies":"3 Sentries","floor":7.0,"turns":11.0},{"damage":16.0,"enemies":"Lots of Slimes","floor":10.0,"turns":5.0},{"damage":0.0,"enemies":"Gremlin Nob","floor":12.0,"turns":2.0},{"damage":0.0,"enemies":"Exordium Wildlife","floor":13.0,"turns":4.0},{"damage":6,"enemies":"3 Louse","floor":14,"turns":3},{"damage":26,"enemies":"Slime Boss","floor":16,"turns":9},{"damage":19,"enemies":"3 Byrds","floor":18,"turns":5},{"damage":31,"enemies":"Shell Parasite","floor":20,"turns":5},{"damage":30,"enemies":"Centurion and Healer","floor":21,"turns":6}],"seed_played":"-4648509142127849915","potions_obtained":[{"floor":2.0,"key":"FearPotion"},{"floor":7.0,"key":"Energy Potion"},{"floor":12.0,"key":"FairyPotion"},{"floor":13.0,"key":"PowerPotion"},{"floor":18,"key":"LiquidBronze"},{"floor":20,"key":"Strength Potion"}],"is_trial":false,"path_per_floor":["M","M","M","M","T","R","E","R","T","M","R","E","M","M","R","B",null,"M","?","M","M"],"character_chosen":"IRONCLAD","items_purchased":[],"campfire_rested":1,"item_purchase_floors":[],"current_hp_per_floor":[68,64,63,54,54,54,29,29,29,19,41,47,53,53,53,33,65,52,52,27,0],"gold":372,"neow_bonus":"ONE_RANDOM_RARE_CARD","is_prod":false,"is_daily":false,"chose_seed":false,"campfire_upgraded":3,"win_rate":0,"timestamp":1546899711,"path_taken":["M","M","M","M","?","R","E","R","T","M","R","E","M","?","R","BOSS","M","?","M","M"],"build_version":"2019-01-03v4","purchased_purges":0,"victory":false,"max_hp_per_floor":[75,75,75,75,75,75,75,75,75,75,75,75,75,75,75,75,75,75,75,75,75],"card_choices":[{"not_picked":["Burning Pact","Warcry"],"picked":"Pommel Strike","floor":1.0},{"not_picked":["Reckless Charge","Heavy Blade"],"picked":"Perfected Strike","floor":2.0},{"not_picked":["Dual Wield","Twin Strike"],"picked":"Spot Weakness","floor":3.0},{"not_picked":["Wild Strike","Iron Wave"],"picked":"True Grit","floor":4.0},{"not_picked":["Flex","Carnage"],"picked":"Shrug It Off","floor":7.0},{"not_picked":["Sever Soul","Dropkick"],"picked":"Reckless Charge","floor":10.0},{"not_picked":["Warcry","Wild Strike"],"picked":"Intimidate","floor":12.0},{"not_picked":["Havoc","Berserk"],"picked":"Thunderclap","floor":13.0},{"not_picked":["Shrug It Off","Flex"],"picked":"Clothesline","floor":14},{"not_picked":["Feed","Double Tap"],"picked":"Immolate","floor":16},{"not_picked":["Hemokinesis","Havoc"],"picked":"Sword Boomerang+1","floor":18},{"not_picked":["True Grit","Blood for Blood"],"picked":"Pommel Strike","floor":20}],"player_experience":1658166,"relics_obtained":[{"floor":5.0,"key":"Peace Pipe"},{"floor":7.0,"key":"Matryoshka"},{"floor":9.0,"key":"Pen Nib"},{"floor":9.0,"key":"Vajra"},{"floor":12.0,"key":"Anchor"}],"event_choices":[{"damage_healed":0,"gold_gain":0,"player_choice":"Read","damage_taken":0,"max_hp_gain":0,"max_hp_loss":0,"event_name":"The Library","floor":19,"gold_loss":0,"cards_obtained":["Perfected Strike"]}],"is_beta":false,"boss_relics":[{"not_picked":["Lizard Tail","Ectoplasm"],"picked":"White Beast Statue"}],"items_purged_floors":[],"is_endless":false,"potions_floor_spawned":[2,7,12,13,14,18,20],"killed_by":"Centurion and Healer","ascension_level":18}