{"gold_per_floor":[109,124,124,139,139,139,154,154,154,182,192,209,223,252,252,348,348,358,377,377,17,17,17,33,64,144,161,174,74,74,74,74,170,170,181,281,281,1,11,11,11,42,42,52,52,85,85,98,98,98],"floor_reached":51,"playtime":2517,"items_purged":["Strike_R","Defend_R"],"score":849,"play_id":"93a13e3a-e39c-4d50-b834-d118ac6e09e9","local_time":"20190206081344","is_ascension_mode":true,"campfire_choices":[{"data":"Apotheosis","floor":6,"key":"SMITH"},{"data":"Transmutation","floor":8,"key":"SMITH"},{"data":"Strike_R","floor":15,"key":"PURGE"},{"data":"Strike_R","floor":23,"key":"PURGE"},{"data":"Defend_R","floor":30,"key":"PURGE"},{"data":"Evolve","floor":32,"key":"SMITH"},{"data":"Defend_R","floor":40,"key":"PURGE"},{"floor":49,"key":"REST"}],"neow_cost":"PERCENT_DAMAGE","seed_source_timestamp":164310726725186,"circlet_count":0,"master_deck":["Strike_R+1","Defend_R+1","Bash","Transmutation+1","Apotheosis+1","Spot Weakness","Headbutt","Ghostly Armor","Heavy Blade","Immolate","Feed","Power Through","Necronomicurse","Evolve+1","Metallicize","Power Through","Ghostly Armor+1","Exhume","Feel No Pain","Ghostly Armor+1","Uppercut+1"],"relics":["Burning Blood","Ornamental Fan","Meat on the Bone","Peace Pipe","Sozu","Necronomicon","HandDrill","Nunchaku","Matryoshka","Busted Crown","Ginger","Bottled Lightning","Boot","Lantern","Blue Candle","Bronze Scales"],"potions_floor_usage":[10,16,16,42],"damage_taken":[{"damage":5,"enemies":"Cultist","floor":1,"turns":4},{"damage":12,"enemies":"Small Slimes","floor":2,"turns":4},{"damage":3,"enemies":"Jaw Worm","floor":4,"turns":4},{"damage":5,"enemies":"Large Slime","floor":7,"turns":6},{"damage":12,"enemies":"Lagavulin","floor":10,"turns":6},{"damage":17,"enemies":"Exordium Wildlife","floor":11,"turns":5},{"damage":3,"enemies":"Exordium Thugs","floor":12,"turns":5},{"damage":5,"enemies":"2 Fungi Beasts","floor":13,"turns":4},{"damage":38,"enemies":"Gremlin Nob","floor":14,"turns":5},{"damage":0,"enemies":"Hexaghost","floor":16,"turns":8},{"damage":5,"enemies":"Spheric Guardian","floor":18,"turns":3},{"damage":2,"enemies":"3 Byrds","floor":19,"turns":3},{"damage":8,"enemies":"Sentry and Sphere","floor":24,"turns":4},{"damage":10,"enemies":"Gremlin Leader","floor":25,"turns":5},{"damage":11,"enemies":"Snake Plant","floor":27,"turns":6},{"damage":11,"enemies":"Snecko","floor":28,"turns":5},{"damage":19,"enemies":"Collector","floor":33,"turns":6},{"damage":0,"enemies":"3 Darklings","floor":35,"turns":3},{"damage":0,"enemies":"Mind Bloom Boss Battle","floor":36,"turns":3},{"damage":0,"enemies":"3 Shapes","floor":39,"turns":7},{"damage":9,"enemies":"Nemesis","floor":42,"turns":9},{"damage":0,"enemies":"Spire Growth","floor":44,"turns":4},{"damage":2,"enemies":"Giant Head","floor":46,"turns":8},{"damage":46,"enemies":"Transient","floor":48,"turns":5},{"damage":29,"enemies":"Time Eater","floor":50,"turns":8}],"seed_played":"916927466384515229","potions_obtained":[{"floor":1,"key":"Energy Potion"},{"floor":11,"key":"SkillPotion"},{"floor":12,"key":"Swift Potion"},{"floor":14,"key":"PowerPotion"},{"floor":16,"key":"Poison Potion"}],"is_trial":false,"path_per_floor":["M","M","?","M","?","R","M","R","T","E","M","M","M","E","R","B",null,"M","M","?","$","?","R","M","E","T","M","M","$","R","$","R","B",null,"M","?","?","$","M","R","?","E","T","M","$","E","?","M","R","B",null],"character_chosen":"IRONCLAD","items_purchased":["Evolve","HandDrill","Bottled Lightning","Feel No Pain"],"campfire_rested":1,"item_purchase_floors":[21,21,38,38],"current_hp_per_floor":[57,51,35,38,38,38,39,39,39,33,34,49,50,30,30,48,80,80,83,67,67,67,67,69,69,69,68,63,63,63,63,63,62,95,99,99,99,99,103,103,98,95,95,98,98,102,92,64,94,75],"gold":98,"neow_bonus":"RANDOM_COLORLESS_2","is_prod":false,"is_daily":false,"chose_seed":false,"campfire_upgraded":3,"win_rate":0,"timestamp":1549469624,"path_taken":["M","M","?","M","?","R","M","R","T","E","M","M","?","E","R","BOSS","M","M","?","$","?","R","M","E","T","M","M","$","R","?","R","BOSS","M","?","?","$","M","R","?","E","T","M","$","E","?","M","R","BOSS"],"build_version":"2019-01-23","purchased_purges":2,"victory":true,"max_hp_per_floor":[80,80,80,80,80,80,80,80,80,80,80,80,80,80,80,80,80,80,83,83,83,83,83,87,91,91,95,95,95,95,95,95,95,95,99,99,99,99,103,103,98,98,98,98,98,102,102,102,102,106],"card_choices":[{"not_picked":["Anger","Wild Strike"],"picked":"Spot Weakness","floor":1},{"not_picked":["Reckless Charge","Perfected Strike","Pummel"],"picked":"SKIP","floor":2},{"not_picked":["Rampage","Flex"],"picked":"Headbutt","floor":4},{"not_picked":["Sword Boomerang","Reckless Charge","Warcry"],"picked":"SKIP","floor":7},{"not_picked":["Rampage","Flame Barrier","Corruption"],"picked":"SKIP","floor":10},{"not_picked":["Seeing Red","Warcry"],"picked":"Ghostly Armor","floor":11},{"not_picked":["Corruption","Reckless Charge","Perfected Strike"],"picked":"SKIP","floor":12},{"not_picked":["Cleave","Thunderclap"],"picked":"Heavy Blade","floor":13},{"not_picked":["Wild Strike","Cleave"],"picked":"Immolate","floor":14},{"not_picked":["Immolate","Offering"],"picked":"Feed","floor":16},{"not_picked":["Hemokinesis","Headbutt"],"picked":"Power Through","floor":18},{"not_picked":["Warcry","Body Slam","Pummel"],"picked":"SKIP","floor":19},{"not_picked":["Reckless Charge","Warcry"],"picked":"Power Through","floor":24},{"not_picked":["Whirlwind","Combust","Bloodletting"],"picked":"SKIP","floor":25},{"not_picked":["Shockwave","Heavy Blade","Rage"],"picked":"SKIP","floor":27},{"not_picked":["Pommel Strike","Iron Wave"],"picked":"Ghostly Armor+1","floor":28},{"not_picked":["Dark Embrace","Double Tap"],"picked":"Exhume","floor":33},{"not_picked":["Sword Boomerang+1"],"picked":"SKIP","floor":35},{"not_picked":["Second Wind"],"picked":"SKIP","floor":39},{"not_picked":[],"picked":"Ghostly Armor+1","floor":42},{"not_picked":["Pommel Strike+1"],"picked":"SKIP","floor":44},{"not_picked":["Dropkick+1"],"picked":"SKIP","floor":46},{"not_picked":[],"picked":"Uppercut+1","floor":48}],"player_experience":1036975,"relics_obtained":[{"floor":9,"key":"Ornamental Fan"},{"floor":10,"key":"Meat on the Bone"},{"floor":14,"key":"Peace Pipe"},{"floor":20,"key":"Necronomicon"},{"floor":25,"key":"Nunchaku"},{"floor":26,"key":"Matryoshka"},{"floor":36,"key":"Ginger"},{"floor":42,"key":"Boot"},{"floor":43,"key":"Lantern"},{"floor":43,"key":"Blue Candle"},{"floor":46,"key":"Bronze Scales"}],"event_choices":[{"damage_healed":0,"gold_gain":0,"player_choice":"Entered Light","damage_taken":16,"max_hp_gain":0,"max_hp_loss":0,"event_name":"Shining Light","floor":3,"gold_loss":0,"cards_upgraded":["Defend_R","Strike_R"]},{"cards_removed":["Strike_R"],"damage_healed":0,"gold_gain":0,"player_choice":"Purged","damage_taken":0,"max_hp_gain":0,"max_hp_loss":0,"event_name":"Purifier","floor":5,"gold_loss":0},{"damage_healed":0,"gold_gain":0,"player_choice":"Obtained Book","damage_taken":16,"max_hp_gain":0,"max_hp_loss":0,"event_name":"Cursed Tome","floor":20,"gold_loss":0},{"damage_healed":0,"gold_gain":0,"player_choice":"Read","damage_taken":0,"max_hp_gain":0,"max_hp_loss":0,"event_name":"The Library","floor":22,"gold_loss":0,"cards_obtained":["Metallicize"]},{"damage_healed":0,"gold_gain":0,"player_choice":"Fight","damage_taken":0,"max_hp_gain":0,"max_hp_loss":0,"event_name":"MindBloom","floor":36,"gold_loss":0},{"damage_healed":0,"gold_gain":0,"player_choice":"Ignored","damage_taken":0,"max_hp_gain":0,"max_hp_loss":0,"event_name":"Tomb of Lord Red Mask","floor":37,"gold_loss":0},{"damage_healed":0,"gold_gain":0,"player_choice":"Max HP","damage_taken":0,"max_hp_gain":0,"max_hp_loss":5,"event_name":"Winding Halls","floor":41,"gold_loss":0},{"damage_healed":0,"gold_gain":0,"player_choice":"Memory 3","damage_taken":10,"max_hp_gain":0,"max_hp_loss":0,"event_name":"SensoryStone","floor":47,"gold_loss":0}],"is_beta":true,"boss_relics":[{"not_picked":["White Beast Statue","Lizard Tail"],"picked":"Sozu"},{"not_picked":["Cursed Key","Astrolabe"],"picked":"Busted Crown"}],"items_purged_floors":[21,29],"is_endless":false,"potions_floor_spawned":[1,11,12,14,16,19,25,28,35,36,39,42],"ascension_level":1}