{"gold_per_floor":[111,111,131,143,143,177,21,21,48,48,68,68,86,106,106,106],"floor_reached":16,"playtime":639,"items_purged":[],"score":122,"play_id":"1bb426e8-310d-423f-a31e-cb0e80d8cd2d","local_time":"20190129150132","is_ascension_mode":true,"campfire_choices":[{"data":"Neutralize","floor":8,"key":"SMITH"},{"floor":10,"key":"REST"},{"data":"Dash","floor":12,"key":"SMITH"},{"data":"All Out Attack","floor":15,"key":"SMITH"}],"neow_cost":"NONE","seed_source_timestamp":1404913764281,"circlet_count":0,"master_deck":["Defend_G","Defend_G","Defend_G","Defend_G","Defend_G","Strike_G","Strike_G","Strike_G","Strike_G","Strike_G","Survivor","Neutralize+1","Burst","Backflip","Crippling Poison","Adrenaline","All Out Attack+1","Dash+1","Deadly Poison","Poisoned Stab"],"relics":["Ring of the Snake","Bronze Scales","Ninja Scroll","Bag of Preparation"],"potions_floor_usage":[11,16,16],"damage_taken":[{"damage":0,"enemies":"Jaw Worm","floor":1,"turns":6},{"damage":0,"enemies":"Cultist","floor":3,"turns":5},{"damage":0,"enemies":"2 Louse","floor":4,"turns":2},{"damage":48,"enemies":"3 Sentries","floor":6,"turns":14},{"damage":1,"enemies":"Large Slime","floor":11,"turns":4},{"damage":0,"enemies":"Exordium Wildlife","floor":13,"turns":2},{"damage":0,"enemies":"3 Louse","floor":14,"turns":2},{"damage":48,"enemies":"Slime Boss","floor":16,"turns":7}],"seed_played":"-4818187146653057832","potions_obtained":[{"floor":3,"key":"Regen Potion"},{"floor":4,"key":"Energy Potion"},{"floor":6,"key":"SneckoOil"},{"floor":14,"key":"SteroidPotion"}],"is_trial":false,"path_per_floor":["M","?","M","M","?","E","$","R","T","R","M","R","M","M","R","B"],"character_chosen":"THE_SILENT","items_purchased":["Bag of Preparation"],"campfire_rested":1,"item_purchase_floors":[7],"current_hp_per_floor":[70,75,75,75,75,27,27,27,27,49,48,48,48,48,48,0],"gold":106,"neow_bonus":"ONE_RANDOM_RARE_CARD","is_prod":false,"is_daily":false,"chose_seed":false,"campfire_upgraded":3,"win_rate":0,"timestamp":1548770492,"path_taken":["M","?","M","M","?","E","$","R","T","R","M","R","M","?","R","BOSS"],"build_version":"2019-01-23","purchased_purges":0,"victory":false,"max_hp_per_floor":[70,75,75,75,75,75,75,75,75,75,75,75,75,75,75,75],"card_choices":[{"not_picked":["Sucker Punch","Quick Slash"],"picked":"Backflip","floor":1},{"not_picked":["Endless Agony","Acrobatics"],"picked":"Crippling Poison","floor":3},{"not_picked":["Flying Knee","Underhanded Strike"],"picked":"Adrenaline","floor":4},{"not_picked":["Quick Slash","Blade Dance"],"picked":"All Out Attack","floor":6},{"not_picked":["Sucker Punch","Flechettes"],"picked":"Dash","floor":11},{"not_picked":["Dagger Spray","Tactician"],"picked":"Deadly Poison","floor":13},{"not_picked":["Calculated Gamble","Reflex"],"picked":"Poisoned Stab","floor":14}],"player_experience":209926,"relics_obtained":[{"floor":6,"key":"Ninja Scroll"}],"event_choices":[{"damage_healed":0,"gold_gain":0,"player_choice":"Donut","damage_taken":0,"max_hp_gain":5,"max_hp_loss":0,"event_name":"Big Fish","floor":2,"gold_loss":0},{"damage_healed":0,"gold_gain":0,"player_choice":"Gave Potion","damage_taken":0,"relics_obtained":["Bronze Scales"],"max_hp_gain":0,"max_hp_loss":0,"event_name":"WeMeetAgain","floor":5,"gold_loss":0}],"is_beta":true,"boss_relics":[],"items_purged_floors":[],"is_endless":false,"potions_floor_spawned":[3,4,6,14],"killed_by":"Slime Boss","ascension_level":4}