{"gold_per_floor":[119,131,148,160,160,160,177,211,259,22,22,22,22,39,39,134,134,148,162,162],"floor_reached":20,"playtime":5336,"items_purged":[],"score":229,"play_id":"b5a99df3-58c3-4817-9d32-61a03f276c7b","local_time":"20180910163625","is_ascension_mode":true,"campfire_choices":[{"floor":6,"key":"REST"},{"data":"Apotheosis","floor":11,"key":"SMITH"},{"data":"Zap","floor":13,"key":"SMITH"},{"floor":15,"key":"REST"}],"neow_cost":"NONE","seed_source_timestamp":2237645586333924,"circlet_count":0,"master_deck":["Strike_B","Strike_B","Strike_B","Defend_B","Defend_B","Defend_B","Defend_B","Zap+1","Dualcast","Capacitor","Steam","Coolheaded","Ball Lightning","Hologram+1","Electrodynamics","Chill","Cold Snap","Apotheosis+1","Self Repair","Thunder Strike","Glacier","Ball Lightning+1"],"relics":["Cracked Core","Unceasing Top","Bag of Marbles","Philosopher\u0027s Stone"],"potions_floor_usage":[7,16,16,16,20,20],"damage_taken":[{"damage":3,"enemies":"Small Slimes","floor":1,"turns":4},{"damage":3,"enemies":"2 Louse","floor":2,"turns":4},{"damage":1,"enemies":"Cultist","floor":3,"turns":4},{"damage":28,"enemies":"Gremlin Gang","floor":4,"turns":4},{"damage":2,"enemies":"Exordium Thugs","floor":7,"turns":3},{"damage":20,"enemies":"Gremlin Nob","floor":8,"turns":4},{"damage":0,"enemies":"3 Louse","floor":14,"turns":3},{"damage":28,"enemies":"Hexaghost","floor":16,"turns":11},{"damage":15,"enemies":"Shell Parasite","floor":18,"turns":5},{"damage":52,"enemies":"3 Byrds","floor":19,"turns":6},{"damage":15,"enemies":"Cultist and Chosen","floor":20,"turns":4}],"seed_played":"7618199003514912980","potions_obtained":[{"floor":1,"key":"Fire Potion"},{"floor":3,"key":"EntropicBrew"},{"floor":4,"key":"GamblersBrew"},{"floor":16,"key":"Weak Potion"}],"is_trial":false,"path_per_floor":["M","M","M","M","$","R","M","E","T","$","R","?","R","M","R","B",null,"M","M"],"character_chosen":"DEFECT","items_purchased":["Cold Snap","Apotheosis"],"campfire_rested":2,"item_purchase_floors":[10,10],"current_hp_per_floor":[65,62,61,33,33,55,53,33,33,33,33,33,33,33,55,34,65,60,15,0],"gold":162,"neow_bonus":"TRANSFORM_CARD","is_prod":false,"is_daily":false,"chose_seed":false,"campfire_upgraded":2,"win_rate":0,"timestamp":1536622585,"path_taken":["M","M","M","M","$","R","M","E","T","$","R","?","R","?","R","BOSS","M","M","M"],"build_version":"2018-09-06","purchased_purges":0,"victory":false,"max_hp_per_floor":[75,75,75,75,75,75,75,75,75,75,75,75,75,75,75,75,75,75,75,75],"card_choices":[{"not_picked":["Melter","Stack"],"picked":"Steam","floor":1},{"not_picked":["Tempest","Streamline"],"picked":"Coolheaded","floor":2},{"not_picked":["Turbo","Steam"],"picked":"Ball Lightning","floor":3},{"not_picked":["Hello World","Stack"],"picked":"Hologram","floor":4},{"not_picked":["Conserve Battery","Ball Lightning"],"picked":"Electrodynamics","floor":7},{"not_picked":["Melter","Gash"],"picked":"Chill","floor":8},{"not_picked":["Hologram","Compile Driver"],"picked":"Self Repair","floor":14},{"not_picked":["Buffer","Amplify"],"picked":"Thunder Strike","floor":16},{"not_picked":["Leap","Rip and Tear"],"picked":"Glacier","floor":18},{"not_picked":["Melter","Rip and Tear+1"],"picked":"Ball Lightning+1","floor":19}],"player_experience":1022788,"relics_obtained":[{"floor":8,"key":"Unceasing Top"},{"floor":9,"key":"Bag of Marbles"}],"event_choices":[{"event_name":"Living Wall","player_choice":"Grow","floor":12,"damage_taken":0}],"is_beta":false,"boss_relics":[{"not_picked":["Coffee Dripper","Ectoplasm"],"picked":"Philosopher\u0027s Stone"}],"items_purged_floors":[],"is_endless":false,"potions_floor_spawned":[1,3,4,16,18],"killed_by":"Cultist and Chosen","ascension_level":6}