{"path_per_floor":["M","M","?","M","M","R","$","?","T","$","E","M","R","M","R","B",null,"M","?","M","$","M","R","M","R","T","$","M","M","M","T","R"],"character_chosen":"IRONCLAD","items_purchased":["Flash of Steel","Inflame"],"gold_per_floor":[111,121,121,133,146,146,71,71,71,71,103,123,123,135,135,236,236,253,253,266,36,47,47,61,61,61,61,80,93,105,105,105,105],"floor_reached":33,"campfire_rested":2,"playtime":1782,"current_hp_per_floor":[80,80,80,80,77,77,77,77,77,77,56,56,56,42,42,18,80,79,79,71,71,53,53,36,60,60,60,50,41,20,20,44,0],"items_purged":["Defend_R","Defend_R"],"gold":105,"score":251,"play_id":"32c31869-ea75-4eb7-8faa-3e3c8eb8bffb","local_time":"20180501181016","is_prod":false,"is_daily":false,"chose_seed":false,"is_ascension_mode":false,"campfire_upgraded":4,"timestamp":1525191016,"path_taken":["M","M","?","?","M","R","$","?","T","$","E","M","R","M","R","BOSS","M","?","M","$","M","R","M","R","T","?","M","M","?","?","R","BOSS"],"build_version":"2018-04-28v2","seed_source_timestamp":25449689234518,"purchased_purges":2,"victory":false,"master_deck":["Strike_R","Strike_R","Strike_R","Strike_R","Strike_R","Defend_R","Bash","Perfected Strike+1","Flex+1","Rampage+1","Armaments+1","Demon Form","Twin Strike","Flash of Steel","Inflame+1","Perfected Strike+1","Twin Strike","Wild Strike","Wild Strike+1","Burning Pact+1"],"max_hp_per_floor":[80,80,80,80,80,80,80,80,80,80,80,80,80,80,80,80,80,80,80,80,80,80,80,80,80,80,80,80,80,80,80,80,80],"relics":["Burning Blood","Bag of Preparation","Mummified Hand","Mark of Pain","Bottled Lightning","Centennial Puzzle"],"card_choices":[{"not_picked":["Flex","Second Wind"],"picked":"Perfected Strike","floor":1},{"not_picked":["Cleave","Warcry"],"picked":"Flex","floor":2},{"not_picked":["Combust","Armaments"],"picked":"Rampage","floor":5},{"not_picked":["Entrench","Headbutt"],"picked":"Armaments","floor":14},{"not_picked":["Offering","Barricade"],"picked":"Demon Form","floor":16},{"not_picked":["Flame Barrier","Sword Boomerang"],"picked":"Twin Strike","floor":18},{"not_picked":["True Grit","Disarm"],"picked":"Perfected Strike","floor":22},{"not_picked":["Double Tap","Heavy Blade"],"picked":"Twin Strike","floor":24},{"not_picked":["Heavy Blade","Evolve"],"picked":"Wild Strike","floor":28},{"not_picked":["Dual Wield","Warcry"],"picked":"Wild Strike","floor":29},{"not_picked":["Headbutt","Thunderclap"],"picked":"Burning Pact","floor":30}],"player_experience":26703,"potions_floor_usage":[],"damage_taken":[{"damage":1,"enemies":"Cultist","floor":1,"turns":3},{"damage":1,"enemies":"2 Louse","floor":2,"turns":3},{"damage":3,"enemies":"Small Slimes","floor":4,"turns":2},{"damage":9,"enemies":"Exordium Thugs","floor":5,"turns":5},{"damage":27,"enemies":"3 Sentries","floor":11,"turns":6},{"damage":6,"enemies":"3 Louse","floor":12,"turns":2},{"damage":20,"enemies":"Gremlin Gang","floor":14,"turns":4},{"damage":30,"enemies":"Slime Boss","floor":16,"turns":10},{"damage":7,"enemies":"Chosen","floor":18,"turns":4},{"damage":14,"enemies":"Shell Parasite","floor":20,"turns":4},{"damage":24,"enemies":"Cultist and Chosen","floor":22,"turns":4},{"damage":23,"enemies":"Centurion and Healer","floor":24,"turns":4},{"damage":16,"enemies":"3 Cultists","floor":28,"turns":4},{"damage":15,"enemies":"Snecko","floor":29,"turns":3},{"damage":27,"enemies":"Cultist and Chosen","floor":30,"turns":4},{"damage":61,"enemies":"Collector","floor":33,"turns":6}],"event_choices":[{"event_name":"Upgrade Shrine","player_choice":"Upgraded","floor":3,"damage_taken":0},{"event_name":"Bonfire Elementals","player_choice":"BASIC","floor":8,"damage_taken":0},{"event_name":"The Lab","player_choice":"Got Potions","floor":19,"damage_taken":0}],"boss_relics":[{"not_picked":["Lizard Tail","White Beast Statue"],"picked":"Mark of Pain"}],"potions_floor_spawned":[2,4,14,16,18,20,24],"seed_played":"7383630844253303924","killed_by":"Collector","ascension_level":0,"is_trial":false}