{"gold_per_floor":[118,134,209,55,55,55,84,84,107,125,135,154,170,199,199,303,303,316,335,335,352,65,100,100,61,61,61,61,90,104,104,104,205,205,221,234,140,160,17,44,55,55,82,82,129,144,144,167,167,167,167,167,17,43,43],"floor_reached":55,"playtime":2964,"items_purged":[],"score":913,"play_id":"0bf5a0e8-5d7c-4d53-83a9-58908f0e6ee7","local_time":"20181216225743","is_ascension_mode":true,"campfire_choices":[{"data":"Loop","floor":6,"key":"SMITH"},{"floor":8,"key":"RECALL"},{"floor":15,"key":"REST"},{"floor":24,"key":"REST"},{"data":"Defragment","floor":27,"key":"SMITH"},{"floor":32,"key":"REST"},{"floor":42,"key":"REST"},{"floor":44,"key":"REST"},{"floor":47,"key":"REST"},{"floor":49,"key":"REST"},{"data":"Thunder Strike","floor":52,"key":"SMITH"}],"neow_cost":"NONE","seed_source_timestamp":32224484604916,"circlet_count":0,"master_deck":["Strike_B","Strike_B","Strike_B","Defend_B+1","Defend_B","Defend_B","Defend_B","Zap","Dualcast+1","Leap","Loop+1","Ball Lightning","Consume+1","Conserve Battery+1","Glacier+1","Electrodynamics","BootSequence+1","Echo Form","Auto Shields+1","Redo+1","Darkness+1","Bandage Up+1","Static Discharge","Defragment+1","Core Surge","Conserve Battery+1","Thunder Strike+1","Redo+1","Go for the Eyes+1","Dramatic Entrance","Static Discharge+1","Consume+1","Sunder+1","Heatsinks","Stack+1","Seek+1"],"relics":["Cracked Core","NeowsBlessing","Bronze Scales","Toxic Egg 2","Boot","Mango","Nuclear Battery","FaceOfCleric","Sling","Dead Branch","Cables","Symbiotic Virus","Inserter","Regal Pillow","Anchor","Potion Belt","Incense Burner","Orichalcum","Bag of Preparation","War Paint"],"potions_floor_usage":[14,14,14,18,33,35,40,41,45,50,50],"damage_taken":[{"damage":0,"enemies":"2 Louse","floor":1,"turns":1},{"damage":0,"enemies":"Jaw Worm","floor":2,"turns":1},{"damage":0,"enemies":"Lagavulin","floor":7,"turns":1},{"damage":2,"enemies":"Cultist","floor":10,"turns":3},{"damage":7,"enemies":"Blue Slaver","floor":11,"turns":4},{"damage":19,"enemies":"Exordium Thugs","floor":12,"turns":3},{"damage":6,"enemies":"Gremlin Gang","floor":13,"turns":5},{"damage":10,"enemies":"Gremlin Nob","floor":14,"turns":4},{"damage":21,"enemies":"The Guardian","floor":16,"turns":9},{"damage":3,"enemies":"Spheric Guardian","floor":18,"turns":5},{"damage":4,"enemies":"2 Thieves","floor":19,"turns":2},{"damage":5,"enemies":"Shelled Parasite and Fungi","floor":21,"turns":6},{"damage":35,"enemies":"Slavers","floor":23,"turns":5},{"damage":36,"enemies":"Gremlin Leader","floor":29,"turns":6},{"damage":0,"enemies":"Chosen and Byrds","floor":30,"turns":5},{"damage":15,"enemies":"Champ","floor":33,"turns":12},{"damage":12,"enemies":"3 Darklings","floor":35,"turns":3},{"damage":12,"enemies":"3 Shapes","floor":36,"turns":3},{"damage":58,"enemies":"Jaw Worm Horde","floor":38,"turns":5},{"damage":25,"enemies":"Giant Head","floor":40,"turns":7},{"damage":8,"enemies":"Sphere and 2 Shapes","floor":41,"turns":3},{"damage":16,"enemies":"2 Orb Walkers","floor":45,"turns":3},{"damage":35,"enemies":"Writhing Mass","floor":46,"turns":4},{"damage":99,"enemies":"Awakened One","floor":50,"turns":8},{"damage":18,"enemies":"Shield and Spear","floor":54,"turns":8},{"damage":99,"enemies":"The Heart","floor":55,"turns":5}],"seed_played":"9020029801845237282","potions_obtained":[{"floor":2,"key":"Energy Potion"},{"floor":10,"key":"Energy Potion"},{"floor":12,"key":"Poison Potion"},{"floor":16,"key":"SkillPotion"},{"floor":18,"key":"SteroidPotion"},{"floor":23,"key":"FearPotion"},{"floor":29,"key":"Regen Potion"},{"floor":30,"key":"Explosive Potion"},{"floor":33,"key":"SpeedPotion"},{"floor":36,"key":"Ancient Potion"},{"floor":38,"key":"Block Potion"},{"floor":41,"key":"EssenceOfSteel"},{"floor":46,"key":"Weak Potion"}],"is_trial":false,"path_per_floor":["M","M","?","$","?","R","E","R","T","M","M","M","M","E","R","B",null,"M","M","?","M","$","E","R","$","T","R","$","E","M","T","R","B",null,"M","M","$","M","$","E","M","R","T","R","?","M","R","T","R","B",null,"R","$","E","B"],"character_chosen":"DEFECT","items_purchased":["Bronze Scales","Bandage Up+1","Sling","Defragment","Dramatic Entrance","Regal Pillow","Bag of Preparation"],"campfire_rested":7,"item_purchase_floors":[4,22,22,25,37,39,53],"current_hp_per_floor":[75,75,64,64,64,64,64,64,64,62,55,36,30,34,60,39,89,86,82,82,78,78,50,77,77,77,77,77,48,55,55,82,89,94,89,78,78,27,27,9,2,46,46,90,75,41,86,86,101,15,102,102,102,97,0],"gold":43,"neow_bonus":"THREE_ENEMY_KILL","is_prod":false,"is_daily":false,"chose_seed":false,"campfire_upgraded":3,"win_rate":0,"timestamp":1545019063,"path_taken":["M","M","?","$","?","R","E","R","T","M","?","M","M","E","R","BOSS","M","M","?","M","$","E","R","$","T","R","?","E","?","?","R","BOSS","M","M","$","M","$","E","M","R","T","R","?","M","R","?","R","BOSS","R","$","E","BOSS"],"build_version":"2018-12-13","purchased_purges":0,"victory":false,"max_hp_per_floor":[75,75,75,75,75,75,75,75,75,75,75,75,75,89,89,89,89,89,89,89,90,90,91,91,91,91,91,91,92,93,93,93,94,94,95,96,96,97,97,98,99,99,99,99,100,101,101,101,101,102,102,102,102,103,103],"card_choices":[{"not_picked":["Rebound","Heatsinks"],"picked":"Leap","floor":1},{"not_picked":["Recycle","Conserve Battery"],"picked":"Loop","floor":2},{"not_picked":["Hello World","Melter"],"picked":"Ball Lightning","floor":7},{"not_picked":["Leap+1","Streamline"],"picked":"Consume+1","floor":10},{"not_picked":["Rip and Tear","Loop"],"picked":"Conserve Battery+1","floor":11},{"not_picked":["Ball Lightning","Streamline"],"picked":"Glacier+1","floor":12},{"not_picked":["Leap+1","Steam+1"],"picked":"Electrodynamics","floor":13},{"not_picked":["Streamline","Tempest+1"],"picked":"BootSequence+1","floor":14},{"not_picked":["Rainbow+1","Electrodynamics"],"picked":"Echo Form","floor":16},{"not_picked":["Ball Lightning","Turbo+1"],"picked":"Auto Shields+1","floor":18},{"not_picked":["Conserve Battery+1","Streamline"],"picked":"Redo+1","floor":19},{"not_picked":["Force Field+1","Go for the Eyes"],"picked":"Darkness+1","floor":21},{"not_picked":["Cold Snap","Aggregate+1"],"picked":"Static Discharge","floor":23},{"not_picked":["Skim+1","Go for the Eyes"],"picked":"Core Surge","floor":29},{"not_picked":["Undo+1","Reprogram+1"],"picked":"Conserve Battery+1","floor":30},{"not_picked":["Echo Form","Reboot+1"],"picked":"Thunder Strike","floor":33},{"not_picked":["Coolheaded+1","Steam Power+1"],"picked":"Redo+1","floor":35},{"not_picked":["Coolheaded+1","Streamline+1"],"picked":"Go for the Eyes+1","floor":36},{"not_picked":["Beam Cell","Turbo+1"],"picked":"Static Discharge+1","floor":38},{"not_picked":["FTL","Thunder Strike"],"picked":"Consume+1","floor":40},{"not_picked":["Compile Driver+1","Redo+1"],"picked":"Sunder+1","floor":41},{"not_picked":["Barrage","Darkness+1"],"picked":"Heatsinks","floor":45},{"not_picked":["Barrage+1","Coolheaded+1"],"picked":"Stack+1","floor":46},{"not_picked":["Ball Lightning+1","Biased Cognition"],"picked":"Seek+1","floor":54}],"player_experience":201520,"relics_obtained":[{"floor":7,"key":"Toxic Egg 2"},{"floor":9,"key":"Boot"},{"floor":14,"key":"Mango"},{"floor":23,"key":"Dead Branch"},{"floor":29,"key":"Cables"},{"floor":31,"key":"Symbiotic Virus"},{"floor":40,"key":"Anchor"},{"floor":43,"key":"Potion Belt"},{"floor":45,"key":"Incense Burner"},{"floor":48,"key":"Orichalcum"},{"floor":54,"key":"War Paint"}],"event_choices":[{"damage_healed":0,"gold_gain":75,"player_choice":"Gather Gold","damage_taken":11,"max_hp_gain":0,"max_hp_loss":0,"event_name":"World of Goop","floor":3,"gold_loss":0},{"cards_removed":["Strike_B"],"damage_healed":0,"gold_gain":0,"player_choice":"Offered Basic","damage_taken":0,"max_hp_gain":0,"max_hp_loss":0,"event_name":"Bonfire Elementals","floor":5,"gold_loss":0},{"damage_healed":0,"gold_gain":0,"player_choice":"Trade","damage_taken":0,"relics_obtained":["FaceOfCleric"],"max_hp_gain":0,"max_hp_loss":0,"event_name":"FaceTrader","floor":20,"gold_loss":0},{"damage_healed":0,"gold_gain":0,"player_choice":"Fight","damage_taken":0,"max_hp_gain":0,"max_hp_loss":0,"event_name":"Mysterious Sphere","floor":45,"gold_loss":0}],"is_beta":false,"boss_relics":[{"not_picked":["Empty Cage","FrozenCore"],"picked":"Nuclear Battery"},{"not_picked":["Calling Bell","Philosopher\u0027s Stone"],"picked":"Inserter"}],"items_purged_floors":[],"is_endless":false,"potions_floor_spawned":[2,10,12,13,16,18,23,29,30,33,36,38,41,46],"killed_by":"The Heart","ascension_level":3}