{"path_per_floor":["M","M","M","?","M","E","R","M","T","?","M","E","?","$","R","B",null,"M","M","$","M","?","R","E","M","T","R","E","M","$","M","R","B",null,"M","$","?","M","M","R","E","T","T","M","?","E","R","M","R"],"character_chosen":"IRONCLAD","items_purchased":[],"gold_per_floor":[12,29,46,46,62,100,100,121,121,71,90,130,130,55,55,186,186,200,215,115,136,136,136,169,185,208,208,248,264,139,162,162,283,283,304,154,0,20,36,36,74,74,151,165,165,206,206,231,231],"floor_reached":50,"campfire_rested":3,"playtime":6472,"current_hp_per_floor":[80,78,80,60,62,40,40,46,46,46,54,57,57,57,57,65,80,75,80,80,72,72,72,21,28,28,52,65,76,76,79,79,76,80,68,68,68,75,51,51,31,31,31,34,24,25,49,52,76],"items_purged":["Defend_R","Strike_R","Defend_R","Strike_R"],"gold":231,"score":530,"play_id":"2c82769e-c620-460a-bb36-d84c54a8c5d0","is_prod":false,"is_daily":false,"is_ascension_mode":false,"campfire_upgraded":5,"path_taken":["M","M","M","?","M","E","R","M","T","?","M","E","?","?","R","BOSS","M","M","$","M","?","R","E","M","T","R","E","M","$","M","R","BOSS","M","$","?","M","M","R","E","?","T","M","?","E","R","?","R","BOSS"],"build_version":"2018-02-15-PROD1","purchased_purges":6,"victory":false,"master_deck":["Strike_R","Defend_R","Bash+1","Armaments+1","Clash","Second Wind","Rage","Clash","Battle Trance+1","Headbutt","Impervious","Juggernaut","Clash+1","Fire Breathing+1","Body Slam+1","Clash","Pommel Strike+1","Battle Trance+1","Rampage+1","Shrug It Off","Dark Embrace+1","Armaments+1","Shrug It Off+1","Body Slam","Blood for Blood","Body Slam+1","Madness","Madness","Pommel Strike+1","Demon Form"],"max_hp_per_floor":[80,80,80,80,80,80,80,80,80,80,80,80,80,80,80,80,80,80,80,80,80,80,80,80,80,80,80,80,80,80,80,80,80,80,80,80,80,80,80,80,80,80,80,80,80,80,80,80,80],"relics":["Black Blood","Golden Idol","Blood Vial","Unceasing Top","Magic Flower","Orichalcum","Ancient Tea Set","Calipers","Runic Cube","Red Mask","Mercury Hourglass","Toolbox","Molten Egg 2","Bag of Marbles"],"card_choices":[{"not_picked":["True Grit","Headbutt"],"picked":"Armaments"},{"not_picked":["Power Through","Perfected Strike"],"picked":"Clash"},{"not_picked":["True Grit","Headbutt"],"picked":"Second Wind"},{"not_picked":["Pummel","Shrug It Off"],"picked":"Rage"},{"not_picked":["Body Slam","Perfected Strike"],"picked":"Clash"},{"not_picked":["Shrug It Off","True Grit"],"picked":"Battle Trance"},{"not_picked":["Corruption","Twin Strike"],"picked":"Headbutt"},{"not_picked":["Twin Strike","Battle Trance"],"picked":"Impervious"},{"not_picked":["Impervious","Limit Break"],"picked":"Juggernaut"},{"not_picked":["Clothesline","Heavy Blade"],"picked":"Clash"},{"not_picked":["Headbutt","Perfected Strike"],"picked":"Fire Breathing"},{"not_picked":["Clash","Flex"],"picked":"Body Slam"},{"not_picked":["Sever Soul","Twin Strike"],"picked":"Pommel Strike"},{"not_picked":["Heavy Blade","Headbutt"],"picked":"Battle Trance"},{"not_picked":["Dark Embrace","Heavy Blade"],"picked":"Rampage"},{"not_picked":["Disarm","Dropkick"],"picked":"Shrug It Off"},{"not_picked":["Brutality","Berserk"],"picked":"Dark Embrace"},{"not_picked":["Warcry","True Grit"],"picked":"Armaments"},{"not_picked":["Pummel","True Grit"],"picked":"Shrug It Off"},{"not_picked":["Thunderclap","True Grit"],"picked":"Body Slam"},{"not_picked":["Cleave","Rage"],"picked":"Blood for Blood"},{"not_picked":["Pummel","Shockwave"],"picked":"Body Slam"},{"not_picked":["Twin Strike","Feel No Pain"],"picked":"Pommel Strike"},{"not_picked":["Blood for Blood","Disarm"],"picked":"Demon Form"}],"player_experience":10955,"potions_floor_usage":[12,16,16,16,25,33,41,44,46],"damage_taken":[{"damage":6,"enemies":"Cultist","floor":1,"turns":3},{"damage":8,"enemies":"Jaw Worm","floor":2,"turns":3},{"damage":0,"enemies":"Small Slimes","floor":3,"turns":3},{"damage":4,"enemies":"2 Fungi Beasts","floor":5,"turns":4},{"damage":28,"enemies":"Gremlin Nob","floor":6,"turns":5},{"damage":2,"enemies":"3 Louse","floor":8,"turns":3},{"damage":0,"enemies":"Large Slime","floor":11,"turns":4},{"damage":5,"enemies":"3 Sentries","floor":12,"turns":9},{"damage":4,"enemies":"Slime Boss","floor":16,"turns":6},{"damage":20,"enemies":"Shell Parasite","floor":18,"turns":6},{"damage":11,"enemies":"Spheric Guardian","floor":19,"turns":4},{"damage":23,"enemies":"Slaver and Parasite","floor":21,"turns":5},{"damage":69,"enemies":"Gremlin Leader","floor":24,"turns":5},{"damage":11,"enemies":"Snecko","floor":25,"turns":7},{"damage":5,"enemies":"Book of Stabbing","floor":28,"turns":3},{"damage":7,"enemies":"Chosen and Byrds","floor":29,"turns":4},{"damage":15,"enemies":"Centurion and Healer","floor":31,"turns":4},{"damage":19,"enemies":"Automaton","floor":33,"turns":6},{"damage":27,"enemies":"3 Darklings","floor":35,"turns":6},{"damage":11,"enemies":"3 Shapes","floor":38,"turns":6},{"damage":42,"enemies":"3 Darklings","floor":39,"turns":5},{"damage":38,"enemies":"Giant Head","floor":41,"turns":8},{"damage":15,"enemies":"Sphere and 2 Shapes","floor":44,"turns":6},{"damage":17,"enemies":"Nemesis","floor":46,"turns":7},{"damage":15,"enemies":"4 Shapes","floor":48,"turns":4},{"damage":81,"enemies":"Donu and Deca","floor":50,"turns":6}],"event_choices":[{"event_name":"Golden Idol","player_choice":"Take Damage","floor":4,"damage_taken":0},{"event_name":"The Cleric","player_choice":"Card Removal","floor":10,"damage_taken":0},{"event_name":"Liars Game","player_choice":"disagreed","floor":13,"damage_taken":0},{"event_name":"The Library","player_choice":"Read","floor":22,"damage_taken":0},{"event_name":"Tomb of Lord Red Mask","player_choice":"Paid","floor":37,"damage_taken":0},{"event_name":"Winding Halls","player_choice":"Embrace Madness","floor":45,"damage_taken":0}],"boss_relics":[{"not_picked":["Runic Dome","Snecko Eye"],"picked":"Black Blood"},{"not_picked":["White Beast Statue","Philosopher\u0027s Stone"],"picked":"Runic Cube"}],"potions_floor_spawned":[3,6,8,12,24,28,29,35,44],"seed_played":"4024012085427809136","killed_by":"Donu and Deca","ascension_level":0,"is_trial":false}