{"path_per_floor":["M","M","$","M","?","E","M","?","T","E","M","T","M","M","R","B",null,"M","?","?","?","?","R","M","E","T","E","M","M","?","M","R","B",null,"M","?","?","M","M","E","R","E","T","R","M","?","$","M","R","B"],"character_chosen":"IRONCLAD","items_purchased":["Perfected Strike","Whirlwind","Combust","Metallicize","Metallicize","Strawberry","Pen Nib","Bag of Preparation"],"gold_per_floor":[109,121,99,109,109,136,155,220,220,249,267,292,303,315,315,418,418,436,436,436,436,436,436,451,486,486,521,537,555,470,484,484,584,584,597,597,597,609,623,651,651,686,686,686,704,704,20,31,31,31],"floor_reached":51,"campfire_rested":3,"playtime":3028,"current_hp_per_floor":[74,69,69,68,73,45,36,15,15,8,7,7,10,17,42,49,76,70,70,54,54,38,65,60,53,53,37,38,46,46,45,45,62,85,85,85,85,71,56,29,56,54,54,54,19,103,110,80,80,72],"items_purged":["Battle Trance"],"gold":31,"score":1144,"play_id":"7c48f3bc-2e10-4e71-9d87-80d29ee5281e","local_time":"20180422105138","is_prod":false,"is_daily":false,"chose_seed":false,"is_ascension_mode":true,"campfire_upgraded":1,"timestamp":1524412298,"path_taken":["M","?","$","M","?","E","M","?","T","E","M","?","?","M","R","BOSS","M","?","?","?","?","R","M","E","T","E","?","M","?","M","R","BOSS","M","?","?","M","M","E","R","E","T","R","M","?","?","M","R","BOSS"],"build_version":"2018-04-19","seed_source_timestamp":2383489934590946,"purchased_purges":2,"victory":true,"master_deck":["Strike_R+1","Strike_R+1","Strike_R+1","Strike_R+1","Strike_R+1","Defend_R+1","Defend_R+1","Defend_R+1","Defend_R+1","Bash","Offering","Hemokinesis","Flex","Perfected Strike","Shockwave","Twin Strike","Exhume","Disarm","Rupture+1","Blood for Blood","Hemokinesis","Limit Break+1","Headbutt","Thunderclap+1","Corruption+1","Metallicize+1","Combust","Flame Barrier","Barricade","Pommel Strike+1","Pommel Strike","Combust","Inflame+1","Thunderclap+1","Headbutt","Whirlwind","Combust","Metallicize","Metallicize","Burning Pact"],"max_hp_per_floor":[80,80,80,80,85,85,85,85,85,85,85,85,85,85,85,85,85,85,85,85,85,90,90,90,90,90,90,90,93,93,93,93,93,93,93,93,93,93,93,93,93,93,93,93,93,103,110,110,110,110],"relics":["Burning Blood","Self Forming Clay","Bag of Marbles","Bottled Flame","Pantograph","Blood Vial","Snecko Eye","Nilry\u0027s Codex","Darkstone Periapt","Bottled Lightning","Dream Catcher","Juzu Bracelet","Lizard Tail","The Courier","Sundial","Girya","Strawberry","Pen Nib","Bag of Preparation"],"card_choices":[{"not_picked":["Iron Wave","Reckless Charge"],"picked":"Hemokinesis","floor":1},{"not_picked":["Sword Boomerang","Headbutt"],"picked":"Flex","floor":2},{"not_picked":["Uppercut","Carnage"],"picked":"Shockwave","floor":4},{"not_picked":["Havoc","Thunderclap"],"picked":"Twin Strike","floor":6},{"not_picked":["Burning Pact","True Grit"],"picked":"Exhume","floor":7},{"not_picked":["Infernal Blade","Sword Boomerang"],"picked":"Disarm","floor":8},{"not_picked":["Body Slam","Carnage"],"picked":"Battle Trance","floor":10},{"not_picked":["True Grit","Rampage"],"picked":"Rupture","floor":11},{"not_picked":["Seeing Red","Iron Wave"],"picked":"Blood for Blood","floor":13},{"not_picked":["Cleave","Entrench"],"picked":"Hemokinesis","floor":14},{"not_picked":["Impervious","Dark Embrace"],"picked":"Limit Break","floor":16},{"not_picked":["Disarm","Searing Blow"],"picked":"Headbutt","floor":18},{"not_picked":["Headbutt","Second Wind"],"picked":"Thunderclap","floor":24},{"not_picked":["Intimidate","Double Tap"],"picked":"Corruption","floor":25},{"not_picked":["Warcry","Sword Boomerang"],"picked":"Metallicize","floor":27},{"not_picked":["Warcry","True Grit"],"picked":"Pommel Strike","floor":28},{"not_picked":["Fire Breathing","Headbutt"],"picked":"Combust","floor":29},{"not_picked":["Shrug It Off","Headbutt"],"picked":"Flame Barrier","floor":31},{"not_picked":["Juggernaut","Immolate"],"picked":"Barricade","floor":33},{"not_picked":["Thunderclap","Body Slam"],"picked":"Pommel Strike","floor":35},{"not_picked":["Rage","Havoc"],"picked":"Pommel Strike","floor":38},{"not_picked":["Sentinel","Havoc"],"picked":"Combust","floor":39},{"not_picked":["Flex","Clash"],"picked":"Inflame","floor":40},{"not_picked":["True Grit","Armaments"],"picked":"Thunderclap","floor":41},{"not_picked":["Sword Boomerang","Sever Soul"],"picked":"Headbutt","floor":42},{"not_picked":["Thunderclap","Armaments"],"picked":"Dark Embrace","floor":45},{"not_picked":["Anger","Clash"],"picked":"Burning Pact","floor":48}],"player_experience":188027,"potions_floor_usage":[14,16,29,33,33,40,40,50,50],"damage_taken":[{"damage":4,"enemies":"Cultist","floor":1,"turns":2},{"damage":11,"enemies":"Jaw Worm","floor":2,"turns":2},{"damage":7,"enemies":"Small Slimes","floor":4,"turns":2},{"damage":34,"enemies":"Lagavulin","floor":6,"turns":4},{"damage":15,"enemies":"Exordium Wildlife","floor":7,"turns":2},{"damage":27,"enemies":"Lagavulin Event","floor":8,"turns":4},{"damage":13,"enemies":"3 Sentries","floor":10,"turns":6},{"damage":7,"enemies":"Blue Slaver","floor":11,"turns":3},{"damage":5,"enemies":"Looter","floor":13,"turns":2},{"damage":1,"enemies":"2 Fungi Beasts","floor":14,"turns":3},{"damage":26,"enemies":"Hexaghost","floor":16,"turns":8},{"damage":14,"enemies":"Chosen","floor":18,"turns":4},{"damage":13,"enemies":"Shell Parasite","floor":24,"turns":4},{"damage":15,"enemies":"Slavers","floor":25,"turns":5},{"damage":24,"enemies":"Book of Stabbing","floor":27,"turns":3},{"damage":7,"enemies":"Snake Plant","floor":28,"turns":2},{"damage":3,"enemies":"3 Cultists","floor":29,"turns":3},{"damage":9,"enemies":"Snecko","floor":31,"turns":3},{"damage":16,"enemies":"Champ","floor":33,"turns":8},{"damage":8,"enemies":"Orb Walker","floor":35,"turns":2},{"damage":22,"enemies":"3 Darklings","floor":38,"turns":5},{"damage":23,"enemies":"Maw","floor":39,"turns":6},{"damage":35,"enemies":"Nemesis","floor":40,"turns":7},{"damage":10,"enemies":"2 Orb Walkers","floor":42,"turns":3},{"damage":43,"enemies":"Sphere and 2 Shapes","floor":45,"turns":5},{"damage":36,"enemies":"3 Darklings","floor":48,"turns":3},{"damage":53,"enemies":"Donu and Deca","floor":50,"turns":7}],"event_choices":[{"event_name":"Big Fish","player_choice":"Donut","floor":5,"damage_taken":0},{"event_name":"Dead Adventurer","player_choice":"Searched \u00272\u0027 times","floor":8,"damage_taken":0},{"event_name":"Back to Basics","player_choice":"Simplicity","floor":19,"damage_taken":0},{"event_name":"Cursed Tome","player_choice":"Obtained Book","floor":20,"damage_taken":0},{"event_name":"Upgrade Shrine","player_choice":"Upgraded","floor":21,"damage_taken":0},{"event_name":"Forgotten Altar","player_choice":"Shed Blood","floor":22,"damage_taken":0},{"event_name":"Addict","player_choice":"Obtained Relic","floor":30,"damage_taken":0},{"event_name":"Tomb of Lord Red Mask","player_choice":"Ignored","floor":36,"damage_taken":0},{"event_name":"Bonfire Elementals","player_choice":"RARE","floor":46,"damage_taken":0}],"boss_relics":[{"not_picked":["Philosopher\u0027s Stone","Sozu"],"picked":"Snecko Eye"},{"not_picked":["Black Blood","Velvet Choker"],"picked":"Lizard Tail"}],"potions_floor_spawned":[2,8,11,14,25,28,29,35,40,42],"seed_played":"6060132439554086619","ascension_level":6,"is_trial":false}