{"gold_per_floor":[112,112,3,19,33,62,62,62,113,131,159,177,197,231,231,329,329,347,347,347,367,378,378,413,432,481,481,498,498,498,508,508,508],"floor_reached":33,"playtime":2497,"items_purged":["Strike_G"],"score":343,"play_id":"f084ea88-74d2-4836-bc20-b71233a83192","local_time":"20181223000050","is_ascension_mode":true,"campfire_choices":[{"floor":7,"key":"REST"},{"floor":15,"key":"REST"},{"floor":23,"key":"REST"},{"floor":27,"key":"REST"},{"floor":29,"key":"REST"},{"floor":32,"key":"REST"}],"neow_cost":"NONE","seed_source_timestamp":358361012809931,"circlet_count":0,"master_deck":["Defend_G","Defend_G","Defend_G","Defend_G","Strike_G","Strike_G","Survivor","Neutralize","Grand Finale","Well Laid Plans","Bouncing Flask","Venomology","Expertise","Quick Slash","Dodge and Roll","Poisoned Stab","Distraction","Poisoned Stab","Acrobatics","Leg Sweep","Prepared","Outmaneuver","Corpse Explosion","Backstab+1","Well Laid Plans+1","Storm of Steel+1","Backflip","Concentrate+1","Bouncing Flask","Noxious Fumes","PiercingWail+1","Predator+1","Burst","Quick Slash","PiercingWail+1","A Thousand Cuts","Prepared+1","Bane+1","Catalyst"],"relics":["Ring of the Snake","Anchor","Prayer Wheel","Vajra","Darkstone Periapt","Gambling Chip","Astrolabe","The Courier","Regal Pillow"],"potions_floor_usage":[6,10,10,11,11,13,14,14,14,16,16,18,24,24,24,25,25,28,30,33,33],"damage_taken":[{"damage":7,"enemies":"Small Slimes","floor":1,"turns":6},{"damage":0,"enemies":"2 Louse","floor":4,"turns":2},{"damage":0,"enemies":"Cultist","floor":5,"turns":3},{"damage":33,"enemies":"Lagavulin","floor":6,"turns":6},{"damage":0,"enemies":"Lots of Slimes","floor":10,"turns":1},{"damage":15,"enemies":"3 Sentries","floor":11,"turns":8},{"damage":0,"enemies":"Blue Slaver","floor":12,"turns":3},{"damage":7,"enemies":"Large Slime","floor":13,"turns":7},{"damage":5,"enemies":"Gremlin Nob","floor":14,"turns":4},{"damage":10,"enemies":"Hexaghost","floor":16,"turns":10},{"damage":8,"enemies":"3 Byrds","floor":18,"turns":3},{"damage":2,"enemies":"Chosen","floor":21,"turns":4},{"damage":23,"enemies":"Snake Plant","floor":22,"turns":4},{"damage":44,"enemies":"Gremlin Leader","floor":24,"turns":8},{"damage":2,"enemies":"Centurion and Healer","floor":25,"turns":3},{"damage":51,"enemies":"3 Cultists","floor":28,"turns":6},{"damage":6,"enemies":"Colosseum Slavers","floor":30,"turns":4},{"damage":0,"enemies":"Snecko","floor":31,"turns":3},{"damage":79,"enemies":"Automaton","floor":33,"turns":8}],"seed_played":"9075480123690416340","potions_obtained":[{"floor":5,"key":"GhostInAJar"},{"floor":8,"key":"Energy Potion"},{"floor":8,"key":"Energy Potion"},{"floor":10,"key":"LiquidBronze"},{"floor":11,"key":"EntropicBrew"},{"floor":13,"key":"GhostInAJar"},{"floor":16,"key":"Explosive Potion"},{"floor":21,"key":"FairyPotion"},{"floor":24,"key":"EssenceOfSteel"},{"floor":28,"key":"SpeedPotion"},{"floor":31,"key":"Explosive Potion"}],"is_trial":false,"path_per_floor":["M","?","$","M","M","E","R","?","T","M","E","M","M","E","R","B",null,"M","?","?","M","M","R","E","M","T","R","M","R","?","M","R","B"],"character_chosen":"THE_SILENT","items_purchased":["Bouncing Flask"],"campfire_rested":6,"item_purchase_floors":[3],"current_hp_per_floor":[63,45,45,45,45,12,33,33,33,33,18,18,11,6,27,17,70,62,62,49,47,24,46,2,7,7,44,8,45,39,39,75,0],"gold":508,"neow_bonus":"ONE_RANDOM_RARE_CARD","is_prod":false,"is_daily":false,"chose_seed":false,"campfire_upgraded":0,"win_rate":0,"timestamp":1545541250,"path_taken":["M","?","$","M","M","E","R","?","T","?","E","?","M","E","R","BOSS","M","?","?","M","M","R","E","M","T","R","M","R","?","M","R","BOSS"],"build_version":"2018-12-20","purchased_purges":1,"victory":false,"max_hp_per_floor":[70,70,70,70,70,70,70,70,70,70,70,70,70,70,70,70,70,70,70,75,75,75,75,75,75,75,75,75,75,75,75,75,75],"card_choices":[{"not_picked":["Deadly Poison","Cloak And Dagger"],"picked":"Well Laid Plans","floor":1},{"not_picked":["Cloak And Dagger","Outmaneuver"],"picked":"Venomology","floor":4},{"not_picked":["Backflip","Blade Dance"],"picked":"Expertise","floor":5},{"not_picked":["Dagger Spray","Terror"],"picked":"Quick Slash","floor":6},{"not_picked":["Finisher","Slice"],"picked":"Dodge and Roll","floor":10},{"not_picked":["Quick Slash","Crippling Poison"],"picked":"Poisoned Stab","floor":10},{"not_picked":["Deflect","Deadly Poison"],"picked":"Distraction","floor":11},{"not_picked":["Quick Slash","Tools of the Trade"],"picked":"Poisoned Stab","floor":12},{"not_picked":["Flechettes","Distraction"],"picked":"Acrobatics","floor":12},{"not_picked":["Dagger Spray","Choke"],"picked":"Leg Sweep","floor":13},{"not_picked":["Blade Dance","Acrobatics"],"picked":"Prepared","floor":13},{"not_picked":["Predator","Distraction"],"picked":"Outmaneuver","floor":14},{"not_picked":["Die Die Die","Night Terror"],"picked":"Corpse Explosion","floor":16},{"not_picked":["Bane","Quick Slash+1"],"picked":"Backflip","floor":18},{"not_picked":["Predator","Cloak And Dagger"],"picked":"Concentrate+1","floor":18},{"not_picked":["Bouncing Flask+1","Backflip"],"picked":"Noxious Fumes","floor":21},{"not_picked":["Tactician","Backflip"],"picked":"PiercingWail+1","floor":21},{"not_picked":["Blur","Sucker Punch"],"picked":"Predator+1","floor":22},{"not_picked":["Accuracy+1","Underhanded Strike+1"],"picked":"Burst","floor":22},{"not_picked":["Bane","Cloak And Dagger"],"picked":"Quick Slash","floor":24},{"not_picked":["Bane","Flying Knee"],"picked":"PiercingWail+1","floor":25},{"not_picked":["Sucker Punch","Crippling Poison+1"],"picked":"A Thousand Cuts","floor":25},{"not_picked":["Crippling Poison+1","Dodge and Roll"],"picked":"Prepared+1","floor":28},{"not_picked":["Sucker Punch","Dagger Throw"],"picked":"Bane+1","floor":28},{"not_picked":["Prepared","Eviscerate"],"picked":"Catalyst","floor":31},{"not_picked":["Blade Dance","Riddle With Holes","Eviscerate"],"picked":"SKIP","floor":31}],"player_experience":235333,"relics_obtained":[{"floor":6,"key":"Prayer Wheel"},{"floor":9,"key":"Vajra"},{"floor":11,"key":"Darkstone Periapt"},{"floor":14,"key":"Gambling Chip"},{"floor":24,"key":"The Courier"},{"floor":26,"key":"Regal Pillow"}],"event_choices":[{"damage_healed":0,"gold_gain":0,"player_choice":"Success","damage_taken":18,"relics_obtained":["Anchor"],"max_hp_gain":0,"max_hp_loss":0,"event_name":"Scrap Ooze","floor":2,"gold_loss":0},{"damage_healed":0,"gold_gain":0,"player_choice":"Got Potions","damage_taken":0,"max_hp_gain":0,"max_hp_loss":0,"event_name":"Lab","floor":8,"gold_loss":0},{"damage_healed":0,"gold_gain":0,"player_choice":"Read","damage_taken":0,"max_hp_gain":0,"max_hp_loss":0,"event_name":"The Library","floor":19,"gold_loss":0,"cards_obtained":["Bouncing Flask"]},{"damage_healed":0,"gold_gain":0,"player_choice":"Shed Blood","damage_taken":18,"max_hp_gain":5,"max_hp_loss":0,"event_name":"Forgotten Altar","floor":20,"gold_loss":0},{"damage_healed":0,"gold_gain":0,"player_choice":"Fight","damage_taken":0,"max_hp_gain":0,"max_hp_loss":0,"event_name":"Colosseum","floor":30,"gold_loss":0},{"damage_healed":0,"gold_gain":0,"player_choice":"Fled From Nobs","damage_taken":0,"max_hp_gain":0,"max_hp_loss":0,"event_name":"Colosseum","floor":30,"gold_loss":0}],"is_beta":false,"boss_relics":[{"not_picked":["Lizard Tail","Fusion Hammer"],"picked":"Astrolabe"}],"items_purged_floors":[3],"is_endless":false,"potions_floor_spawned":[5,10,11,13,16,21,24,28,30,31],"killed_by":"Automaton","ascension_level":2}