{"gold_per_floor":[116,30,45,56,67,67,32,32,32,50,125,155,155,219,219,296,296,316,19,36,36,51,76,76,38,38,38,38,50,50,100,100,174,174,188,138,138,154,154,186,201,62,62,79,93,103,103,40,40,40],"floor_reached":50,"playtime":1780,"items_purged":["Defend_B","Strike_B","Consume+1"],"score":1230,"play_id":"359a9b24-f48d-4a7a-8ee4-0c66b0a0b582","local_time":"20181118022025","is_ascension_mode":true,"campfire_choices":[{"data":"Zap","floor":6,"key":"SMITH"},{"data":"Rainbow","floor":8,"key":"SMITH"},{"data":"Defragment","floor":13,"key":"SMITH"},{"data":"Loop","floor":15,"key":"SMITH"},{"data":"Defragment","floor":24,"key":"SMITH"},{"data":"Dualcast","floor":28,"key":"SMITH"},{"floor":32,"key":"REST"},{"floor":47,"key":"REST"},{"floor":49,"key":"RECALL"}],"neow_cost":"NONE","seed_source_timestamp":776123363191080,"circlet_count":0,"master_deck":["AscendersBane","Defend_B+1","Defend_B+1","Zap+1","Dualcast+1","Cold Snap+1","Defragment+1","Loop+1","Leap+1","Rainbow+1","Auto Shields+1","White Noise+1","Defragment+1","Core Surge+1","Cold Snap+1","Doom and Gloom+1","Melter+1","Conserve Battery+1","Machine Learning+1","Loop+1","Go for the Eyes","FTL+1","Redo+1","White Noise+1"],"relics":["Cracked Core","Calipers","FossilizedHelix","Thread and Needle","Sozu","Membership Card","DataDisk","Shuriken","Singing Bowl","Fusion Hammer","Mark of the Bloom","Mercury Hourglass","Cables","Molten Egg 2"],"potions_floor_usage":[12,23,23],"damage_taken":[{"damage":0,"enemies":"2 Louse","floor":1,"turns":2},{"damage":5,"enemies":"Small Slimes","floor":3,"turns":3},{"damage":8,"enemies":"Cultist","floor":4,"turns":4},{"damage":3,"enemies":"Looter","floor":5,"turns":4},{"damage":2,"enemies":"2 Fungi Beasts","floor":10,"turns":4},{"damage":19,"enemies":"3 Sentries","floor":12,"turns":11},{"damage":13,"enemies":"3 Sentries","floor":14,"turns":6},{"damage":0,"enemies":"Slime Boss","floor":16,"turns":9},{"damage":28,"enemies":"3 Byrds","floor":18,"turns":6},{"damage":4,"enemies":"Shell Parasite","floor":20,"turns":6},{"damage":0,"enemies":"Snake Plant","floor":22,"turns":3},{"damage":4,"enemies":"Book of Stabbing","floor":23,"turns":5},{"damage":0,"enemies":"Centurion and Healer","floor":29,"turns":5},{"damage":0,"enemies":"Champ","floor":33,"turns":10},{"damage":2,"enemies":"3 Darklings","floor":35,"turns":5},{"damage":0,"enemies":"3 Shapes","floor":38,"turns":5},{"damage":16,"enemies":"Nemesis","floor":40,"turns":7},{"damage":0,"enemies":"Writhing Mass","floor":41,"turns":5},{"damage":0,"enemies":"Maw","floor":44,"turns":7},{"damage":17,"enemies":"Jaw Worm Horde","floor":45,"turns":4},{"damage":13,"enemies":"Writhing Mass","floor":46,"turns":5},{"damage":34,"enemies":"Donu and Deca","floor":50,"turns":2}],"seed_played":"3662525370512637099","potions_obtained":[{"floor":1,"key":"Weak Potion"},{"floor":10,"key":"SkillPotion"},{"floor":16,"key":"EssenceOfSteel"}],"is_trial":false,"path_per_floor":["M","$","M","M","M","R","?","R","T","M","?","E","R","?","R","B",null,"M","$","M","?","M","E","R","$","T","?","R","M","?","?","R","B",null,"M","$","?","M","?","E","M","$","T","M","M","M","R","$","R","B"],"character_chosen":"DEFECT","items_purchased":["Defragment","Membership Card","DataDisk","Cables"],"campfire_rested":2,"item_purchase_floors":[2,19,19,42],"current_hp_per_floor":[71,71,66,58,55,55,74,74,74,72,61,42,42,29,29,29,66,38,38,34,34,34,30,30,30,30,30,30,30,30,30,53,53,72,70,70,70,70,70,54,54,54,54,54,37,24,24,24,24,0],"gold":40,"neow_bonus":"TEN_PERCENT_HP_BONUS","is_prod":false,"is_daily":false,"chose_seed":false,"campfire_upgraded":6,"win_rate":0,"timestamp":1542536425,"path_taken":["M","$","M","M","M","R","?","R","T","M","?","E","R","?","R","BOSS","M","$","M","?","M","E","R","$","T","?","R","?","?","?","R","BOSS","M","$","?","M","?","E","M","$","T","M","?","M","R","$","R","BOSS"],"build_version":"2018-11-15","purchased_purges":3,"victory":false,"max_hp_per_floor":[78,78,78,78,78,78,78,78,78,78,78,78,78,78,78,78,78,78,78,78,78,78,78,78,78,78,78,78,78,78,78,78,78,78,78,78,78,78,78,78,80,80,80,80,82,82,82,82,82,82],"card_choices":[{"not_picked":["Chaos","Sweeping Beam"],"picked":"Cold Snap","floor":1},{"not_picked":["Beam Cell","Turbo"],"picked":"Loop","floor":3},{"not_picked":["Gash","Barrage"],"picked":"Leap","floor":4},{"not_picked":["Force Field","Redo"],"picked":"Rainbow","floor":5},{"not_picked":["Hologram","Lockon"],"picked":"Auto Shields","floor":10},{"not_picked":["Rip and Tear","Turbo"],"picked":"White Noise","floor":12},{"not_picked":["Sweeping Beam","Barrage"],"picked":"Defragment","floor":14},{"not_picked":["Seek","Reboot"],"picked":"Core Surge","floor":16},{"not_picked":["Compile Driver","Storm"],"picked":"Cold Snap","floor":18},{"not_picked":["Conserve Battery","Barrage","Double Energy+1"],"picked":"SKIP","floor":20},{"not_picked":["Thunder Strike","Steam","Compile Driver"],"picked":"SKIP","floor":22},{"not_picked":["Double Energy","Storm"],"picked":"Conserve Battery","floor":23},{"not_picked":["Redo","Blizzard+1"],"picked":"Consume","floor":29},{"not_picked":["Fission","All For One"],"picked":"Machine Learning","floor":33},{"not_picked":["Sweeping Beam","Redo"],"picked":"Loop","floor":35},{"not_picked":["Steam+1","Hologram"],"picked":"Go for the Eyes","floor":38},{"not_picked":["Rainbow","Steam"],"picked":"FTL+1","floor":40},{"not_picked":["Compile Driver","Turbo","Ball Lightning"],"picked":"Singing Bowl","floor":41},{"not_picked":["Hologram","Double Energy"],"picked":"Redo+1","floor":44},{"not_picked":["Barrage+1","Conserve Battery+1","Fusion"],"picked":"Singing Bowl","floor":45},{"not_picked":["Fission","Stack"],"picked":"White Noise+1","floor":46}],"player_experience":944220,"relics_obtained":[{"floor":9,"key":"Calipers"},{"floor":12,"key":"FossilizedHelix"},{"floor":14,"key":"Thread and Needle"},{"floor":23,"key":"Shuriken"},{"floor":26,"key":"Singing Bowl"},{"floor":40,"key":"Mercury Hourglass"},{"floor":43,"key":"Molten Egg 2"}],"event_choices":[{"damage_healed":19,"gold_gain":0,"player_choice":"Healed","damage_taken":0,"max_hp_gain":0,"max_hp_loss":0,"event_name":"The Cleric","floor":7,"gold_loss":35},{"damage_healed":0,"gold_gain":75,"player_choice":"Gather Gold","damage_taken":11,"max_hp_gain":0,"max_hp_loss":0,"event_name":"World of Goop","floor":11,"gold_loss":0},{"damage_healed":0,"gold_gain":0,"player_choice":"Searched \u00271\u0027 times","damage_taken":0,"max_hp_gain":0,"max_hp_loss":0,"event_name":"Dead Adventurer","floor":14,"gold_loss":0},{"damage_healed":0,"gold_gain":0,"cards_transformed":["Strike_B","Strike_B"],"player_choice":"Became Test Subject","damage_taken":0,"max_hp_gain":0,"max_hp_loss":0,"event_name":"Drug Dealer","floor":21,"gold_loss":0,"cards_obtained":["Doom and Gloom","Melter"]},{"cards_removed":["Defend_B"],"damage_healed":0,"gold_gain":0,"player_choice":"Purged","damage_taken":0,"max_hp_gain":0,"max_hp_loss":0,"event_name":"Purifier","floor":27,"gold_loss":0},{"cards_removed":["Strike_B"],"damage_healed":0,"gold_gain":0,"player_choice":"Elegance","damage_taken":0,"max_hp_gain":0,"max_hp_loss":0,"event_name":"Back to Basics","floor":30,"gold_loss":0},{"damage_healed":0,"gold_gain":50,"player_choice":"Stole From Cult","damage_taken":0,"max_hp_gain":0,"max_hp_loss":0,"event_name":"Nest","floor":31,"gold_loss":0},{"damage_healed":0,"gold_gain":0,"player_choice":"Upgrade","damage_taken":0,"relics_obtained":["Mark of the Bloom"],"max_hp_gain":0,"max_hp_loss":0,"event_name":"MindBloom","floor":37,"gold_loss":0,"cards_upgraded":["Defend_B","Defend_B","Cold Snap","Leap","Auto Shields","White Noise","Core Surge","Cold Snap","Doom and Gloom","Melter","Conserve Battery","Consume","Machine Learning","Loop"]},{"damage_healed":0,"gold_gain":0,"player_choice":"Ignored","damage_taken":0,"max_hp_gain":0,"max_hp_loss":0,"event_name":"WeMeetAgain","floor":39,"gold_loss":0}],"is_beta":true,"boss_relics":[{"not_picked":["White Beast Statue","Snecko Eye"],"picked":"Sozu"},{"not_picked":["Runic Pyramid","Empty Cage"],"picked":"Fusion Hammer"}],"items_purged_floors":[25,36,48],"is_endless":false,"potions_floor_spawned":[1,10,16,22,23,45],"killed_by":"Donu and Deca","ascension_level":20}