{"path_per_floor":["M","$","?","M","M","E","R","$","T","M","M","M","R","M","R","B",null,"M","M","?","M","M","T","?"],"character_chosen":"IRONCLAD","items_purchased":[],"gold_per_floor":[114,39,39,58,77,145,145,45,95,114,133,152,152,171,171,296,296,315,334,334,353,372,372,372,372],"floor_reached":25,"campfire_rested":1,"playtime":1071,"current_hp_per_floor":[80,80,60,63,58,52,52,52,52,51,47,53,77,80,80,28,80,63,45,45,47,22,22,22,0],"items_purged":["Strike_R","Defend_R"],"gold":372,"score":207,"play_id":"dd0fc258-b840-45d8-976f-83314145c56f","local_time":"20180327224352","daily_mods":["Allstar","Uncertain Future","Binary"],"is_prod":false,"is_daily":true,"is_ascension_mode":false,"campfire_upgraded":2,"timestamp":1522208632,"path_taken":["M","$","?","M","M","E","R","?","T","M","M","?","R","M","R","BOSS","M","M","?","M","M","?","?","E"],"build_version":"2018-03-22v2","purchased_purges":2,"victory":false,"master_deck":["Strike_R","Strike_R","Strike_R","Strike_R","Defend_R","Defend_R","Defend_R","Bash","Blind","Apotheosis+1","Iron Wave","Pommel Strike","Iron Wave","Heavy Blade","Flex","Warcry+1","Bloodletting","Whirlwind","Reaper","Berserk","Pommel Strike","Pommel Strike+1","Inflame","Disarm","Disarm"],"max_hp_per_floor":[80,80,80,80,80,80,80,80,80,80,80,80,80,80,80,80,80,80,80,80,80,80,80,80,80],"relics":["Burning Blood","Golden Idol","Tiny Chest","Dream Catcher","Question Card","Ice Cream"],"card_choices":[{"not_picked":["Flame Barrier"],"picked":"Iron Wave","floor":1},{"not_picked":["Headbutt"],"picked":"Pommel Strike","floor":4},{"not_picked":["Clash"],"picked":"Iron Wave","floor":5},{"not_picked":["Sever Soul"],"picked":"Heavy Blade","floor":6},{"not_picked":["Fire Breathing"],"picked":"Flex","floor":10},{"not_picked":["Armaments"],"picked":"Warcry","floor":11},{"not_picked":["Twin Strike"],"picked":"Bloodletting","floor":12},{"not_picked":["Armaments"],"picked":"Whirlwind","floor":13},{"not_picked":["Anger"],"picked":"Reaper","floor":14},{"not_picked":["Double Tap"],"picked":"Berserk","floor":16},{"not_picked":["Thunderclap","Body Slam"],"picked":"Pommel Strike","floor":18},{"not_picked":["Twin Strike","Second Wind"],"picked":"Pommel Strike","floor":19},{"not_picked":["Havoc","Shrug It Off"],"picked":"Disarm","floor":21},{"not_picked":["Clothesline","Juggernaut"],"picked":"Disarm","floor":22}],"player_experience":90395,"potions_floor_usage":[12,14,16,19,21,25],"damage_taken":[{"damage":0,"enemies":"Small Slimes","floor":1,"turns":4},{"damage":3,"enemies":"Jaw Worm","floor":4,"turns":4},{"damage":11,"enemies":"2 Louse","floor":5,"turns":3},{"damage":12,"enemies":"3 Sentries","floor":6,"turns":10},{"damage":7,"enemies":"Looter","floor":10,"turns":4},{"damage":10,"enemies":"Exordium Wildlife","floor":11,"turns":5},{"damage":0,"enemies":"2 Fungi Beasts","floor":12,"turns":2},{"damage":0,"enemies":"Blue Slaver","floor":14,"turns":1},{"damage":58,"enemies":"Hexaghost","floor":16,"turns":10},{"damage":28,"enemies":"3 Byrds","floor":18,"turns":6},{"damage":32,"enemies":"2 Thieves","floor":19,"turns":5},{"damage":16,"enemies":"Centurion and Healer","floor":21,"turns":6},{"damage":31,"enemies":"Slaver and Parasite","floor":22,"turns":5},{"damage":30,"enemies":"Gremlin Leader","floor":25,"turns":4}],"event_choices":[{"event_name":"Golden Idol","player_choice":"Take Damage","floor":3,"damage_taken":0},{"event_name":"The Library","player_choice":"Read","floor":20,"damage_taken":0},{"event_name":"Cursed Tome","player_choice":"Ignored","floor":24,"damage_taken":0}],"boss_relics":[{"not_picked":["Runic Pyramid","Ectoplasm"],"picked":"Question Card"}],"potions_floor_spawned":[4,5,6,11,12,14,18,19],"seed_played":"-186306444568268159","killed_by":"Gremlin Leader","ascension_level":0,"is_trial":false}