{"gold_per_floor":[110,110,72,22,41,71,71,102,179,179,194,194,214,214],"floor_reached":14,"playtime":585,"items_purged":[],"score":118,"play_id":"68a838ee-943a-42db-9ed4-9ee501b74fe7","local_time":"20190207153457","is_ascension_mode":true,"campfire_choices":[{"floor":7,"key":"REST"},{"floor":10,"key":"REST"}],"neow_cost":"NONE","seed_source_timestamp":2335936228579791,"circlet_count":0,"master_deck":["Strike_B","Strike_B","Strike_B","Defend_B","Defend_B","Defend_B","Zap","Dualcast","Go for the Eyes","Sweeping Beam","Storm","Double Energy","Tempest","White Noise","Coolheaded","Barrage"],"relics":["Cracked Core","Bag of Marbles","Letter Opener","Bottled Flame","CultistMask"],"potions_floor_usage":[6,8],"damage_taken":[{"damage":15,"enemies":"2 Louse","floor":1,"turns":3},{"damage":0,"enemies":"Small Slimes","floor":5,"turns":3},{"damage":45,"enemies":"3 Sentries","floor":6,"turns":6},{"damage":29,"enemies":"Lagavulin","floor":8,"turns":6},{"damage":1,"enemies":"Cultist","floor":11,"turns":3},{"damage":0,"enemies":"Large Slime","floor":13,"turns":4},{"damage":42,"enemies":"Gremlin Nob","floor":14,"turns":3}],"seed_played":"8714438420203026500","potions_obtained":[{"floor":5,"key":"Explosive Potion"},{"floor":6,"key":"SkillPotion"},{"floor":13,"key":"Explosive Potion"}],"is_trial":false,"path_per_floor":["M","?","$","?","M","E","R","E","T","R","M","?","M","E"],"character_chosen":"DEFECT","items_purchased":["Storm"],"campfire_rested":2,"item_purchase_floors":[3],"current_hp_per_floor":[60,53,53,53,53,8,30,1,1,23,22,22,22,0],"gold":214,"neow_bonus":"THREE_CARDS","is_prod":false,"is_daily":false,"chose_seed":false,"campfire_upgraded":0,"win_rate":0,"timestamp":1549514097,"path_taken":["M","?","$","?","M","E","R","E","T","R","M","?","M","E"],"build_version":"2019-01-23","purchased_purges":0,"victory":false,"max_hp_per_floor":[75,75,75,75,75,75,75,75,75,75,75,75,75,75],"card_choices":[{"not_picked":["Streamline","BootSequence"],"picked":"Go for the Eyes","floor":0},{"not_picked":["Redo","Leap"],"picked":"Sweeping Beam","floor":1},{"not_picked":["Recycle","Redo"],"picked":"Double Energy","floor":5},{"not_picked":["Compile Driver","Chaos"],"picked":"Tempest","floor":6},{"not_picked":["Redo","Stack"],"picked":"White Noise","floor":8},{"not_picked":["Redo","Go for the Eyes"],"picked":"Coolheaded","floor":11},{"not_picked":["Doom and Gloom","Stack"],"picked":"Barrage","floor":13}],"player_experience":300451,"relics_obtained":[{"floor":6,"key":"Bag of Marbles"},{"floor":8,"key":"Letter Opener"},{"floor":9,"key":"Bottled Flame"}],"event_choices":[{"cards_removed":["Strike_B"],"damage_healed":0,"gold_gain":0,"player_choice":"Card Removal","damage_taken":7,"max_hp_gain":0,"max_hp_loss":0,"event_name":"Golden Wing","floor":2,"gold_loss":0},{"cards_removed":["Defend_B"],"damage_healed":0,"gold_gain":0,"player_choice":"Card Removal","damage_taken":0,"max_hp_gain":0,"max_hp_loss":0,"event_name":"The Cleric","floor":4,"gold_loss":50},{"damage_healed":0,"gold_gain":0,"player_choice":"Trade","damage_taken":0,"relics_obtained":["CultistMask"],"max_hp_gain":0,"max_hp_loss":0,"event_name":"FaceTrader","floor":12,"gold_loss":0}],"is_beta":false,"boss_relics":[],"items_purged_floors":[],"is_endless":false,"potions_floor_spawned":[5,6,13],"killed_by":"Gremlin Nob","ascension_level":4}