{"gold_per_floor":[119,134,284,3,19,51,51,70,96,127,137,156,173,208,208,285,285,301,216,216,216,227,262,262,295,295,315,315,325,325,355,355,426,426,426],"floor_reached":35,"playtime":2276,"items_purged":["Doubt"],"score":928,"play_id":"078a93cb-bbf7-4a65-8bf4-5a579212fcce","local_time":"20190206094113","is_ascension_mode":true,"campfire_choices":[{"floor":7.0,"key":"REST"},{"floor":15.0,"key":"REST"},{"floor":24.0,"key":"REST"},{"floor":28.0,"key":"REST"},{"floor":30.0,"key":"REST"},{"floor":32.0,"key":"RECALL"}],"neow_cost":"NONE","seed_source_timestamp":0,"circlet_count":0,"master_deck":["AscendersBane","Strike_R","Strike_R","Strike_R","Strike_R","Strike_R","Defend_R","Defend_R","Defend_R","Bash","Anger","Pummel","Apotheosis","Headbutt","Clash","Cleave","Warcry","Thunderclap","Impervious","Corruption","Double Tap","Pommel Strike+1","Ghostly Armor","Battle Trance","Pommel Strike+1","Intimidate+1","Offering","Regret","Decay","Normality"],"special_seed":0,"relics":["Burning Blood","NeowsBlessing","Dream Catcher","PreservedInsect","Pen Nib","Shuriken","Fusion Hammer","Bronze Scales","Calipers","Molten Egg 2","Oddly Smooth Stone","Calling Bell","Juzu Bracelet","Matryoshka","Pocketwatch"],"potions_floor_usage":[],"damage_taken":[{"damage":0.0,"enemies":"Cultist","floor":1.0,"turns":1.0},{"damage":0.0,"enemies":"Small Slimes","floor":2.0,"turns":1.0},{"damage":0.0,"enemies":"2 Louse","floor":5.0,"turns":1.0},{"damage":36.0,"enemies":"3 Sentries","floor":6.0,"turns":8.0},{"damage":33.0,"enemies":"Exordium Thugs","floor":8.0,"turns":6.0},{"damage":12.0,"enemies":"Lagavulin","floor":10.0,"turns":3.0},{"damage":11.0,"enemies":"Blue Slaver","floor":11.0,"turns":3.0},{"damage":4.0,"enemies":"Large Slime","floor":12.0,"turns":4.0},{"damage":11.0,"enemies":"Looter","floor":13.0,"turns":2.0},{"damage":8.0,"enemies":"Gremlin Nob","floor":14.0,"turns":3.0},{"damage":50.0,"enemies":"Slime Boss","floor":16.0,"turns":9.0},{"damage":18.0,"enemies":"Chosen","floor":18.0,"turns":4.0},{"damage":0.0,"enemies":"Spheric Guardian","floor":21.0,"turns":2.0},{"damage":4.0,"enemies":"3 Cultists","floor":22.0,"turns":4.0},{"damage":36.0,"enemies":"Gremlin Leader","floor":23.0,"turns":4.0},{"damage":35.0,"enemies":"Book of Stabbing","floor":25.0,"turns":3.0},{"damage":13.0,"enemies":"Cultist and Chosen","floor":27.0,"turns":5.0},{"damage":15.0,"enemies":"Centurion and Healer","floor":29.0,"turns":3.0},{"damage":0.0,"enemies":"Gremlin Leader","floor":31.0,"turns":4.0},{"damage":21.0,"enemies":"Champ","floor":33.0,"turns":7.0}],"seed_played":"6119291139177469773","potions_obtained":[{"floor":2.0,"key":"SpeedPotion"},{"floor":10.0,"key":"SmokeBomb"},{"floor":12.0,"key":"Swift Potion"},{"floor":13.0,"key":"BloodPotion"},{"floor":23.0,"key":"Regen Potion"},{"floor":25.0,"key":"Swift Potion"},{"floor":29.0,"key":"Dexterity Potion"}],"is_trial":false,"path_per_floor":["M","M","?","$","M","E","R","M","T","E","M","M","M","E","R","B",null,"M","?","?","M","M","E","R","E","T","M","R","M","R","E","R","B",null,"M"],"character_chosen":"IRONCLAD","items_purchased":["Apotheosis"],"campfire_rested":5,"item_purchase_floors":[4],"current_hp_per_floor":[74,75,75,75,75,45,67,40,40,34,29,31,26,31,53,9,59,47,47,47,53,55,25,47,27,27,20,42,33,55,61,61,46,68,0],"gold":426,"neow_bonus":"THREE_ENEMY_KILL","is_prod":false,"is_daily":false,"chose_seed":false,"campfire_upgraded":0,"win_rate":0,"timestamp":1549471273,"path_taken":["M","?","?","$","M","E","R","M","T","E","M","M","M","E","R","BOSS","M","?","?","M","M","E","R","E","T","M","R","M","R","E","R","BOSS","M"],"build_version":"2019-01-23","purchased_purges":1,"victory":false,"max_hp_per_floor":[75,75,75,75,75,75,75,75,75,75,75,75,75,75,75,75,75,75,75,75,75,75,75,75,75,75,75,75,75,75,75,75,75,75,75],"card_choices":[{"not_picked":["Twin Strike","Reckless Charge"],"picked":"Anger","floor":1.0},{"not_picked":["Warcry","Flex"],"picked":"Pummel","floor":2.0},{"not_picked":["Dropkick","Reckless Charge"],"picked":"Headbutt","floor":5.0},{"not_picked":["Heavy Blade","Headbutt","Perfected Strike"],"picked":"SKIP","floor":6.0},{"not_picked":["Heavy Blade","Sword Boomerang"],"picked":"Clash","floor":7.0},{"not_picked":["Blood for Blood","Anger","Armaments"],"picked":"SKIP","floor":8.0},{"not_picked":["Clothesline","Battle Trance","Barricade"],"picked":"SKIP","floor":10.0},{"not_picked":["Clothesline","True Grit"],"picked":"Cleave","floor":11.0},{"not_picked":["Anger","Fire Breathing","Headbutt"],"picked":"SKIP","floor":12.0},{"not_picked":["Anger","Headbutt"],"picked":"Warcry","floor":13.0},{"not_picked":["Corruption","Battle Trance"],"picked":"Thunderclap","floor":14.0},{"not_picked":["Berserk","Juggernaut"],"picked":"Impervious","floor":16.0},{"not_picked":["Body Slam","Power Through"],"picked":"Corruption","floor":18.0},{"not_picked":["Carnage","Headbutt+1","Blood for Blood"],"picked":"SKIP","floor":22.0},{"not_picked":["Cleave","Clothesline+1","Twin Strike"],"picked":"SKIP","floor":23.0},{"not_picked":["Shrug It Off","Clash"],"picked":"Double Tap","floor":24.0},{"not_picked":["Battle Trance","Clash"],"picked":"Pommel Strike","floor":25.0},{"not_picked":["Power Through","Evolve"],"picked":"Ghostly Armor","floor":27.0},{"not_picked":["Searing Blow+1","Heavy Blade+1"],"picked":"Battle Trance","floor":29.0},{"not_picked":["Burning Pact","Entrench+1"],"picked":"Pommel Strike+1","floor":30.0},{"not_picked":["Perfected Strike+1","Headbutt+1"],"picked":"Intimidate+1","floor":31.0},{"not_picked":["Immolate+1","Impervious"],"picked":"Offering","floor":33.0}],"player_experience":763963,"relics_obtained":[{"floor":6.0,"key":"Dream Catcher"},{"floor":9.0,"key":"PreservedInsect"},{"floor":10.0,"key":"Pen Nib"},{"floor":14.0,"key":"Shuriken"},{"floor":23.0,"key":"Calipers"},{"floor":25.0,"key":"Molten Egg 2"},{"floor":31.0,"key":"Oddly Smooth Stone"},{"floor":34.0,"key":"Juzu Bracelet"},{"floor":34.0,"key":"Matryoshka"},{"floor":34.0,"key":"Pocketwatch"}],"event_choices":[{"damage_healed":0.0,"max_hp_gain":0.0,"max_hp_loss":0.0,"gold_gain":150.0,"event_name":"Liars Game","player_choice":"AGREE","floor":3.0,"gold_loss":0.0,"damage_taken":0.0,"cards_obtained":["Doubt"]},{"damage_healed":0.0,"max_hp_gain":0.0,"max_hp_loss":0.0,"gold_gain":0.0,"event_name":"Addict","player_choice":"Obtained Relic","floor":19.0,"gold_loss":85.0,"damage_taken":0.0,"relics_obtained":["Bronze Scales"]},{"cards_removed":["Defend_R"],"damage_healed":0.0,"max_hp_gain":0.0,"max_hp_loss":0.0,"gold_gain":0.0,"event_name":"Back to Basics","player_choice":"Elegance","floor":20.0,"gold_loss":0.0,"damage_taken":0.0}],"is_beta":false,"boss_relics":[{"not_picked":["Astrolabe","Runic Cube"],"picked":"Fusion Hammer"},{"not_picked":["White Beast Statue","Coffee Dripper"],"picked":"Calling Bell"}],"items_purged_floors":[4],"is_endless":false,"potions_floor_spawned":[2,10,12,13,21,23,25,29],"killed_by":"3 Shapes","ascension_level":20}