{"gold_per_floor":[113,188,188,113,113,148,148,183,183,219,234,9,59,59,59,154,154,179,179,179,179,167,167,200,200,248,57,77,77,102,27,27,101,101,116,116,28,45,0,0,0,33,56,75,110,122,151,38,38,38,38,38,38,65,65],"floor_reached":55,"playtime":2865,"items_purged":["Storm"],"score":1505,"play_id":"a753666d-4faf-4a25-aa64-18d9a3dfd3d7","local_time":"20181221142139","is_ascension_mode":true,"campfire_choices":[{"data":"Zap","floor":7.0,"key":"SMITH"},{"floor":15.0,"key":"REST"},{"floor":23.0,"key":"REST"},{"floor":25.0,"key":"REST"},{"floor":32.0,"key":"REST"},{"floor":40.0,"key":"REST"},{"floor":46.0,"key":"REST"},{"floor":49.0,"key":"RECALL"},{"data":"Capacitor","floor":52.0,"key":"SMITH"}],"neow_cost":"NONE","seed_source_timestamp":570508760004827,"circlet_count":0,"master_deck":["AscendersBane","Strike_B","Defend_B","Defend_B","Zap+1","Dualcast","Cold Snap+1","Go for the Eyes+1","BootSequence+1","Coolheaded+1","Echo Form","Conserve Battery","Ball Lightning+1","Thunder Strike+1","Defragment","Capacitor+1","Biased Cognition"],"special_seed":0,"relics":["Cracked Core","NeowsBlessing","Bloody Idol","StoneCalendar","Vajra","Singing Bowl","Ginger","Juzu Bracelet","PreservedInsect","Black Star","Enchiridion","Pear","Molten Egg 2","Happy Flower","Lantern","Bag of Preparation","Smiling Mask","Nuclear Battery","The Courier","Red Mask","Mummified Hand","War Paint","Du-Vu Doll","MawBank","Bag of Marbles","Whetstone"],"potions_floor_usage":[],"damage_taken":[{"damage":0.0,"enemies":"Small Slimes","floor":1.0,"turns":1.0},{"damage":0.0,"enemies":"Gremlin Nob","floor":6.0,"turns":1.0},{"damage":0.0,"enemies":"Lagavulin","floor":8.0,"turns":1.0},{"damage":36.0,"enemies":"Gremlin Nob","floor":10.0,"turns":5.0},{"damage":0.0,"enemies":"2 Louse","floor":11.0,"turns":1.0},{"damage":19.0,"enemies":"The Guardian","floor":16.0,"turns":12.0},{"damage":4.0,"enemies":"Chosen","floor":18.0,"turns":6.0},{"damage":16.0,"enemies":"2 Thieves","floor":22.0,"turns":4.0},{"damage":26.0,"enemies":"Gremlin Leader","floor":24.0,"turns":5.0},{"damage":14.0,"enemies":"Snecko","floor":28.0,"turns":7.0},{"damage":48.0,"enemies":"Slavers","floor":30.0,"turns":5.0},{"damage":1.0,"enemies":"Champ","floor":33.0,"turns":12.0},{"damage":17.0,"enemies":"Orb Walker","floor":35.0,"turns":3.0},{"damage":30.0,"enemies":"3 Darklings","floor":38.0,"turns":7.0},{"damage":7.0,"enemies":"Nemesis","floor":42.0,"turns":5.0},{"damage":11.0,"enemies":"Spire Growth","floor":44.0,"turns":5.0},{"damage":29.0,"enemies":"Reptomancer","floor":45.0,"turns":6.0},{"damage":32.0,"enemies":"Sphere and 2 Shapes","floor":47.0,"turns":5.0},{"damage":17.0,"enemies":"Donu and Deca","floor":50.0,"turns":6.0},{"damage":20,"enemies":"Shield and Spear","floor":54,"turns":3},{"damage":72,"enemies":"The Heart","floor":55,"turns":3}],"seed_played":"-4959158623220423115","potions_obtained":[{"floor":8.0,"key":"Strength Potion"},{"floor":11.0,"key":"LiquidBronze"},{"floor":16.0,"key":"SteroidPotion"},{"floor":18.0,"key":"Block Potion"},{"floor":24.0,"key":"EssenceOfSteel"},{"floor":30.0,"key":"Swift Potion"},{"floor":33.0,"key":"FocusPotion"},{"floor":42.0,"key":"Swift Potion"},{"floor":44.0,"key":"EssenceOfSteel"},{"floor":47.0,"key":"Energy Potion"}],"is_trial":false,"path_per_floor":["M","?","?","?","?","E","R","E","T","E","M","$","?","?","R","B",null,"M","?","?","?","M","R","E","R","T","$","M","?","E","?","R","B",null,"M","?","?","M","?","R","$","E","T","M","E","R","M","$","R","B",null,"R","$","E","B"],"character_chosen":"DEFECT","items_purchased":["Juzu Bracelet","Lantern","Hologram","Defragment","Capacitor"],"campfire_rested":6,"item_purchase_floors":[12,27,27,48,48],"current_hp_per_floor":[64,53,53,53,53,53,53,53,53,17,19,19,19,19,38,19,54,52,52,31,31,27,48,39,63,68,68,61,61,20,20,45,49,77,67,67,67,44,44,71,71,71,76,72,50,83,63,68,68,51,86,86,86,71,0],"gold":65,"neow_bonus":"THREE_ENEMY_KILL","is_prod":false,"is_daily":false,"chose_seed":false,"campfire_upgraded":2,"win_rate":0,"timestamp":1545427299,"path_taken":["M","?","?","?","?","E","R","E","T","E","?","$","?","?","R","BOSS","M","?","?","?","M","R","E","R","T","$","M","?","E","?","R","BOSS","M","?","?","M","?","R","$","E","T","M","E","R","M","$","R","BOSS","R","$","E","BOSS"],"build_version":"2018-12-20","purchased_purges":1,"victory":false,"max_hp_per_floor":[71,71,64,64,64,64,64,64,64,64,66,66,66,66,66,66,66,68,68,68,68,70,70,82,82,82,82,84,84,86,86,86,86,86,88,88,88,90,90,90,90,92,92,94,96,96,98,98,98,98,98,98,98,98,98],"card_choices":[{"not_picked":["Go for the Eyes","Gash"],"picked":"Cold Snap","floor":1.0},{"not_picked":["Turbo","Recycle"],"picked":"Go for the Eyes","floor":6.0},{"not_picked":["Aggregate","Steam"],"picked":"BootSequence","floor":8.0},{"not_picked":["Recycle","Beam Cell"],"picked":"Coolheaded","floor":10.0},{"not_picked":["Fusion","Reinforced Body","Doom and Gloom"],"picked":"Singing Bowl","floor":11.0},{"not_picked":["Biased Cognition","Meteor Strike"],"picked":"Echo Form","floor":16.0},{"not_picked":["Coolheaded","Stack","Go for the Eyes"],"picked":"Singing Bowl","floor":18.0},{"not_picked":["Reinforced Body","Auto Shields","Streamline"],"picked":"Singing Bowl","floor":22.0},{"not_picked":["Sweeping Beam+1","Static Discharge+1","Go for the Eyes"],"picked":"Singing Bowl","floor":24.0},{"not_picked":["Rebound+1","Fusion+1","Static Discharge"],"picked":"Singing Bowl","floor":28.0},{"not_picked":["Compile Driver+1","Streamline+1","Reinforced Body"],"picked":"Singing Bowl","floor":30.0},{"not_picked":["Machine Learning","Core Surge+1"],"picked":"Thunder Strike+1","floor":33.0},{"not_picked":["Sweeping Beam+1","Blizzard+1","Steam+1"],"picked":"Singing Bowl","floor":35.0},{"not_picked":["Gash+1","Static Discharge+1","Conserve Battery"],"picked":"Singing Bowl","floor":38.0},{"not_picked":["Go for the Eyes+1","Barrage+1","Beam Cell+1"],"picked":"Singing Bowl","floor":42.0},{"not_picked":["Reboot","Ball Lightning+1","Redo"],"picked":"Singing Bowl","floor":44.0},{"not_picked":["Consume","Static Discharge","Auto Shields"],"picked":"Singing Bowl","floor":45.0},{"not_picked":["Blizzard+1","Conserve Battery","Stack"],"picked":"Singing Bowl","floor":47.0},{"not_picked":["Conserve Battery+1","Leap"],"picked":"Biased Cognition","floor":54}],"player_experience":725712,"relics_obtained":[{"floor":6.0,"key":"StoneCalendar"},{"floor":8.0,"key":"Vajra"},{"floor":9.0,"key":"Singing Bowl"},{"floor":10.0,"key":"Ginger"},{"floor":20.0,"key":"Enchiridion"},{"floor":24.0,"key":"Pear"},{"floor":24.0,"key":"Molten Egg 2"},{"floor":26.0,"key":"Happy Flower"},{"floor":30.0,"key":"Bag of Preparation"},{"floor":30.0,"key":"Smiling Mask"},{"floor":42.0,"key":"Mummified Hand"},{"floor":42.0,"key":"War Paint"},{"floor":45.0,"key":"Du-Vu Doll"},{"floor":45.0,"key":"MawBank"},{"floor":54,"key":"Bag of Marbles"},{"floor":54,"key":"Whetstone"}],"event_choices":[{"damage_healed":0.0,"max_hp_gain":0.0,"max_hp_loss":0.0,"gold_gain":75.0,"event_name":"World of Goop","player_choice":"Gather Gold","floor":2.0,"gold_loss":0.0,"damage_taken":11.0},{"damage_healed":0.0,"max_hp_gain":0.0,"max_hp_loss":7.0,"gold_gain":0.0,"event_name":"Golden Idol","player_choice":"Lose Max HP","floor":3.0,"gold_loss":0.0,"damage_taken":0.0,"relics_obtained":["Golden Idol"]},{"cards_removed":["Strike_B"],"damage_healed":0.0,"max_hp_gain":0.0,"max_hp_loss":0.0,"gold_gain":0.0,"event_name":"The Cleric","player_choice":"Card Removal","floor":4.0,"gold_loss":75.0,"damage_taken":0.0},{"damage_healed":0.0,"max_hp_gain":0.0,"max_hp_loss":0.0,"gold_gain":0.0,"cards_transformed":["Strike_B"],"event_name":"Transmorgrifier","player_choice":"Transformed","floor":5.0,"gold_loss":0.0,"damage_taken":0.0,"cards_obtained":["Storm"]},{"damage_healed":0.0,"max_hp_gain":0.0,"max_hp_loss":0.0,"gold_gain":50.0,"event_name":"Golden Shrine","player_choice":"Pray","floor":13.0,"gold_loss":0.0,"damage_taken":0.0},{"damage_healed":0.0,"max_hp_gain":0.0,"max_hp_loss":0.0,"gold_gain":0.0,"event_name":"Dead Adventurer","player_choice":"Searched \u00271\u0027 times","floor":14.0,"gold_loss":0.0,"damage_taken":0.0,"relics_obtained":["PreservedInsect"]},{"damage_healed":0.0,"max_hp_gain":0.0,"max_hp_loss":0.0,"gold_gain":0.0,"event_name":"Vampires","player_choice":"Ignored","floor":19.0,"gold_loss":0.0,"damage_taken":0.0},{"damage_healed":0.0,"max_hp_gain":0.0,"max_hp_loss":0.0,"gold_gain":0.0,"event_name":"Cursed Tome","player_choice":"Obtained Book","floor":20.0,"gold_loss":0.0,"damage_taken":21.0},{"damage_healed":0.0,"max_hp_gain":0.0,"max_hp_loss":0.0,"gold_gain":0.0,"event_name":"Forgotten Altar","player_choice":"Gave Idol","floor":21.0,"relics_lost":["Golden Idol"],"gold_loss":0.0,"damage_taken":0.0,"relics_obtained":["Bloody Idol"]},{"damage_healed":0.0,"max_hp_gain":0.0,"max_hp_loss":0.0,"gold_gain":0.0,"cards_transformed":["Strike_B","Defend_B"],"event_name":"Drug Dealer","player_choice":"Became Test Subject","floor":29.0,"gold_loss":0.0,"damage_taken":0.0,"cards_obtained":["Conserve Battery","Ball Lightning"]},{"cards_removed":["Defend_B"],"damage_healed":0.0,"max_hp_gain":0.0,"max_hp_loss":0.0,"gold_gain":0.0,"event_name":"Beggar","player_choice":"Gave Gold","floor":31.0,"gold_loss":75.0,"damage_taken":0.0},{"cards_removed":["Hologram"],"damage_healed":0.0,"max_hp_gain":0.0,"max_hp_loss":0.0,"gold_gain":0.0,"event_name":"Falling","player_choice":"Removed Skill","floor":36.0,"gold_loss":0.0,"damage_taken":0.0},{"damage_healed":0.0,"max_hp_gain":0.0,"max_hp_loss":0.0,"gold_gain":0.0,"event_name":"WeMeetAgain","player_choice":"Paid Gold","floor":37.0,"gold_loss":88.0,"damage_taken":0.0,"relics_obtained":["The Courier"]},{"damage_healed":0.0,"max_hp_gain":0.0,"max_hp_loss":0.0,"gold_gain":0.0,"event_name":"Tomb of Lord Red Mask","player_choice":"Paid","floor":39.0,"gold_loss":45.0,"damage_taken":0.0,"relics_obtained":["Red Mask"]}],"is_beta":false,"boss_relics":[{"not_picked":["Lizard Tail","Ectoplasm"],"picked":"Black Star"},{"not_picked":["Busted Crown","Velvet Choker"],"picked":"Nuclear Battery"}],"items_purged_floors":[12],"is_endless":false,"potions_floor_spawned":[8,11,16,18,24,30,33,42,44,47],"killed_by":"The Heart","ascension_level":15}