{"path_per_floor":["M","?","$","?","M","R","E","M","T","?","M","M","$","?","R","B",null,"M","?","?","M","M"],"character_chosen":"DEFECT","items_purchased":["Defragment","Buffer+1","War Paint"],"gold_per_floor":[119,119,37,212,227,227,253,273,273,273,286,304,19,19,19,117,147,158,158,186,199,209,209],"floor_reached":23,"campfire_rested":2,"playtime":548,"item_purchase_floors":[3,13,13],"current_hp_per_floor":[81,65,65,65,58,82,62,52,52,52,40,15,15,15,39,27,87,67,67,57,57,34,0],"items_purged":[],"gold":209,"score":191,"play_id":"604e7c3b-5165-4f86-8929-cb103917aa5d","local_time":"20180603230611","is_prod":false,"is_daily":false,"chose_seed":false,"is_ascension_mode":false,"campfire_upgraded":0,"win_rate":0.0,"timestamp":1528031171,"campfire_choices":[{"floor":6,"key":"REST"},{"floor":15,"key":"REST"}],"path_taken":["M","?","$","?","M","R","E","M","T","?","M","?","$","?","R","BOSS","M","?","?","?","M","E"],"build_version":"2018-05-31","seed_source_timestamp":39853082330423,"purchased_purges":0,"victory":false,"master_deck":["Strike_B+1","Strike_B","Strike_B+1","Defend_B+1","Defend_B","Defend_B","Defend_B","Zap+1","Dualcast+1","Defragment+1","Doubt","Melter+1","Static Discharge+1","Capacitor+1","Defragment+1","Storm+1","Buffer+1","Echo Form+1","Storm+1","Storm+1"],"max_hp_per_floor":[82,82,82,82,82,82,82,82,82,82,82,82,82,82,82,82,87,87,87,87,87,87,87],"relics":["Cracked Core","Frozen Egg 2","Blue Candle","War Paint","Tiny House","Red Mask"],"card_choices":[{"not_picked":["Barrage","Lockon","Coolheaded"],"picked":"SKIP","floor":1},{"not_picked":["Tempest","Gash"],"picked":"Melter","floor":5},{"not_picked":["Conserve Battery","Streamline"],"picked":"Static Discharge","floor":7},{"not_picked":["Core Surge","Beam Cell"],"picked":"Capacitor+1","floor":8},{"not_picked":["Compile Driver","Beam Cell"],"picked":"Defragment+1","floor":11},{"not_picked":["Turbo","Scrape"],"picked":"Storm+1","floor":12},{"not_picked":["Seek","Core Surge"],"picked":"Echo Form+1","floor":16},{"not_picked":["Steam","Lockon"],"picked":"Storm+1","floor":17},{"not_picked":["Streamline+1","Gash","Capacitor+1"],"picked":"SKIP","floor":18},{"not_picked":["Cold Snap+1","Heatsinks+1"],"picked":"Storm+1","floor":20},{"not_picked":["Sunder","Rebound+1","Compile Driver"],"picked":"SKIP","floor":21},{"not_picked":["Beam Cell","Redo+1","Rebound"],"picked":"SKIP","floor":22}],"player_experience":303796,"potions_floor_usage":[20,20,23],"damage_taken":[{"damage":1,"enemies":"Jaw Worm","floor":1,"turns":3},{"damage":7,"enemies":"2 Louse","floor":5,"turns":3},{"damage":20,"enemies":"Gremlin Nob","floor":7,"turns":4},{"damage":10,"enemies":"Small Slimes","floor":8,"turns":3},{"damage":12,"enemies":"Looter","floor":11,"turns":3},{"damage":25,"enemies":"Exordium Thugs","floor":12,"turns":4},{"damage":12,"enemies":"The Guardian","floor":16,"turns":5},{"damage":20,"enemies":"2 Thieves","floor":18,"turns":3},{"damage":10,"enemies":"Masked Bandits","floor":20,"turns":3},{"damage":0,"enemies":"Chosen","floor":21,"turns":2},{"damage":23,"enemies":"Centurion and Healer","floor":22,"turns":5},{"damage":34,"enemies":"Gremlin Leader","floor":23,"turns":2}],"relics_obtained":[{"floor":7,"key":"Frozen Egg 2"},{"floor":9,"key":"Blue Candle"},{"floor":20,"key":"Red Mask"}],"event_choices":[{"event_name":"Shining Light","player_choice":"Entered Light","floor":2,"damage_taken":0},{"event_name":"Liars Game","player_choice":"agreed","floor":4,"damage_taken":0},{"event_name":"Living Wall","player_choice":"Grow","floor":10,"damage_taken":0},{"event_name":"Upgrade Shrine","player_choice":"Upgraded","floor":14,"damage_taken":0},{"event_name":"Back to Basics","player_choice":"Elegance","floor":19,"damage_taken":0},{"event_name":"Masked Bandits","player_choice":"Fought over 158 gold","floor":20,"damage_taken":0}],"boss_relics":[{"not_picked":["Runic Pyramid","Snecko Eye"],"picked":"Tiny House"}],"items_purged_floors":[],"potions_floor_spawned":[5,7,11,12,18,21],"seed_played":"6051595818024237561","killed_by":"Gremlin Leader","ascension_level":0,"potions_obtained":[{"floor":5,"key":"Strength Potion"},{"floor":7,"key":"GamblersBrew"},{"floor":11,"key":"Energy Potion"},{"floor":18,"key":"Poison Potion"},{"floor":21,"key":"Poison Potion"}],"is_trial":false}