{"gold_per_floor":[117,135,235,235,32,59,12,12,83,99,24,55,55,70,70,175,175,194,209,4,4,20,20,51,63,86,86,121,140,158,206,206,311,311,322,66,84,84,101,133,133,152,178,210,210,240,257,290,290,290],"floor_reached":51,"playtime":2010,"items_purged":["Strike_R","Strike_R"],"score":905,"play_id":"d713ce54-df98-41b5-94d6-c53629c7f94d","local_time":"20180818195929","is_ascension_mode":true,"campfire_choices":[{"data":"Warcry","floor":13,"key":"SMITH"},{"floor":15,"key":"REST"},{"floor":23,"key":"REST"},{"data":"Limit Break","floor":27,"key":"SMITH"},{"floor":32,"key":"REST"},{"data":"Apotheosis","floor":41,"key":"SMITH"},{"floor":49,"key":"REST"}],"neow_cost":"NONE","seed_source_timestamp":9188707315667,"circlet_count":0,"master_deck":["Strike_R","Strike_R","Strike_R+1","Defend_R+1","Defend_R","Defend_R","Bash+1","Perfected Strike","Inflame","Warcry+1","Warcry","Spot Weakness","Pommel Strike+1","Immolate","Pummel","Spot Weakness","Limit Break+1","Perfected Strike","Sword Boomerang+1","Offering+1","Seeing Red+1","Infernal Blade+1","Violence","Jack Of All Trades","Apotheosis+1","Iron Wave+1","Offering"],"relics":["Burning Blood","TheAbacus","Mummified Hand","Pear","Orichalcum","Sozu","DollysMirror","Meat on the Bone","Red Skull","Letter Opener","Bag of Preparation","Runic Cube","Whetstone","War Paint","Blood Vial","Question Card","Ginger","Lantern","Omamori"],"potions_floor_usage":[12,22],"damage_taken":[{"damage":0,"enemies":"Small Slimes","floor":1,"turns":3},{"damage":0,"enemies":"Cultist","floor":2,"turns":2},{"damage":29,"enemies":"3 Sentries","floor":6,"turns":9},{"damage":1,"enemies":"Jaw Worm","floor":10,"turns":3},{"damage":30,"enemies":"Lagavulin","floor":12,"turns":4},{"damage":4,"enemies":"Large Slime","floor":14,"turns":6},{"damage":10,"enemies":"Slime Boss","floor":16,"turns":8},{"damage":4,"enemies":"Chosen","floor":18,"turns":3},{"damage":15,"enemies":"3 Byrds","floor":19,"turns":3},{"damage":23,"enemies":"Shelled Parasite and Fungi","floor":22,"turns":4},{"damage":33,"enemies":"Book of Stabbing","floor":24,"turns":4},{"damage":20,"enemies":"Centurion and Healer","floor":25,"turns":3},{"damage":43,"enemies":"Gremlin Leader","floor":28,"turns":6},{"damage":4,"enemies":"Chosen and Byrds","floor":29,"turns":3},{"damage":9,"enemies":"Snecko","floor":30,"turns":3},{"damage":34,"enemies":"Champ","floor":33,"turns":4},{"damage":12,"enemies":"3 Shapes","floor":35,"turns":1},{"damage":9,"enemies":"3 Darklings","floor":37,"turns":3},{"damage":32,"enemies":"Spire Growth","floor":39,"turns":3},{"damage":13,"enemies":"2 Orb Walkers","floor":40,"turns":3},{"damage":3,"enemies":"Flame Bruiser 2 Orb","floor":42,"turns":3},{"damage":19,"enemies":"Nemesis","floor":44,"turns":3},{"damage":21,"enemies":"2 Orb Walkers","floor":46,"turns":2},{"damage":6,"enemies":"Transient","floor":47,"turns":5},{"damage":12,"enemies":"Giant Head","floor":48,"turns":3},{"damage":44,"enemies":"Awakened One","floor":50,"turns":5}],"seed_played":"-3982045736622697060","potions_obtained":[{"floor":10,"key":"Poison Potion"},{"floor":12,"key":"Dexterity Potion"},{"floor":16,"key":"Regen Potion"}],"is_trial":false,"path_per_floor":["M","M","?","?","$","E","$","?","T","M","$","E","R","M","R","B",null,"M","M","$","?","M","R","E","M","T","R","E","M","M","T","R","B",null,"M","$","M","?","M","E","R","M","T","E","T","E","M","E","R","B"],"character_chosen":"IRONCLAD","items_purchased":["TheAbacus","Warcry","DollysMirror","Whetstone"],"campfire_rested":4,"item_purchase_floors":[5,7,20,36],"current_hp_per_floor":[80,80,80,73,73,50,50,50,60,65,65,41,41,43,70,66,90,90,81,81,63,55,83,56,54,54,54,29,43,52,52,80,64,95,89,89,86,76,62,55,55,58,58,59,59,58,60,56,84,60],"gold":290,"neow_bonus":"UPGRADE_CARD","is_prod":false,"is_daily":false,"chose_seed":false,"campfire_upgraded":3,"win_rate":0,"timestamp":1534615169,"path_taken":["M","M","?","?","$","E","?","?","T","M","$","E","R","?","R","BOSS","M","M","$","?","M","R","E","M","T","R","E","M","M","?","R","BOSS","M","$","?","?","M","E","R","M","T","E","?","E","M","E","R","BOSS"],"build_version":"2018-08-16","purchased_purges":2,"victory":true,"max_hp_per_floor":[80,80,80,80,80,80,80,80,90,90,90,90,90,90,90,90,90,90,90,90,95,95,95,95,95,95,95,95,95,95,95,95,95,95,95,95,95,95,95,95,95,95,95,95,95,95,95,95,95,95],"card_choices":[{"not_picked":["Bloodletting","Body Slam"],"picked":"Perfected Strike","floor":1},{"not_picked":["Shrug It Off","Anger"],"picked":"Inflame","floor":2},{"not_picked":["Flame Barrier","True Grit","Disarm"],"picked":"SKIP","floor":6},{"not_picked":["Anger","Burning Pact"],"picked":"Warcry","floor":10},{"not_picked":["Bludgeon","Iron Wave"],"picked":"Spot Weakness","floor":12},{"not_picked":["Anger","Iron Wave"],"picked":"Pommel Strike","floor":14},{"not_picked":["Dark Embrace","Double Tap"],"picked":"Immolate","floor":16},{"not_picked":["Iron Wave","Heavy Blade","Armaments+1"],"picked":"SKIP","floor":18},{"not_picked":["Combust","Corruption+1"],"picked":"Pummel","floor":19},{"not_picked":["True Grit+1","Entrench","Heavy Blade"],"picked":"SKIP","floor":22},{"not_picked":["Body Slam","Heavy Blade"],"picked":"Limit Break","floor":24},{"not_picked":["Uppercut","Burning Pact","Evolve"],"picked":"SKIP","floor":25},{"not_picked":["Juggernaut","Corruption","Wild Strike+1"],"picked":"SKIP","floor":28},{"not_picked":["Pommel Strike","Rage+1"],"picked":"Perfected Strike","floor":29},{"not_picked":["Heavy Blade+1","Headbutt+1"],"picked":"Sword Boomerang+1","floor":30},{"not_picked":["Dark Embrace","Feed"],"picked":"Offering","floor":33},{"not_picked":["Clothesline+1","Clash"],"picked":"Seeing Red+1","floor":35},{"not_picked":["Feel No Pain+1","Spot Weakness"],"picked":"Infernal Blade+1","floor":37},{"not_picked":["HandOfGreed","Panacea"],"picked":"Violence","floor":38},{"not_picked":["Secret Technique","Sadistic Nature"],"picked":"Jack Of All Trades","floor":38},{"not_picked":["Dark Shackles","Madness"],"picked":"Apotheosis","floor":38},{"not_picked":["True Grit","Cleave+1","Heavy Blade"],"picked":"SKIP","floor":39},{"not_picked":["Anger+1","Sword Boomerang"],"picked":"Iron Wave+1","floor":40},{"not_picked":["Heavy Blade","Flex","Clothesline+1"],"picked":"SKIP","floor":42},{"not_picked":["Battle Trance","Heavy Blade+1","Corruption"],"picked":"SKIP","floor":44},{"not_picked":["Intimidate","Twin Strike","Hemokinesis+1","Sever Soul"],"picked":"SKIP","floor":46},{"not_picked":["Power Through","Combust","Impervious","Dual Wield"],"picked":"SKIP","floor":47},{"not_picked":["Spot Weakness+1","Iron Wave+1","Sword Boomerang"],"picked":"Offering","floor":48}],"player_experience":13527,"relics_obtained":[{"floor":6,"key":"Mummified Hand"},{"floor":9,"key":"Pear"},{"floor":12,"key":"Orichalcum"},{"floor":24,"key":"Meat on the Bone"},{"floor":26,"key":"Red Skull"},{"floor":28,"key":"Letter Opener"},{"floor":31,"key":"Bag of Preparation"},{"floor":40,"key":"War Paint"},{"floor":43,"key":"Blood Vial"},{"floor":44,"key":"Question Card"},{"floor":45,"key":"Ginger"},{"floor":46,"key":"Lantern"},{"floor":48,"key":"Omamori"}],"event_choices":[{"event_name":"Golden Shrine","player_choice":"Pray","floor":3,"damage_taken":0},{"event_name":"Golden Wing","player_choice":"Card Removal","floor":4,"damage_taken":0},{"event_name":"The Cleric","player_choice":"Leave","floor":8,"damage_taken":0},{"event_name":"Forgotten Altar","player_choice":"Shed Blood","floor":21,"damage_taken":0},{"event_name":"SensoryStone","player_choice":"Memory 3","floor":38,"damage_taken":0}],"is_beta":true,"boss_relics":[{"not_picked":["Runic Dome","Tiny House"],"picked":"Sozu"},{"not_picked":["White Beast Statue","Snecko Eye"],"picked":"Runic Cube"}],"items_purged_floors":[11,36],"is_endless":false,"potions_floor_spawned":[10,12,16,24,25,28,29,39,40,44,46,47],"ascension_level":1}