{"gold_per_floor":[109,109,284,157,174,205,221,221,272,283,311,61,89,100,100,203,203,216,230,230,250,250,282,282,312,312,347,347,347,347,380,380,478,478,488,89,89,0,13,13,39,55,78,28,28,28,28,43,43,43],"floor_reached":51,"playtime":2079,"items_purged":["Normality","Doubt","Strike_B+1","Zap+1"],"score":856,"play_id":"9d0affe3-d17e-4a71-ab56-602a1be6013c","local_time":"20190203211125","is_ascension_mode":true,"campfire_choices":[{"data":"Zap","floor":8,"key":"SMITH"},{"floor":15,"key":"REST"},{"floor":24,"key":"REST"},{"data":"Defragment","floor":28,"key":"SMITH"},{"data":"Buffer","floor":30,"key":"SMITH"},{"floor":32,"key":"REST"},{"floor":40,"key":"REST"},{"floor":46,"key":"REST"},{"floor":49,"key":"REST"}],"neow_cost":"CURSE","seed_source_timestamp":467103777277318,"circlet_count":0,"master_deck":["Defend_B+1","Defend_B+1","Defend_B+1","Defend_B+1","Biased Cognition","Gash","Gash","Defragment+1","Gash","Seek","Buffer+1","Streamline+1","Chaos+1","Conserve Battery+1","FTL+1","Capacitor","Necronomicurse","Seek","Capacitor+1","Seek","Core Surge","Gash+1","Gash","Storm+1","Defragment"],"relics":["Cracked Core","Lantern","Bag of Marbles","Strawberry","Whetstone","WingedGreaves","Astrolabe","Necronomicon","Omamori","Gambling Chip","Matryoshka","DataDisk","Smiling Mask","Runic Pyramid","Emotion Chip","Red Mask","Blood Vial","Bronze Scales","Ancient Tea Set","Bag of Preparation","Darkstone Periapt"],"potions_floor_usage":[10,11,13,23,23,25,27,31,41,50],"damage_taken":[{"damage":5,"enemies":"2 Louse","floor":1,"turns":2},{"damage":3,"enemies":"Jaw Worm","floor":5,"turns":3},{"damage":18,"enemies":"Lagavulin","floor":6,"turns":6},{"damage":5,"enemies":"Small Slimes","floor":7,"turns":3},{"damage":0,"enemies":"Looter","floor":10,"turns":2},{"damage":11,"enemies":"Gremlin Nob","floor":11,"turns":3},{"damage":18,"enemies":"Lagavulin","floor":13,"turns":4},{"damage":6,"enemies":"Exordium Wildlife","floor":14,"turns":3},{"damage":6,"enemies":"Slime Boss","floor":16,"turns":8},{"damage":5,"enemies":"Chosen","floor":18,"turns":3},{"damage":16,"enemies":"Shell Parasite","floor":19,"turns":5},{"damage":0,"enemies":"Snecko","floor":21,"turns":5},{"damage":28,"enemies":"Book of Stabbing","floor":23,"turns":6},{"damage":14,"enemies":"Slavers","floor":25,"turns":5},{"damage":0,"enemies":"Book of Stabbing","floor":27,"turns":4},{"damage":29,"enemies":"Gremlin Leader","floor":31,"turns":5},{"damage":1,"enemies":"Champ","floor":33,"turns":10},{"damage":25,"enemies":"3 Darklings","floor":35,"turns":6},{"damage":0,"enemies":"Orb Walker","floor":39,"turns":3},{"damage":65,"enemies":"Reptomancer","floor":41,"turns":6},{"damage":0,"enemies":"Spire Growth","floor":42,"turns":4},{"damage":15,"enemies":"Writhing Mass","floor":48,"turns":5},{"damage":42,"enemies":"Donu and Deca","floor":50,"turns":5}],"seed_played":"6736536708750248166","potions_obtained":[{"floor":1,"key":"Fire Potion"},{"floor":10,"key":"SkillPotion"},{"floor":11,"key":"FearPotion"},{"floor":16,"key":"SkillPotion"},{"floor":18,"key":"Explosive Potion"},{"floor":21,"key":"AttackPotion"},{"floor":25,"key":"SkillPotion"},{"floor":27,"key":"Block Potion"},{"floor":33,"key":"Ancient Potion"},{"floor":35,"key":"EssenceOfSteel"},{"floor":48,"key":"Explosive Potion"}],"is_trial":false,"path_per_floor":["M","?","?","$","M","E","M","R","T","M","E","$","E","M","R","B",null,"M","M","?","M","?","E","R","E","T","E","R","?","R","E","R","B",null,"M","$","?","?","M","R","E","M","T","$","T","R","?","M","R","B",null],"character_chosen":"DEFECT","items_purchased":["Gash","Whetstone","Gash","Emotion Chip"],"campfire_rested":6,"item_purchase_floors":[4,12,36,36],"current_hp_per_floor":[70,55,55,55,52,34,29,29,29,29,25,25,7,1,25,19,82,77,61,82,82,66,38,62,48,48,48,48,48,48,19,43,42,82,57,57,57,57,57,81,16,18,18,18,18,42,42,29,53,13],"gold":43,"neow_bonus":"THREE_RARE_CARDS","is_prod":false,"is_daily":false,"chose_seed":false,"campfire_upgraded":3,"win_rate":0,"timestamp":1549188685,"path_taken":["M","?","?","$","M","E","M","R","T","M","E","?","E","M","R","BOSS","M","M","?","M","?","E","R","E","T","E","R","?","R","E","R","BOSS","M","$","?","?","M","R","E","M","T","?","?","R","?","M","R","BOSS"],"build_version":"2019-01-23","purchased_purges":4,"victory":true,"max_hp_per_floor":[75,75,75,75,75,75,75,75,75,75,82,82,82,82,82,82,82,82,82,82,82,82,82,82,82,82,82,82,82,82,82,82,82,82,82,82,82,82,82,82,82,82,82,82,82,82,82,82,82,82],"card_choices":[{"not_picked":["Reboot","Amplify"],"picked":"Biased Cognition","floor":0},{"not_picked":["Sweeping Beam","Sunder"],"picked":"Gash","floor":1},{"not_picked":["Rebound","Static Discharge","Barrage"],"picked":"SKIP","floor":5},{"not_picked":["Ball Lightning","Chaos","Leap"],"picked":"SKIP","floor":6},{"not_picked":["Sunder","Beam Cell","Recycle"],"picked":"SKIP","floor":7},{"not_picked":["Hello World","Stack"],"picked":"Defragment","floor":10},{"not_picked":["Consume","Cold Snap"],"picked":"Gash","floor":11},{"not_picked":["Compile Driver","Double Energy"],"picked":"Seek","floor":13},{"not_picked":["Sweeping Beam","Double Energy","Lockon"],"picked":"SKIP","floor":14},{"not_picked":["Thunder Strike","Creative AI"],"picked":"Buffer","floor":16},{"not_picked":["Fusion","Sweeping Beam"],"picked":"FTL+1","floor":18},{"not_picked":["Reinforced Body","Coolheaded","Compile Driver+1"],"picked":"SKIP","floor":19},{"not_picked":["Stack+1","Fission"],"picked":"Capacitor","floor":21},{"not_picked":["Fusion","Barrage"],"picked":"Seek","floor":23},{"not_picked":["Skim","Consume","Leap"],"picked":"SKIP","floor":25},{"not_picked":["Chaos","Turbo"],"picked":"Capacitor+1","floor":27},{"not_picked":["Barrage+1","Sunder+1"],"picked":"Seek","floor":31},{"not_picked":["Creative AI","Hyperbeam"],"picked":"Core Surge","floor":33},{"not_picked":["Hello World","Leap+1"],"picked":"Gash+1","floor":35},{"not_picked":["Conserve Battery","Stack+1","Leap+1"],"picked":"SKIP","floor":39},{"not_picked":["Redo","Steam+1"],"picked":"Storm+1","floor":41},{"not_picked":["FTL","Hologram","Consume"],"picked":"SKIP","floor":42},{"not_picked":["Reinforced Body+1","Stack"],"picked":"Defragment","floor":48}],"player_experience":1238442,"relics_obtained":[{"floor":6,"key":"Lantern"},{"floor":9,"key":"Bag of Marbles"},{"floor":11,"key":"Strawberry"},{"floor":13,"key":"WingedGreaves"},{"floor":22,"key":"Necronomicon"},{"floor":23,"key":"Omamori"},{"floor":25,"key":"Gambling Chip"},{"floor":26,"key":"Matryoshka"},{"floor":27,"key":"DataDisk"},{"floor":31,"key":"Smiling Mask"},{"floor":41,"key":"Blood Vial"},{"floor":43,"key":"Bronze Scales"},{"floor":43,"key":"Ancient Tea Set"},{"floor":45,"key":"Bag of Preparation"},{"floor":45,"key":"Darkstone Periapt"}],"event_choices":[{"damage_healed":0,"gold_gain":0,"player_choice":"Entered Light","damage_taken":15,"max_hp_gain":0,"max_hp_loss":0,"event_name":"Shining Light","floor":2,"gold_loss":0,"cards_upgraded":["Defend_B","Strike_B"]},{"damage_healed":0,"gold_gain":175,"player_choice":"AGREE","damage_taken":0,"max_hp_gain":0,"max_hp_loss":0,"event_name":"Liars Game","floor":3,"gold_loss":0,"cards_obtained":["Doubt"]},{"damage_healed":27,"gold_gain":0,"player_choice":"Heal","damage_taken":0,"max_hp_gain":0,"max_hp_loss":0,"event_name":"The Library","floor":20,"gold_loss":0},{"damage_healed":0,"gold_gain":0,"player_choice":"Obtained Book","damage_taken":16,"max_hp_gain":0,"max_hp_loss":0,"event_name":"Cursed Tome","floor":22,"gold_loss":0},{"damage_healed":0,"gold_gain":0,"player_choice":"Simplicity","damage_taken":0,"max_hp_gain":0,"max_hp_loss":0,"event_name":"Back to Basics","floor":29,"gold_loss":0,"cards_upgraded":["Defend_B","Defend_B","Defend_B"]},{"cards_removed":["Dualcast"],"damage_healed":0,"gold_gain":0,"player_choice":"Removed Skill","damage_taken":0,"max_hp_gain":0,"max_hp_loss":0,"event_name":"Falling","floor":37,"gold_loss":0},{"damage_healed":0,"gold_gain":0,"player_choice":"Paid","damage_taken":0,"relics_obtained":["Red Mask"],"max_hp_gain":0,"max_hp_loss":0,"event_name":"Tomb of Lord Red Mask","floor":38,"gold_loss":89},{"damage_healed":0,"gold_gain":0,"player_choice":"Ignored","damage_taken":0,"max_hp_gain":0,"max_hp_loss":0,"event_name":"Mysterious Sphere","floor":47,"gold_loss":0}],"is_beta":true,"boss_relics":[{"not_picked":["Fusion Hammer","Snecko Eye"],"picked":"Astrolabe"},{"not_picked":["Runic Dome","Lizard Tail"],"picked":"Runic Pyramid"}],"items_purged_floors":[4,12,36,44],"is_endless":false,"potions_floor_spawned":[1,10,11,16,18,21,25,27,33,35,48],"ascension_level":1}