{"gold_per_floor":[118,193,193,193,118,149,149,174,174,47,47,81,96,271,271,271],"floor_reached":16,"playtime":734,"items_purged":["Injury","Dualcast"],"score":140,"play_id":"38cc9b30-5900-48f2-86f8-aab417871bb9","local_time":"20190103223753","is_ascension_mode":true,"campfire_choices":[{"floor":7,"key":"REST"},{"floor":15,"key":"REST"}],"neow_cost":"NONE","seed_source_timestamp":1181573664208902,"circlet_count":0,"master_deck":["Strike_B","Strike_B","Defend_B","Defend_B","Defend_B","Defend_B","Zap+1","Glacier","Chill","Chill","Capacitor","Consume","Biased Cognition","Force Field","Doubt"],"relics":["Cracked Core","Golden Idol","Smiling Mask","Odd Mushroom","Mummified Hand","Shuriken"],"potions_floor_usage":[12],"damage_taken":[{"damage":1,"enemies":"2 Louse","floor":1,"turns":2},{"damage":24,"enemies":"Lagavulin","floor":6,"turns":9},{"damage":18,"enemies":"The Mushroom Lair","floor":8,"turns":7},{"damage":2,"enemies":"Gremlin Nob","floor":12,"turns":6},{"damage":0,"enemies":"Small Slimes","floor":13,"turns":3},{"damage":55,"enemies":"The Guardian","floor":16,"turns":17}],"seed_played":"8056415202935536353","potions_obtained":[{"floor":6,"key":"PowerPotion"},{"floor":13,"key":"EssenceOfSteel"}],"is_trial":false,"path_per_floor":["M","?","?","?","$","E","R","?","T","$","?","E","M","?","R","B"],"character_chosen":"DEFECT","items_purchased":["Capacitor"],"campfire_rested":2,"item_purchase_floors":[10],"current_hp_per_floor":[67,56,49,49,49,25,47,29,29,29,29,27,27,27,49,0],"gold":271,"neow_bonus":"UPGRADE_CARD","is_prod":false,"is_daily":false,"chose_seed":false,"campfire_upgraded":0,"win_rate":0,"timestamp":1546576673,"path_taken":["M","?","?","?","$","E","R","?","T","?","?","E","?","?","R","BOSS"],"build_version":"2019-01-03v2","purchased_purges":2,"victory":false,"max_hp_per_floor":[75,75,75,75,75,75,75,75,75,75,75,75,75,75,75,75],"card_choices":[{"not_picked":["Rebound","Sweeping Beam"],"picked":"Glacier","floor":1},{"not_picked":["Compile Driver","Barrage"],"picked":"Chill","floor":6},{"not_picked":["Go for the Eyes","Streamline"],"picked":"Chill","floor":8},{"not_picked":["Barrage","Sunder"],"picked":"Biased Cognition","floor":12},{"not_picked":["Streamline","Conserve Battery"],"picked":"Force Field","floor":13}],"player_experience":370155,"relics_obtained":[{"floor":6,"key":"Smiling Mask"},{"floor":8,"key":"Odd Mushroom"},{"floor":9,"key":"Mummified Hand"},{"floor":12,"key":"Shuriken"}],"event_choices":[{"damage_healed":0,"gold_gain":75,"player_choice":"Gather Gold","damage_taken":11,"max_hp_gain":0,"max_hp_loss":0,"event_name":"World of Goop","floor":2,"gold_loss":0},{"cards_removed":["Strike_B"],"damage_healed":0,"gold_gain":0,"player_choice":"Card Removal","damage_taken":7,"max_hp_gain":0,"max_hp_loss":0,"event_name":"Golden Wing","floor":3,"gold_loss":0},{"damage_healed":0,"gold_gain":0,"player_choice":"Take Wound","damage_taken":0,"relics_obtained":["Golden Idol"],"max_hp_gain":0,"max_hp_loss":0,"event_name":"Golden Idol","floor":4,"gold_loss":0,"cards_obtained":["Injury"]},{"damage_healed":0,"gold_gain":0,"player_choice":"Fought Mushrooms","damage_taken":0,"max_hp_gain":0,"max_hp_loss":0,"event_name":"Mushrooms","floor":8,"gold_loss":0},{"damage_healed":0,"gold_gain":0,"cards_transformed":["Strike_B"],"player_choice":"Transformed","damage_taken":0,"max_hp_gain":0,"max_hp_loss":0,"event_name":"Transmorgrifier","floor":11,"gold_loss":0,"cards_obtained":["Consume"]},{"damage_healed":0,"gold_gain":175,"player_choice":"AGREE","damage_taken":0,"max_hp_gain":0,"max_hp_loss":0,"event_name":"Liars Game","floor":14,"gold_loss":0,"cards_obtained":["Doubt"]}],"is_beta":false,"boss_relics":[],"items_purged_floors":[5,10],"is_endless":false,"potions_floor_spawned":[6,13],"killed_by":"The Guardian","ascension_level":7}