{"gold_per_floor":[367,367,386,267,277,277,292,319,388,388,388,407,507,507,507,605,605,589,589,600,450,469,469,469,469],"floor_reached":25,"playtime":1683,"items_purged":[],"score":264,"play_id":"c6fc9bb1-9ad4-4092-878b-2145fd872059","local_time":"20180831075440","is_ascension_mode":true,"campfire_choices":[{"data":"Defragment","floor":6.0,"key":"SMITH"},{"floor":15.0,"key":"REST"},{"floor":23,"key":"REST"}],"neow_cost":"TEN_PERCENT_HP_LOSS","seed_source_timestamp":0,"circlet_count":0,"master_deck":["Strike_B","Strike_B","Strike_B","Strike_B","Defend_B","Defend_B","Defend_B","Defend_B","Zap+1","Dualcast","Leap","Conserve Battery","Defragment+1","Chaos","Self Repair","Genetic Algorithm","Machine Learning","Conserve Battery+1","Streamline","Zap","Ball Lightning","Electrodynamics","Redo"],"special_seed":0,"relics":["Cracked Core","Torii","Cables","Nloth\u0027s Gift"],"potions_floor_usage":[],"damage_taken":[{"damage":7.0,"enemies":"Jaw Worm","floor":1.0,"turns":3.0},{"damage":2.0,"enemies":"Cultist","floor":3.0,"turns":4.0},{"damage":9.0,"enemies":"Small Slimes","floor":5.0,"turns":3.0},{"damage":5.0,"enemies":"2 Fungi Beasts","floor":7.0,"turns":3.0},{"damage":47.0,"enemies":"Gremlin Nob","floor":8.0,"turns":5.0},{"damage":0.0,"enemies":"Gremlin Gang","floor":12.0,"turns":2.0},{"damage":0.0,"enemies":"3 Sentries","floor":14.0,"turns":1.0},{"damage":4.0,"enemies":"Hexaghost","floor":16.0,"turns":9.0},{"damage":24,"enemies":"2 Thieves","floor":18,"turns":4},{"damage":13,"enemies":"Spheric Guardian","floor":20,"turns":4},{"damage":27,"enemies":"Cultist and Chosen","floor":22,"turns":5},{"damage":0,"enemies":"Book of Stabbing","floor":25,"turns":1}],"seed_played":"-4841636721072701915","potions_obtained":[{"floor":3.0,"key":"Explosive Potion"},{"floor":7.0,"key":"SteroidPotion"},{"floor":8.0,"key":"Explosive Potion"},{"floor":11.0,"key":"SmokeBomb"},{"floor":12.0,"key":"AttackPotion"},{"floor":16.0,"key":"Dexterity Potion"}],"is_trial":false,"path_per_floor":["M","?","M","$","M","R","M","E","T","?","?","M","?","E","R","B",null,"M","?","M","$","M","R","?"],"character_chosen":"DEFECT","items_purchased":["Defragment","Chaos","Electrodynamics"],"campfire_rested":2,"item_purchase_floors":[4,4,21],"current_hp_per_floor":[61,66,64,64,55,55,50,10,10,10,10,10,10,10,31,34,63,46,46,40,40,20,41,41,41],"gold":469,"neow_bonus":"TWO_FIFTY_GOLD","is_prod":false,"is_daily":false,"chose_seed":false,"campfire_upgraded":1,"win_rate":0,"timestamp":1535727280,"path_taken":["M","?","M","$","M","R","M","E","T","?","?","M","?","E","R","BOSS","M","?","M","$","M","R","?","E"],"build_version":"2018-08-30","purchased_purges":0,"victory":false,"max_hp_per_floor":[68,73,73,73,73,73,73,73,73,73,73,73,73,73,73,73,73,73,73,73,73,73,73,73,73],"card_choices":[{"not_picked":["Storm","Lockon"],"picked":"Leap","floor":1.0},{"not_picked":["Sweeping Beam","Consume"],"picked":"Conserve Battery","floor":3.0},{"not_picked":["Stack","Reinforced Body","Steam Power"],"picked":"SKIP","floor":5.0},{"not_picked":["Darkness","Reinforced Body"],"picked":"Self Repair","floor":7.0},{"not_picked":["Scrape","Hologram"],"picked":"Genetic Algorithm","floor":8.0},{"not_picked":["Reprogram","Streamline","Force Field"],"picked":"SKIP","floor":12.0},{"not_picked":["Meteor Strike","All For One"],"picked":"Machine Learning","floor":16.0},{"not_picked":["Stack","Force Field"],"picked":"Conserve Battery+1","floor":18},{"not_picked":["Auto Shields+1","Conserve Battery"],"picked":"Ball Lightning","floor":20},{"not_picked":["Sweeping Beam","Tempest"],"picked":"Redo","floor":22}],"player_experience":992657,"relics_obtained":[{"floor":8.0,"key":"Torii"},{"floor":9.0,"key":"Cables"}],"event_choices":[{"event_name":"Big Fish","player_choice":"Donut","floor":2.0,"damage_taken":0.0},{"event_name":"Living Wall","player_choice":"Grow","floor":10.0,"damage_taken":0.0},{"event_name":"The Lab","player_choice":"Got Potions","floor":11.0,"damage_taken":0.0},{"event_name":"Golden Shrine","player_choice":"Pray","floor":13.0,"damage_taken":0.0},{"event_name":"Match and Keep!","player_choice":"2 cards matched","floor":19,"damage_taken":0},{"event_name":"N\u0027loth","player_choice":"Traded a Velvet Choker","floor":24,"damage_taken":0}],"is_beta":false,"boss_relics":[{"not_picked":["Ectoplasm","Snecko Eye"],"picked":"Velvet Choker"}],"items_purged_floors":[],"is_endless":false,"potions_floor_spawned":[3,7,8,12,16,18,20],"killed_by":"Book of Stabbing","ascension_level":5}