{"gold_per_floor":[109,122,138,153,53,80,96,128,208,208],"floor_reached":10,"playtime":491,"items_purged":[],"score":96,"play_id":"ba107e4c-6f74-46c9-b8d4-3b74c600db47","local_time":"20180723234913","is_ascension_mode":true,"campfire_choices":[],"neow_cost":"NONE","seed_source_timestamp":14295144981926,"circlet_count":0,"master_deck":["Strike_B","Strike_B","Strike_B","Strike_B","Defend_B","Defend_B","Defend_B","Defend_B","Zap","Dualcast","Reboot","Heatsinks","Static Discharge","Sweeping Beam","Self Repair","Deep Breath","Hologram","Beam Cell","Steam"],"relics":["Cracked Core","Bird Faced Urn","Bottled Flame","Symbiotic Virus"],"potions_floor_usage":[2,10,10],"damage_taken":[{"damage":0,"enemies":"Jaw Worm","floor":1,"turns":5},{"damage":0,"enemies":"Small Slimes","floor":2,"turns":2},{"damage":10,"enemies":"2 Louse","floor":3,"turns":2},{"damage":12,"enemies":"Looter","floor":4,"turns":3},{"damage":46,"enemies":"Lagavulin","floor":6,"turns":6},{"damage":0,"enemies":"Large Slime","floor":7,"turns":5},{"damage":25,"enemies":"Gremlin Nob","floor":8,"turns":4},{"damage":22,"enemies":"Lagavulin","floor":10,"turns":5}],"seed_played":"2667902604664412567","potions_obtained":[{"floor":1,"key":"Explosive Potion"},{"floor":6,"key":"Dexterity Potion"},{"floor":7,"key":"GamblersBrew"}],"is_trial":false,"path_per_floor":["M","M","M","M","$","E","M","E","T"],"character_chosen":"DEFECT","items_purchased":["Deep Breath"],"campfire_rested":0,"item_purchase_floors":[5],"current_hp_per_floor":[75,75,65,53,53,14,27,15,15,0],"gold":208,"neow_bonus":"ONE_RANDOM_RARE_CARD","is_prod":false,"is_daily":false,"chose_seed":false,"campfire_upgraded":0,"win_rate":0,"timestamp":1532382553,"path_taken":["M","M","M","M","$","E","M","E","T","E"],"build_version":"2018-07-19","purchased_purges":0,"victory":false,"max_hp_per_floor":[75,75,75,75,75,75,75,75,75,75],"card_choices":[{"not_picked":["Recycle","Beam Cell"],"picked":"Heatsinks","floor":1},{"not_picked":["Barrage","Lockon"],"picked":"Static Discharge","floor":2},{"not_picked":["Redo","Gash"],"picked":"Sweeping Beam","floor":3},{"not_picked":["Redo","Go for the Eyes"],"picked":"Self Repair","floor":4},{"not_picked":["Tempest","Streamline"],"picked":"Hologram","floor":6},{"not_picked":["Rebound","Redo"],"picked":"Beam Cell","floor":7},{"not_picked":["Conserve Battery","Streamline"],"picked":"Steam","floor":8}],"player_experience":343254,"relics_obtained":[{"floor":6,"key":"Bird Faced Urn"},{"floor":8,"key":"Bottled Flame"},{"floor":9,"key":"Symbiotic Virus"}],"event_choices":[],"is_beta":true,"boss_relics":[],"items_purged_floors":[],"is_endless":false,"potions_floor_spawned":[1,6,7],"killed_by":"Lagavulin","ascension_level":4}