{"gold_per_floor":[110,121,121,133,143,170,170,201,201,201,151,161,161,179,179,282,282,293,319,229,246,246,246,261,261],"floor_reached":25,"playtime":1052,"items_purged":[],"score":224,"play_id":"bedcd175-e4fc-49c6-92c6-7079345a1d21","local_time":"20190205012212","is_ascension_mode":true,"campfire_choices":[{"data":"Dualcast","floor":7,"key":"SMITH"},{"data":"Echo Form","floor":10,"key":"SMITH"},{"data":"Go for the Eyes","floor":13,"key":"SMITH"},{"data":"Genetic Algorithm","floor":15,"key":"SMITH"},{"floor":23,"key":"REST"}],"neow_cost":"NONE","seed_source_timestamp":145151655354677,"circlet_count":0,"master_deck":["Strike_B","Strike_B","Defend_B","Defend_B","Defend_B","Defend_B+1","Zap+1","Dualcast+1","Ball Lightning","Beam Cell+1","Genetic Algorithm+1","Go for the Eyes+1","Hologram+1","Echo Form+1","Steam Power+1","Creative AI","Conserve Battery+1","Redo+1","Necronomicurse","Conserve Battery+1"],"relics":["Cracked Core","Toxic Egg 2","Blood Vial","Bottled Tornado","Black Star","Red Mask","Necronomicon"],"potions_floor_usage":[8,16,16,19,21],"damage_taken":[{"damage":1,"enemies":"Jaw Worm","floor":1,"turns":3},{"damage":0,"enemies":"2 Louse","floor":2,"turns":2},{"damage":0,"enemies":"Small Slimes","floor":4,"turns":3},{"damage":10,"enemies":"Exordium Thugs","floor":5,"turns":3},{"damage":12,"enemies":"Gremlin Nob","floor":6,"turns":3},{"damage":28,"enemies":"Lagavulin","floor":8,"turns":4},{"damage":0,"enemies":"2 Fungi Beasts","floor":12,"turns":2},{"damage":2,"enemies":"Looter","floor":14,"turns":3},{"damage":18,"enemies":"The Guardian","floor":16,"turns":8},{"damage":7,"enemies":"Shell Parasite","floor":18,"turns":7},{"damage":40,"enemies":"Masked Bandits","floor":19,"turns":6},{"damage":11,"enemies":"2 Thieves","floor":21,"turns":4},{"damage":15,"enemies":"Snake Plant","floor":24,"turns":4},{"damage":28,"enemies":"Gremlin Leader","floor":25,"turns":7}],"seed_played":"-568859623069659346","potions_obtained":[{"floor":1,"key":"FearPotion"},{"floor":2,"key":"Dexterity Potion"},{"floor":6,"key":"Regen Potion"},{"floor":14,"key":"FocusPotion"},{"floor":18,"key":"FocusPotion"}],"is_trial":false,"path_per_floor":["M","M","?","M","M","E","R","E","T","R","?","M","R","M","R","B",null,"M","?","?","M","?","R","M","E"],"character_chosen":"DEFECT","items_purchased":[],"campfire_rested":1,"item_purchase_floors":[],"current_hp_per_floor":[74,74,74,74,64,52,52,24,24,24,24,26,26,26,26,10,75,68,30,30,33,17,39,26,0],"gold":261,"neow_bonus":"UPGRADE_CARD","is_prod":false,"is_daily":false,"chose_seed":false,"campfire_upgraded":4,"win_rate":0,"timestamp":1549358532,"path_taken":["M","M","?","M","M","E","R","E","T","R","?","M","R","M","R","BOSS","M","?","?","?","?","R","M","E"],"build_version":"2019-01-23","purchased_purges":0,"victory":false,"max_hp_per_floor":[75,75,75,75,75,75,75,75,75,75,75,75,75,75,75,75,75,75,75,75,75,75,75,75,75],"card_choices":[{"not_picked":["Consume","Blizzard"],"picked":"Ball Lightning","floor":1},{"not_picked":["Tempest","Force Field"],"picked":"Beam Cell","floor":2},{"not_picked":["Barrage","Stack"],"picked":"Genetic Algorithm","floor":4},{"not_picked":["Redo","Leap"],"picked":"Go for the Eyes","floor":5},{"not_picked":["Melter","Redo"],"picked":"Hologram","floor":6},{"not_picked":["Leap+1","Cold Snap"],"picked":"Echo Form","floor":8},{"not_picked":["Force Field+1","Turbo+1","Barrage"],"picked":"SKIP","floor":12},{"not_picked":["Gash","Turbo+1"],"picked":"Steam Power+1","floor":14},{"not_picked":["Reboot+1","Machine Learning"],"picked":"Creative AI","floor":16},{"not_picked":["Heatsinks","Turbo+1"],"picked":"Conserve Battery+1","floor":18},{"not_picked":["Stack+1","Reprogram+1"],"picked":"Redo+1","floor":19},{"not_picked":["Ball Lightning","Go for the Eyes","Turbo+1"],"picked":"SKIP","floor":21},{"not_picked":["Storm","Reinforced Body+1"],"picked":"Conserve Battery+1","floor":24}],"player_experience":1027538,"relics_obtained":[{"floor":6,"key":"Toxic Egg 2"},{"floor":8,"key":"Blood Vial"},{"floor":9,"key":"Bottled Tornado"},{"floor":19,"key":"Red Mask"},{"floor":22,"key":"Necronomicon"}],"event_choices":[{"damage_healed":0,"gold_gain":0,"player_choice":"Grow","damage_taken":0,"max_hp_gain":0,"max_hp_loss":0,"event_name":"Living Wall","floor":3,"gold_loss":0,"cards_upgraded":["Beam Cell"]},{"cards_removed":["Strike_B"],"damage_healed":0,"gold_gain":0,"player_choice":"Card Removal","damage_taken":0,"max_hp_gain":0,"max_hp_loss":0,"event_name":"The Cleric","floor":11,"gold_loss":50},{"damage_healed":0,"gold_gain":0,"player_choice":"Fought Bandits","damage_taken":0,"max_hp_gain":0,"max_hp_loss":0,"event_name":"Masked Bandits","floor":19,"gold_loss":0},{"cards_removed":["Strike_B"],"damage_healed":0,"gold_gain":0,"player_choice":"Upgrade and Remove","damage_taken":0,"max_hp_gain":0,"max_hp_loss":0,"event_name":"Designer","floor":20,"gold_loss":90,"cards_upgraded":["Defend_B"]},{"damage_healed":0,"gold_gain":0,"player_choice":"Obtained Book","damage_taken":16,"max_hp_gain":0,"max_hp_loss":0,"event_name":"Cursed Tome","floor":22,"gold_loss":0}],"is_beta":true,"boss_relics":[{"not_picked":["Runic Pyramid","Empty Cage"],"picked":"Black Star"}],"items_purged_floors":[],"is_endless":false,"potions_floor_spawned":[1,2,6,14,18],"killed_by":"Gremlin Leader","ascension_level":1}