{"gold_per_floor":[214,226,237,255,269,285,340,340,340,340,369,145,171,181,181,253,253,269,288,213,223,151,151,77,77,103,134,150,160,170,170],"floor_reached":31,"playtime":3636,"items_purged":["Strike_R"],"score":447,"play_id":"0a5f819d-3e71-48ac-9c62-dc136a12e7a8","local_time":"20181018091447","is_ascension_mode":true,"campfire_choices":[{"data":"Armaments","floor":8.0,"key":"SMITH"},{"data":"Spot Weakness","floor":10.0,"key":"SMITH"},{"floor":15,"key":"REST"},{"data":"Bash","floor":23,"key":"SMITH"},{"data":"True Grit","floor":25,"key":"SMITH"}],"neow_cost":"NONE","seed_source_timestamp":743541468054370,"circlet_count":0,"master_deck":["Strike_R","Strike_R","Strike_R","Defend_R","Defend_R","Defend_R","Defend_R","Bash+1","AscendersBane","Sword Boomerang","Iron Wave","Immolate","Shrug It Off","Armaments+1","Spot Weakness+1","Clothesline","True Grit+1","Immolate","Thunderclap","Offering","Disarm","Ghostly Armor","Dropkick","Dropkick","Feel No Pain+1","Impervious"],"special_seed":0,"relics":["Burning Blood","Question Card","Self Forming Clay","Bottled Flame","Sozu","Smiling Mask","Pantograph"],"potions_floor_usage":[13,13,16,29],"damage_taken":[{"damage":9.0,"enemies":"Cultist","floor":1.0,"turns":5.0},{"damage":3.0,"enemies":"2 Louse","floor":2.0,"turns":2.0},{"damage":1.0,"enemies":"Small Slimes","floor":3.0,"turns":4.0},{"damage":13.0,"enemies":"Red Slaver","floor":4.0,"turns":3.0},{"damage":19.0,"enemies":"Gremlin Gang","floor":5.0,"turns":3.0},{"damage":0.0,"enemies":"3 Louse","floor":6.0,"turns":1.0},{"damage":15.0,"enemies":"Lagavulin","floor":11.0,"turns":3.0},{"damage":23,"enemies":"Gremlin Nob","floor":13,"turns":4},{"damage":11,"enemies":"Exordium Thugs","floor":14,"turns":2},{"damage":21,"enemies":"Hexaghost","floor":16,"turns":9},{"damage":20,"enemies":"Chosen","floor":18,"turns":5},{"damage":22,"enemies":"3 Byrds","floor":19,"turns":5},{"damage":7,"enemies":"Centurion and Healer","floor":21,"turns":5},{"damage":28,"enemies":"Book of Stabbing","floor":27,"turns":6},{"damage":9,"enemies":"Snake Plant","floor":28,"turns":4},{"damage":11,"enemies":"Snecko","floor":29,"turns":4},{"damage":1,"enemies":"3 Cultists","floor":30,"turns":4},{"damage":24,"enemies":"Cultist and Chosen","floor":31,"turns":4}],"seed_played":"-7130729006451752105","potions_obtained":[{"floor":3.0,"key":"Fire Potion"},{"floor":6.0,"key":"Fire Potion"},{"floor":13,"key":"PowerPotion"},{"floor":16,"key":"SteroidPotion"}],"is_trial":false,"path_per_floor":["M","M","M","M","M","M","?","R","T","R","E","$","E","M","R","B",null,"M","M","?","M","$","R","$","R","T","E","M","M","M"],"character_chosen":"IRONCLAD","items_purchased":["True Grit","SteroidPotion","PowerPotion","Dropkick","Dropkick"],"campfire_rested":1,"item_purchase_floors":[12,12,12,22,24],"current_hp_per_floor":[69,72,77,70,57,63,63,63,63,63,54,54,37,32,56,41,70,56,40,40,39,39,39,39,39,39,17,14,9,14,0],"gold":170,"neow_bonus":"HUNDRED_GOLD","is_prod":false,"is_daily":false,"chose_seed":false,"campfire_upgraded":4,"win_rate":0,"timestamp":1539879287,"path_taken":["M","M","M","?","?","M","?","R","T","R","E","$","E","M","R","BOSS","M","M","?","?","$","R","?","R","T","E","?","M","M","M"],"build_version":"2018-10-11","purchased_purges":1,"victory":false,"max_hp_per_floor":[80,80,80,80,80,80,80,80,80,80,80,80,80,80,80,80,80,80,80,80,80,80,80,80,80,80,80,80,80,80,80],"card_choices":[{"not_picked":["Iron Wave","Wild Strike"],"picked":"Sword Boomerang","floor":1.0},{"not_picked":["Headbutt","Cleave"],"picked":"Iron Wave","floor":2.0},{"not_picked":["Clash","Flex"],"picked":"Immolate","floor":3.0},{"not_picked":["Sever Soul","Feel No Pain"],"picked":"Shrug It Off","floor":4.0},{"not_picked":["Clothesline","Blood for Blood"],"picked":"Armaments","floor":5.0},{"not_picked":["Armaments","Pommel Strike"],"picked":"Spot Weakness","floor":6.0},{"not_picked":["Armaments","Dark Embrace","Clash"],"picked":"Clothesline","floor":11.0},{"not_picked":["Dropkick","Clothesline","Clash"],"picked":"Immolate","floor":13},{"not_picked":["Warcry","Power Through","Pummel"],"picked":"Thunderclap","floor":14},{"not_picked":["Immolate","Demon Form","Barricade"],"picked":"Offering","floor":16},{"not_picked":["Perfected Strike","Anger","Bloodletting"],"picked":"Disarm","floor":18},{"not_picked":["Flex","Iron Wave","Armaments","Evolve"],"picked":"SKIP","floor":19},{"not_picked":["Inflame","Infernal Blade","Sentinel"],"picked":"Ghostly Armor","floor":21},{"not_picked":["Bludgeon","Clothesline+1","Intimidate","Entrench"],"picked":"SKIP","floor":27},{"not_picked":["Burning Pact","Thunderclap","Headbutt"],"picked":"Feel No Pain+1","floor":28},{"not_picked":["Headbutt+1","Heavy Blade","Shrug It Off"],"picked":"Impervious","floor":29},{"not_picked":["Armaments","Spot Weakness","Pommel Strike","Iron Wave"],"picked":"SKIP","floor":30}],"player_experience":1169158,"relics_obtained":[{"floor":9.0,"key":"Question Card"},{"floor":11.0,"key":"Self Forming Clay"},{"floor":13,"key":"Bottled Flame"},{"floor":26,"key":"Smiling Mask"},{"floor":27,"key":"Pantograph"}],"event_choices":[{"event_name":"Golden Wing","player_choice":"Gained Gold","floor":7.0,"damage_taken":0.0},{"event_name":"Beggar","player_choice":"Gave Gold","floor":20,"damage_taken":0}],"is_beta":false,"boss_relics":[{"not_picked":["Eternal Feather","Coffee Dripper"],"picked":"Sozu"}],"items_purged_floors":[12],"is_endless":false,"potions_floor_spawned":[3,6,13,16,18,19,28],"killed_by":"Cultist and Chosen","ascension_level":13}