{"gold_per_floor":[218,230,103,103,118,145,165,165,165,16,41,41,41,57,57,157,157,167,167,39,39,219,219,230,230,303,317,333,333],"floor_reached":29,"playtime":1248,"items_purged":["Strike_R"],"score":280,"play_id":"c41a2f74-c10d-493c-a443-46c0c60899c4","local_time":"20190130200253","is_ascension_mode":true,"campfire_choices":[{"data":"Whirlwind","floor":8,"key":"SMITH"},{"data":"True Grit","floor":12,"key":"SMITH"},{"floor":15,"key":"REST"},{"floor":23,"key":"REST"},{"data":"Fire Breathing","floor":25,"key":"SMITH"}],"neow_cost":"NONE","seed_source_timestamp":1732430483197392,"circlet_count":0,"master_deck":["Strike_R","Strike_R","Strike_R","Strike_R","Defend_R+1","Defend_R","Defend_R","Defend_R+1","Bash","Twin Strike","Cleave","Iron Wave","Anger","True Grit+1","Whirlwind+1","Juggernaut","Evolve","Shrug It Off","Fire Breathing+1","Writhe","Body Slam+1","Flame Barrier"],"relics":["Burning Blood","War Paint","Oddly Smooth Stone","Mummified Hand","Cursed Key","Sundial"],"potions_floor_usage":[6,11],"damage_taken":[{"damage":3,"enemies":"2 Louse","floor":1,"turns":5},{"damage":7,"enemies":"Jaw Worm","floor":2,"turns":4},{"damage":0,"enemies":"Small Slimes","floor":5,"turns":3},{"damage":55,"enemies":"Lagavulin","floor":6,"turns":7},{"damage":2,"enemies":"2 Fungi Beasts","floor":7,"turns":3},{"damage":23,"enemies":"3 Sentries","floor":11,"turns":4},{"damage":0,"enemies":"Lots of Slimes","floor":14,"turns":1},{"damage":53,"enemies":"The Guardian","floor":16,"turns":16},{"damage":25,"enemies":"2 Thieves","floor":18,"turns":3},{"damage":21,"enemies":"Colosseum Slavers","floor":21,"turns":4},{"damage":5,"enemies":"Shell Parasite","floor":24,"turns":5},{"damage":21,"enemies":"Snecko","floor":27,"turns":5},{"damage":34,"enemies":"Snake Plant","floor":28,"turns":5},{"damage":14,"enemies":"3 Cultists","floor":29,"turns":3}],"seed_played":"-1046209410758291576","potions_obtained":[{"floor":5,"key":"PowerPotion"},{"floor":6,"key":"LiquidBronze"},{"floor":7,"key":"BloodPotion"}],"is_trial":false,"path_per_floor":["M","M","$","?","M","E","M","R","T","$","E","R","?","M","R","B",null,"M","?","$","?","?","R","M","R","T","M","M","M"],"character_chosen":"IRONCLAD","items_purchased":["Iron Wave","Oddly Smooth Stone","Evolve","Shrug It Off"],"campfire_rested":2,"item_purchase_floors":[3,10,20,20],"current_hp_per_floor":[80,79,79,84,85,36,40,40,40,40,31,31,31,37,62,15,85,66,66,66,51,27,52,53,53,53,38,10,0],"gold":333,"neow_bonus":"HUNDRED_GOLD","is_prod":false,"is_daily":false,"chose_seed":false,"campfire_upgraded":3,"win_rate":0,"timestamp":1548846173,"path_taken":["M","M","$","?","M","E","M","R","T","$","E","R","?","M","R","BOSS","M","?","$","?","?","R","M","R","T","M","?","M"],"build_version":"2019-01-23","purchased_purges":1,"victory":false,"max_hp_per_floor":[80,80,80,85,85,85,85,85,85,85,85,85,85,85,85,85,85,85,85,85,85,85,85,85,85,85,85,85,85],"card_choices":[{"not_picked":["Sword Boomerang","Dual Wield"],"picked":"Twin Strike","floor":1},{"not_picked":["Shrug It Off","Heavy Blade"],"picked":"Cleave","floor":2},{"not_picked":["Clothesline","Headbutt"],"picked":"Anger","floor":5},{"not_picked":["Wild Strike","Headbutt"],"picked":"True Grit","floor":6},{"not_picked":["Shrug It Off","Fiend Fire"],"picked":"Whirlwind","floor":7},{"not_picked":["Anger","Intimidate","Hemokinesis"],"picked":"SKIP","floor":11},{"not_picked":["Pummel","Rupture","Twin Strike"],"picked":"SKIP","floor":14},{"not_picked":["Bludgeon","Brutality"],"picked":"Juggernaut","floor":16},{"not_picked":["Intimidate+1","Uppercut+1","Clash+1"],"picked":"SKIP","floor":18},{"not_picked":["Flex","Warcry"],"picked":"Fire Breathing","floor":24},{"not_picked":["Disarm","Intimidate"],"picked":"Body Slam+1","floor":27},{"not_picked":["Dual Wield","Feel No Pain"],"picked":"Flame Barrier","floor":28}],"player_experience":741527,"relics_obtained":[{"floor":6,"key":"War Paint"},{"floor":11,"key":"Mummified Hand"},{"floor":26,"key":"Sundial"}],"event_choices":[{"damage_healed":0,"gold_gain":0,"player_choice":"Donut","damage_taken":0,"max_hp_gain":5,"max_hp_loss":0,"event_name":"Big Fish","floor":4,"gold_loss":0},{"damage_healed":0,"gold_gain":0,"player_choice":"Ignored","damage_taken":0,"max_hp_gain":0,"max_hp_loss":0,"event_name":"Liars Game","floor":13,"gold_loss":0},{"damage_healed":0,"gold_gain":0,"player_choice":"Ignored","damage_taken":0,"max_hp_gain":0,"max_hp_loss":0,"event_name":"Vampires","floor":19,"gold_loss":0},{"damage_healed":0,"gold_gain":0,"player_choice":"Fight","damage_taken":0,"max_hp_gain":0,"max_hp_loss":0,"event_name":"Colosseum","floor":21,"gold_loss":0},{"damage_healed":0,"gold_gain":0,"player_choice":"Fled From Nobs","damage_taken":0,"max_hp_gain":0,"max_hp_loss":0,"event_name":"Colosseum","floor":21,"gold_loss":0},{"damage_healed":0,"gold_gain":180,"player_choice":"GOLD GOLD ","damage_taken":24,"max_hp_gain":0,"max_hp_loss":0,"event_name":"Knowing Skull","floor":22,"potions_obtained":[],"gold_loss":0,"cards_obtained":[]}],"is_beta":false,"boss_relics":[{"not_picked":["Runic Dome","Ectoplasm"],"picked":"Cursed Key"}],"items_purged_floors":[3],"is_endless":false,"potions_floor_spawned":[5,6,7,21],"killed_by":"3 Cultists","ascension_level":4}