{"path_per_floor":["M","$","?","M","M","R","E","?","T","E","R","M","M","M","R","B",null,"M","?","M"],"character_chosen":"IRONCLAD","items_purchased":[],"gold_per_floor":[109,34,34,53,71,71,101,101,101,127,127,144,154,171,171,267,267,280,280,292,292],"floor_reached":21,"campfire_rested":1,"playtime":973,"current_hp_per_floor":[80,80,85,81,82,82,77,60,60,46,46,42,36,32,57,61,85,56,56,42,0],"items_purged":["Strike_R"],"gold":292,"score":220,"play_id":"5af93c9f-3b84-47c5-9053-8a2b8f1c6a47","local_time":"20180405222915","is_prod":false,"is_daily":false,"is_ascension_mode":true,"campfire_upgraded":2,"timestamp":1522985355,"path_taken":["M","$","?","M","M","R","E","?","T","E","R","M","M","M","R","BOSS","M","?","?","M"],"build_version":"2018-04-05","purchased_purges":1,"victory":false,"master_deck":["Strike_R","Strike_R","Strike_R","Strike_R+1","Defend_R","Defend_R","Defend_R","Defend_R","Bash+1","Metallicize","True Grit","Armaments+1","Spot Weakness","Limit Break+1","Inflame","Feed","Heavy Blade+1","Limit Break+1","Metallicize+1"],"max_hp_per_floor":[80,80,85,85,85,85,85,85,85,85,85,85,85,85,85,85,85,88,88,88,91],"relics":["Burning Blood","Bronze Scales","Unceasing Top","Ice Cream","Eternal Feather"],"card_choices":[{"not_picked":["Reckless Charge","Heavy Blade"],"picked":"Metallicize","floor":1},{"not_picked":["Carnage","Clash"],"picked":"True Grit","floor":4},{"not_picked":["Combust","Double Tap"],"picked":"Armaments","floor":5},{"not_picked":["Warcry","Dual Wield"],"picked":"Spot Weakness","floor":7},{"not_picked":["Feed","Offering"],"picked":"Limit Break","floor":10},{"not_picked":["Fire Breathing","Clash"],"picked":"Inflame","floor":13},{"not_picked":["Dark Embrace","Exhume"],"picked":"Feed","floor":16},{"not_picked":["Havoc","Warcry"],"picked":"Heavy Blade","floor":18},{"not_picked":["Disarm","Entrench"],"picked":"Metallicize","floor":20}],"player_experience":132181,"potions_floor_usage":[16,16,16],"damage_taken":[{"damage":0,"enemies":"2 Louse","floor":1,"turns":3},{"damage":10,"enemies":"Small Slimes","floor":4,"turns":4},{"damage":5,"enemies":"Cultist","floor":5,"turns":4},{"damage":11,"enemies":"3 Sentries","floor":7,"turns":11},{"damage":20,"enemies":"Lagavulin","floor":10,"turns":5},{"damage":10,"enemies":"3 Louse","floor":12,"turns":3},{"damage":12,"enemies":"Lots of Slimes","floor":13,"turns":4},{"damage":10,"enemies":"Looter","floor":14,"turns":3},{"damage":2,"enemies":"Hexaghost","floor":16,"turns":8},{"damage":38,"enemies":"Spheric Guardian","floor":18,"turns":6},{"damage":20,"enemies":"Shell Parasite","floor":20,"turns":5},{"damage":52,"enemies":"3 Cultists","floor":21,"turns":6}],"event_choices":[{"event_name":"Big Fish","player_choice":"Donut","floor":3,"damage_taken":0},{"event_name":"Shining Light","player_choice":"Entered Light","floor":8,"damage_taken":0},{"event_name":"Duplicator","player_choice":"One dupe","floor":19,"damage_taken":0}],"boss_relics":[{"not_picked":["Runic Cube","Cursed Key"],"picked":"Eternal Feather"}],"potions_floor_spawned":[1,4,5],"seed_played":"2705265333692664958","killed_by":"3 Cultists","ascension_level":3,"is_trial":false}