{"gold_per_floor":[115,131,142,162,15,15,40,57,103,103,115,146,159,124,124,221,271,281,19,34,34,34],"floor_reached":22,"playtime":1200,"items_purged":[],"score":298,"play_id":"0ee5b11b-d87c-44ef-9514-f1a85e9bd799","local_time":"20181222020828","is_ascension_mode":true,"campfire_choices":[{"floor":6,"key":"REST"},{"data":"Seeing Red","floor":10,"key":"SMITH"},{"floor":15,"key":"REST"}],"neow_cost":"NONE","seed_source_timestamp":280957790656371,"circlet_count":0,"master_deck":["Strike_R","Strike_R","Strike_R","Strike_R","Strike_R","Defend_R","Defend_R","Defend_R","Defend_R","Bash","Berserk","Iron Wave","Rampage","Seeing Red+1","Thunderclap","Shrug It Off+1","Fire Breathing","Dropkick","Rampage","Carnage","Power Through","Exhume","Demon Form","Clothesline","Pommel Strike+1","Feel No Pain","Inflame","Combust","Fire Breathing","Feel No Pain","Metallicize","Ghostly","Ghostly","Ghostly","Ghostly","Ghostly"],"relics":["Burning Blood","Dream Catcher","Oddly Smooth Stone","Vajra","The Courier","Tiny House"],"potions_floor_usage":[7,7,13,16,18,20],"damage_taken":[{"damage":14,"enemies":"Jaw Worm","floor":1,"turns":5},{"damage":8,"enemies":"2 Louse","floor":2,"turns":4},{"damage":7,"enemies":"Small Slimes","floor":3,"turns":4},{"damage":12,"enemies":"Looter","floor":4,"turns":3},{"damage":32,"enemies":"3 Sentries","floor":7,"turns":8},{"damage":3,"enemies":"2 Fungi Beasts","floor":8,"turns":4},{"damage":7,"enemies":"Exordium Wildlife","floor":11,"turns":4},{"damage":64,"enemies":"Lagavulin","floor":12,"turns":6},{"damage":0,"enemies":"Lots of Slimes","floor":13,"turns":1},{"damage":49,"enemies":"Slime Boss","floor":16,"turns":9},{"damage":22,"enemies":"Shell Parasite","floor":18,"turns":7},{"damage":39,"enemies":"2 Thieves","floor":20,"turns":5},{"damage":21,"enemies":"Sentry and Sphere","floor":22,"turns":7}],"seed_played":"1738826181004407296","potions_obtained":[{"floor":2,"key":"LiquidBronze"},{"floor":3,"key":"Regen Potion"},{"floor":8,"key":"SteroidPotion"},{"floor":13,"key":"SpeedPotion"},{"floor":16,"key":"LiquidBronze"},{"floor":17,"key":"Weak Potion"}],"is_trial":false,"path_per_floor":["M","M","M","M","$","R","E","M","T","R","M","E","M","?","R","B",null,"M","$","M","?","M"],"character_chosen":"IRONCLAD","items_purchased":["Dream Catcher","Feel No Pain","Inflame","Combust","Fire Breathing","Feel No Pain"],"campfire_rested":2,"item_purchase_floors":[5,19,19,19,19,19],"current_hp_per_floor":[72,70,69,63,63,80,69,72,72,72,71,13,19,39,63,20,70,54,54,21,21,0],"gold":34,"neow_bonus":"ONE_RANDOM_RARE_CARD","is_prod":false,"is_daily":false,"chose_seed":false,"campfire_upgraded":1,"win_rate":0,"timestamp":1545462508,"path_taken":["M","M","M","M","$","R","E","M","T","R","M","E","M","?","R","BOSS","M","$","M","?","M"],"build_version":"2018-12-20","purchased_purges":0,"victory":false,"max_hp_per_floor":[80,80,80,80,80,80,80,80,80,80,80,80,80,80,80,80,85,85,85,85,42,42],"card_choices":[{"not_picked":["Flex","Evolve"],"picked":"Iron Wave","floor":1},{"not_picked":["Iron Wave","Uppercut"],"picked":"Rampage","floor":2},{"not_picked":["Armaments","Flex"],"picked":"Seeing Red","floor":3},{"not_picked":["Iron Wave","Anger"],"picked":"Thunderclap","floor":4},{"not_picked":["Brutality","Blood for Blood"],"picked":"Shrug It Off","floor":6},{"not_picked":["Whirlwind","Body Slam"],"picked":"Fire Breathing","floor":7},{"not_picked":["Uppercut","Headbutt"],"picked":"Dropkick","floor":8},{"not_picked":["Wild Strike","Disarm"],"picked":"Rampage","floor":11},{"not_picked":["Cleave","Havoc"],"picked":"Carnage","floor":12},{"not_picked":["Heavy Blade","Anger"],"picked":"Power Through","floor":13},{"not_picked":["Pommel Strike","True Grit"],"picked":"Exhume","floor":15},{"not_picked":["Impervious","Berserk"],"picked":"Demon Form","floor":16},{"not_picked":["Sword Boomerang","Twin Strike"],"picked":"Clothesline","floor":17},{"not_picked":["Flex","Clash"],"picked":"Pommel Strike+1","floor":18},{"not_picked":["Burning Pact+1","Sword Boomerang"],"picked":"Metallicize","floor":20}],"player_experience":225172,"relics_obtained":[{"floor":7,"key":"Oddly Smooth Stone"},{"floor":9,"key":"Vajra"},{"floor":12,"key":"The Courier"}],"event_choices":[{"damage_healed":20,"gold_gain":0,"player_choice":"Healed","damage_taken":0,"max_hp_gain":0,"max_hp_loss":0,"event_name":"The Cleric","floor":14,"gold_loss":35},{"damage_healed":0,"gold_gain":0,"player_choice":"Became a Ghost","damage_taken":0,"max_hp_gain":0,"max_hp_loss":43,"event_name":"Ghosts","floor":21,"gold_loss":0,"cards_obtained":["Ghostly","Ghostly","Ghostly","Ghostly","Ghostly"]}],"is_beta":false,"boss_relics":[{"not_picked":["Busted Crown","Empty Cage"],"picked":"Tiny House"}],"items_purged_floors":[],"is_endless":false,"potions_floor_spawned":[2,3,8,13,16],"killed_by":"Sentry and Sphere","ascension_level":5}