{"gold_per_floor":[110,110,60,60,71,71,21,21,21,35,35,66,66,66,66,196,196,212,251,251,129,142,142,142,142,142,142],"floor_reached":27,"playtime":943,"items_purged":["Regret","Bash","Shame"],"score":236,"play_id":"63cce656-abbc-4341-b372-bcaf7d7ba889","local_time":"20190127094111","is_ascension_mode":true,"campfire_choices":[{"data":"Uppercut","floor":6,"key":"SMITH"},{"data":"Twin Strike","floor":8,"key":"SMITH"},{"floor":13,"key":"RECALL"},{"data":"Defend_R","floor":15,"key":"SMITH"},{"floor":23,"key":"REST"},{"floor":24,"key":"REST"},{"data":"Barricade","floor":25,"key":"SMITH"}],"neow_cost":"NONE","seed_source_timestamp":1436230205089593,"circlet_count":0,"master_deck":["Strike_R","Strike_R","Strike_R","Defend_R+1","Defend_R","Defend_R","Defend_R","Twin Strike+1","Uppercut+1","Evolve","Barricade+1","Whirlwind","Shrug It Off","Rage","True Grit"],"relics":["Burning Blood","Smiling Mask","Letter Opener","Omamori","Golden Idol","Calling Bell","Centennial Puzzle","Gremlin Horn","WingedGreaves","Red Mask","Pantograph"],"potions_floor_usage":[18,19,27],"damage_taken":[{"damage":4,"enemies":"2 Louse","floor":1,"turns":4},{"damage":0,"enemies":"Small Slimes","floor":5,"turns":3},{"damage":4,"enemies":"Cultist","floor":10,"turns":3},{"damage":6,"enemies":"Gremlin Nob","floor":12,"turns":3},{"damage":35,"enemies":"The Guardian","floor":16,"turns":14},{"damage":25,"enemies":"Chosen","floor":18,"turns":7},{"damage":58,"enemies":"Masked Bandits","floor":19,"turns":6},{"damage":3,"enemies":"3 Byrds","floor":22,"turns":6},{"damage":62,"enemies":"Gremlin Leader","floor":27,"turns":8}],"seed_played":"4430050693691771840","potions_obtained":[{"floor":5,"key":"Block Potion"},{"floor":10,"key":"Fire Potion"},{"floor":22,"key":"Weak Potion"}],"is_trial":false,"path_per_floor":["M","?","$","?","M","R","$","R","T","M","$","E","R","?","R","B",null,"M","?","?","$","M","R","R","R","T","E"],"character_chosen":"IRONCLAD","items_purchased":["Rage"],"campfire_rested":2,"item_purchase_floors":[21],"current_hp_per_floor":[80,80,80,80,80,80,80,80,80,80,80,80,80,60,60,31,80,61,9,9,9,12,36,60,60,60,0],"gold":142,"neow_bonus":"REMOVE_CARD","is_prod":false,"is_daily":false,"chose_seed":false,"campfire_upgraded":4,"win_rate":0,"timestamp":1548549671,"path_taken":["M","?","$","?","?","R","$","R","T","M","$","E","R","?","R","BOSS","M","?","?","$","M","R","R","R","T","E"],"build_version":"2019-01-23","purchased_purges":3,"victory":false,"max_hp_per_floor":[80,80,80,80,80,80,80,80,80,80,80,80,80,80,80,80,80,80,80,80,80,80,80,80,80,80,80],"card_choices":[{"not_picked":["Warcry","Rupture"],"picked":"Twin Strike","floor":1},{"not_picked":["Heavy Blade","Dropkick"],"picked":"Uppercut","floor":5},{"not_picked":["Heavy Blade","Armaments","Pommel Strike"],"picked":"SKIP","floor":10},{"not_picked":["Anger","Power Through"],"picked":"Evolve","floor":12},{"not_picked":["Immolate","Juggernaut"],"picked":"Barricade","floor":16},{"not_picked":["Sever Soul","Uppercut"],"picked":"Whirlwind","floor":18},{"not_picked":["Iron Wave","Armaments"],"picked":"Shrug It Off","floor":19},{"not_picked":["Havoc","Fiend Fire"],"picked":"True Grit","floor":22}],"player_experience":705135,"relics_obtained":[{"floor":9,"key":"Letter Opener"},{"floor":12,"key":"Omamori"},{"floor":17,"key":"Centennial Puzzle"},{"floor":17,"key":"Gremlin Horn"},{"floor":17,"key":"WingedGreaves"},{"floor":19,"key":"Red Mask"},{"floor":26,"key":"Pantograph"}],"event_choices":[{"damage_healed":0,"gold_gain":0,"player_choice":"Box","damage_taken":0,"relics_obtained":["Smiling Mask"],"max_hp_gain":0,"max_hp_loss":0,"event_name":"Big Fish","floor":2,"gold_loss":0,"cards_obtained":["Regret"]},{"cards_removed":["Strike_R"],"damage_healed":0,"gold_gain":0,"player_choice":"Offered Basic","damage_taken":0,"max_hp_gain":0,"max_hp_loss":0,"event_name":"Bonfire Elementals","floor":4,"gold_loss":0},{"damage_healed":0,"gold_gain":0,"player_choice":"Take Damage","damage_taken":20,"relics_obtained":["Golden Idol"],"max_hp_gain":0,"max_hp_loss":0,"event_name":"Golden Idol","floor":14,"gold_loss":0},{"damage_healed":0,"gold_gain":0,"player_choice":"Fought Bandits","damage_taken":0,"max_hp_gain":0,"max_hp_loss":0,"event_name":"Masked Bandits","floor":19,"gold_loss":0},{"damage_healed":0,"gold_gain":0,"player_choice":"Ignored","damage_taken":0,"max_hp_gain":0,"max_hp_loss":0,"event_name":"Vampires","floor":20,"gold_loss":0}],"is_beta":false,"boss_relics":[{"not_picked":["Black Blood","Velvet Choker"],"picked":"Calling Bell"}],"items_purged_floors":[3,7,21],"is_endless":false,"potions_floor_spawned":[5,10,22],"killed_by":"Gremlin Leader","ascension_level":3}