{"gold_per_floor":[111,124,136,104,104,135,150,150,173,173,219,246,277,136,136,237,237,255],"floor_reached":18,"playtime":1459,"items_purged":[],"score":176,"play_id":"3e8986b4-fa79-4d12-89af-fd120d6c0fcd","local_time":"20180917192244","is_ascension_mode":false,"campfire_choices":[{"data":"Flame Barrier","floor":8.0,"key":"SMITH"},{"floor":15.0,"key":"REST"}],"neow_cost":"NONE","seed_source_timestamp":0,"circlet_count":0,"master_deck":["Strike_R","Strike_R","Strike_R","Strike_R","Strike_R","Defend_R","Defend_R","Defend_R","Defend_R","Bash","Perfected Strike","Disarm","Flame Barrier+1","Metallicize","Ghostly Armor","Shockwave"],"special_seed":0,"relics":["Burning Blood","Happy Flower","Blood Vial","MawBank","Pen Nib","Red Skull","Lizard Tail"],"potions_floor_usage":[],"damage_taken":[{"damage":4.0,"enemies":"2 Louse","floor":1.0,"turns":2.0},{"damage":12.0,"enemies":"Jaw Worm","floor":2.0,"turns":4.0},{"damage":2.0,"enemies":"Small Slimes","floor":3.0,"turns":3.0},{"damage":7.0,"enemies":"Exordium Thugs","floor":4.0,"turns":5.0},{"damage":34.0,"enemies":"Lagavulin","floor":6.0,"turns":7.0},{"damage":0.0,"enemies":"Looter","floor":7.0,"turns":3.0},{"damage":34.0,"enemies":"3 Sentries","floor":11.0,"turns":10.0},{"damage":1.0,"enemies":"3 Louse","floor":12.0,"turns":3.0},{"damage":10.0,"enemies":"Large Slime","floor":13.0,"turns":9.0},{"damage":41.0,"enemies":"The Guardian","floor":16.0,"turns":14.0},{"damage":28,"enemies":"Shell Parasite","floor":18,"turns":9}],"seed_played":"9116604934936636404","potions_obtained":[{"floor":2.0,"key":"Fire Potion"},{"floor":3.0,"key":"FearPotion"},{"floor":4.0,"key":"Ancient Potion"},{"floor":6.0,"key":"Ancient Potion"},{"floor":11.0,"key":"FearPotion"}],"is_trial":false,"path_per_floor":["M","M","M","M","$","E","M","R","T","?","E","M","M","$","R","B",null],"character_chosen":"IRONCLAD","items_purchased":["Red Skull"],"campfire_rested":1,"item_purchase_floors":[14],"current_hp_per_floor":[80,74,78,77,77,49,55,55,55,55,29,36,34,34,58,25,80,58],"gold":255,"neow_bonus":"THREE_CARDS","is_prod":false,"is_daily":false,"chose_seed":false,"campfire_upgraded":1,"win_rate":0.0,"timestamp":1537230164,"path_taken":["M","M","M","M","$","E","M","R","T","?","E","M","M","$","R","BOSS","M"],"build_version":"2018-09-06","purchased_purges":0,"victory":false,"max_hp_per_floor":[80,80,80,80,80,80,80,80,80,80,80,80,80,80,80,80,80,80],"card_choices":[{"not_picked":["Shrug It Off","Thunderclap"],"picked":"Perfected Strike","floor":0.0},{"not_picked":["Thunderclap","Whirlwind"],"picked":"Disarm","floor":1.0},{"not_picked":["Pommel Strike","Body Slam"],"picked":"Flame Barrier","floor":2.0},{"not_picked":["Iron Wave","Sever Soul"],"picked":"Metallicize","floor":3.0},{"not_picked":["Cleave","Heavy Blade","Armaments"],"picked":"SKIP","floor":4.0},{"not_picked":["Demon Form","True Grit"],"picked":"Ghostly Armor","floor":6.0},{"not_picked":["Twin Strike","Shrug It Off","Anger"],"picked":"SKIP","floor":7.0},{"not_picked":["Heavy Blade","Armaments"],"picked":"Shockwave","floor":11.0},{"not_picked":["Armaments","Anger","Body Slam"],"picked":"SKIP","floor":12.0},{"not_picked":["Feel No Pain","Searing Blow","Power Through"],"picked":"SKIP","floor":13.0},{"not_picked":["Sword Boomerang","True Grit","Anger+1"],"picked":"SKIP","floor":18}],"player_experience":23072,"relics_obtained":[{"floor":6.0,"key":"Happy Flower"},{"floor":9.0,"key":"Blood Vial"},{"floor":11.0,"key":"Pen Nib"}],"event_choices":[{"event_name":"Dead Adventurer","player_choice":"Searched \u00271\u0027 times","floor":10.0,"damage_taken":0.0}],"is_beta":false,"boss_relics":[{"not_picked":["Calling Bell","White Beast Statue"],"picked":"Lizard Tail"}],"items_purged_floors":[],"is_endless":false,"potions_floor_spawned":[2,3,4,6,11],"killed_by":"Shell Parasite","ascension_level":0}