{"gold_per_floor":[109,109,122,134,150,182,182,182,182,182,163,197,213,225,225,330,330,350,350,350,350,361,394,413,413],"floor_reached":25,"playtime":1454,"items_purged":[],"score":341,"play_id":"af80e57f-a846-4a79-9ad8-7f4bbe643b5c","local_time":"20190106153844","is_ascension_mode":true,"campfire_choices":[{"data":"Zap","floor":7,"key":"SMITH"},{"data":"Storm","floor":10,"key":"SMITH"},{"floor":15,"key":"REST"}],"neow_cost":"TEN_PERCENT_HP_LOSS","seed_source_timestamp":1414905111669933,"circlet_count":0,"master_deck":["Defend_B","Defend_B","Defend_B","Zap+1","Dualcast","Static Discharge","Skim","Reinforced Body","PanicButton","Go for the Eyes","Cold Snap","Storm+1","Turbo","Stack","Cold Snap","Sweeping Beam","Doom and Gloom","Aggregate","Electrodynamics","Heatsinks","Ball Lightning","Redo","Undo","Reprogram","Reboot","Fusion","Static Discharge","Writhe","Heatsinks","Thunder Strike","Turbo"],"relics":["Cracked Core","FossilizedHelix","GremlinMask","Blue Candle","Mercury Hourglass","Orrery","Orichalcum","WingedGreaves"],"potions_floor_usage":[12,12,13,16,18,23,23],"damage_taken":[{"damage":0,"enemies":"Small Slimes","floor":1,"turns":3},{"damage":4,"enemies":"Cultist","floor":3,"turns":3},{"damage":5,"enemies":"Jaw Worm","floor":4,"turns":3},{"damage":0,"enemies":"Red Slaver","floor":5,"turns":3},{"damage":29,"enemies":"Lagavulin","floor":6,"turns":8},{"damage":10,"enemies":"Exordium Thugs","floor":11,"turns":4},{"damage":2,"enemies":"3 Sentries","floor":12,"turns":9},{"damage":0,"enemies":"2 Fungi Beasts","floor":13,"turns":2},{"damage":0,"enemies":"Exordium Wildlife","floor":14,"turns":2},{"damage":14,"enemies":"Slime Boss","floor":16,"turns":10},{"damage":8,"enemies":"2 Thieves","floor":18,"turns":4},{"damage":0,"enemies":"Chosen","floor":22,"turns":5},{"damage":35,"enemies":"Slavers","floor":23,"turns":3},{"damage":13,"enemies":"Snecko","floor":24,"turns":4},{"damage":8,"enemies":"Snake Plant","floor":25,"turns":1}],"seed_played":"2808290589729687884","potions_obtained":[{"floor":6,"key":"EntropicBrew"},{"floor":12,"key":"Ancient Potion"},{"floor":13,"key":"FearPotion"},{"floor":16,"key":"Energy Potion"},{"floor":18,"key":"FocusPotion"},{"floor":24,"key":"Regen Potion"}],"is_trial":false,"path_per_floor":["M","?","M","M","M","E","R","?","T","R","M","E","M","M","R","B",null,"M","?","?","?","M","E","M","M"],"character_chosen":"DEFECT","items_purchased":[],"campfire_rested":1,"item_purchase_floors":[],"current_hp_per_floor":[68,68,64,59,59,30,30,30,30,30,20,18,18,18,38,24,57,49,49,49,49,49,14,1,0],"gold":413,"neow_bonus":"TRANSFORM_TWO_CARDS","is_prod":false,"is_daily":false,"chose_seed":false,"campfire_upgraded":2,"win_rate":0,"timestamp":1546810724,"path_taken":["M","?","?","M","M","E","R","?","T","R","?","E","M","M","R","BOSS","M","?","?","?","?","E","M","M"],"build_version":"2019-01-03v4","purchased_purges":0,"victory":false,"max_hp_per_floor":[68,68,68,68,68,68,68,68,68,68,68,68,68,68,68,68,68,68,68,68,68,68,68,68,68],"card_choices":[{"not_picked":["Go for the Eyes","Steam"],"picked":"Reinforced Body","floor":1},{"not_picked":["Leap","Static Discharge"],"picked":"Cold Snap","floor":3},{"not_picked":["Coolheaded","Redo"],"picked":"Storm","floor":4},{"not_picked":["Sunder","Steam"],"picked":"Turbo","floor":5},{"not_picked":["Turbo","Rebound"],"picked":"Stack","floor":6},{"not_picked":["Recycle","Redo"],"picked":"Cold Snap","floor":11},{"not_picked":["Meteor Strike","Melter"],"picked":"Sweeping Beam","floor":12},{"not_picked":["Rip and Tear","Barrage"],"picked":"Doom and Gloom","floor":13},{"not_picked":["Undo","Go for the Eyes"],"picked":"Aggregate","floor":14},{"not_picked":["Core Surge","Machine Learning"],"picked":"Electrodynamics","floor":16},{"not_picked":["Cold Snap","Turbo"],"picked":"Heatsinks","floor":17},{"not_picked":["Redo","Steam"],"picked":"Ball Lightning","floor":17},{"not_picked":["Recycle","Rebound"],"picked":"Redo","floor":17},{"not_picked":["Chaos","Rebound"],"picked":"Undo","floor":17},{"not_picked":["Undo","Redo"],"picked":"Reprogram","floor":17},{"not_picked":["Melter","Steam"],"picked":"Reboot","floor":18},{"not_picked":["Reprogram","Redo+1"],"picked":"Heatsinks","floor":22},{"not_picked":["White Noise","Glacier"],"picked":"Thunder Strike","floor":23},{"not_picked":["Double Energy","Rebound"],"picked":"Turbo","floor":24}],"player_experience":407400,"relics_obtained":[{"floor":6,"key":"FossilizedHelix"},{"floor":9,"key":"Blue Candle"},{"floor":12,"key":"Mercury Hourglass"},{"floor":23,"key":"WingedGreaves"}],"event_choices":[{"damage_healed":0,"gold_gain":0,"player_choice":"2 cards matched","damage_taken":0,"max_hp_gain":0,"max_hp_loss":0,"event_name":"Match and Keep!","floor":2,"gold_loss":0,"cards_obtained":["PanicButton","Go for the Eyes"]},{"damage_healed":0,"gold_gain":0,"player_choice":"Trade","damage_taken":0,"relics_obtained":["GremlinMask"],"max_hp_gain":0,"max_hp_loss":0,"event_name":"FaceTrader","floor":8,"gold_loss":0},{"damage_healed":0,"gold_gain":0,"cards_transformed":["Strike_B","Strike_B"],"player_choice":"Became Test Subject","damage_taken":0,"max_hp_gain":0,"max_hp_loss":0,"event_name":"Drug Dealer","floor":19,"gold_loss":0,"cards_obtained":["Fusion","Static Discharge"]},{"cards_removed":["Strike_B"],"damage_healed":0,"gold_gain":0,"player_choice":"Elegance","damage_taken":0,"max_hp_gain":0,"max_hp_loss":0,"event_name":"Back to Basics","floor":20,"gold_loss":0},{"damage_healed":0,"gold_gain":0,"player_choice":"Opened","damage_taken":0,"relics_obtained":["Orichalcum"],"max_hp_gain":0,"max_hp_loss":0,"event_name":"The Mausoleum","floor":21,"gold_loss":0,"cards_obtained":["Writhe"]}],"is_beta":false,"boss_relics":[{"not_picked":["Tiny House","Runic Pyramid"],"picked":"Orrery"}],"items_purged_floors":[],"is_endless":false,"potions_floor_spawned":[6,12,13,16,18,22,24],"killed_by":"Snake Plant","ascension_level":9}