{"gold_per_floor":[18,37,212,212,162,194,194,214,214,224,248,283,303,323,323,420,420,434,349,349,15,15,15,15,29,29,29,29,41,58,70,70,166,166,181,181,196,212,31,31,61,61,61,73,123,143,143,175,175,175,175,175,62,96,96],"floor_reached":56,"playtime":3189,"items_purged":["Havoc","Rage","Bash"],"score":1372,"play_id":"1d3531e1-a7ca-43d4-943d-8c4d83d38006","local_time":"20181208181552","is_ascension_mode":false,"campfire_choices":[{"data":"Armaments","floor":7.0,"key":"SMITH"},{"data":"Havoc","floor":15.0,"key":"SMITH"},{"data":"True Grit","floor":23.0,"key":"SMITH"},{"data":"True Grit","floor":27.0,"key":"SMITH"},{"floor":32.0,"key":"RECALL"},{"data":"Feel No Pain","floor":40.0,"key":"SMITH"},{"data":"Inflame","floor":42.0,"key":"SMITH"},{"floor":47.0,"key":"REST"},{"floor":49.0,"key":"REST"},{"data":"Metallicize","floor":52.0,"key":"SMITH"}],"neow_cost":"NO_GOLD","seed_source_timestamp":0,"circlet_count":0,"master_deck":["Armaments+1","Flame Barrier","Havoc+1","Inflame+1","Headbutt","Shrug It Off","Impervious","Feed","Pummel","Rage","Sentinel","True Grit+1","Shrug It Off","True Grit+1","Metallicize+1","Sentinel","Apotheosis+1","Shrug It Off+1","Intimidate+1","Flame Barrier+1","Feel No Pain+1","Exhume+1","Shrug It Off+1","Magnetism","Panacea+1","Finesse+1","The Bomb+1","Battle Trance+1","Impervious+1","Body Slam+1","Body Slam+1"],"special_seed":0,"relics":["Burning Blood","Ice Cream","Pear","Ornamental Fan","Odd Mushroom","Thread and Needle","Pandora\u0027s Box","Toxic Egg 2","Nilry\u0027s Codex","Membership Card","Calipers","Letter Opener","Lizard Tail","Strawberry","Dead Branch","Bag of Preparation","Pen Nib"],"potions_floor_usage":[55,55],"damage_taken":[{"damage":13.0,"enemies":"Jaw Worm","floor":1.0,"turns":3.0},{"damage":0.0,"enemies":"Small Slimes","floor":2.0,"turns":3.0},{"damage":11.0,"enemies":"Lagavulin","floor":6.0,"turns":8.0},{"damage":5.0,"enemies":"2 Louse","floor":8.0,"turns":3.0},{"damage":4.0,"enemies":"Blue Slaver","floor":10.0,"turns":4.0},{"damage":18.0,"enemies":"The Mushroom Lair","floor":11.0,"turns":5.0},{"damage":32.0,"enemies":"3 Sentries","floor":12.0,"turns":11.0},{"damage":0.0,"enemies":"Large Slime","floor":13.0,"turns":5.0},{"damage":6.0,"enemies":"2 Fungi Beasts","floor":14.0,"turns":5.0},{"damage":43.0,"enemies":"Slime Boss","floor":16.0,"turns":19.0},{"damage":0.0,"enemies":"3 Byrds","floor":18.0,"turns":5.0},{"damage":0.0,"enemies":"Chosen","floor":25.0,"turns":10.0},{"damage":23.0,"enemies":"3 Cultists","floor":29.0,"turns":5.0},{"damage":0.0,"enemies":"Centurion and Healer","floor":30.0,"turns":10.0},{"damage":6.0,"enemies":"Shelled Parasite and Fungi","floor":31.0,"turns":8.0},{"damage":0.0,"enemies":"Champ","floor":33.0,"turns":16.0},{"damage":2.0,"enemies":"Orb Walker","floor":35.0,"turns":6.0},{"damage":13.0,"enemies":"3 Darklings","floor":37.0,"turns":8.0},{"damage":6.0,"enemies":"Transient","floor":38.0,"turns":5.0},{"damage":9.0,"enemies":"Reptomancer","floor":41.0,"turns":8.0},{"damage":0.0,"enemies":"4 Shapes","floor":44.0,"turns":3.0},{"damage":37.0,"enemies":"2 Orb Walkers","floor":45.0,"turns":7.0},{"damage":27.0,"enemies":"Jaw Worm Horde","floor":46.0,"turns":7.0},{"damage":34.0,"enemies":"Nemesis","floor":48.0,"turns":9.0},{"damage":8.0,"enemies":"Time Eater","floor":50.0,"turns":11.0},{"damage":39.0,"enemies":"Shield and Spear","floor":54.0,"turns":11.0},{"damage":58,"enemies":"The Heart","floor":55,"turns":9}],"seed_played":"-7417159569040883019","potions_obtained":[{"floor":1.0,"key":"Energy Potion"},{"floor":12.0,"key":"Poison Potion"},{"floor":13.0,"key":"Ancient Potion"},{"floor":16.0,"key":"Dexterity Potion"},{"floor":25.0,"key":"AttackPotion"},{"floor":30.0,"key":"Energy Potion"},{"floor":33.0,"key":"Ancient Potion"},{"floor":37.0,"key":"Fire Potion"}],"is_trial":false,"path_per_floor":["M","M","?","?","?","E","R","M","T","M","?","E","M","M","R","B",null,"M","?","?","$","?","R","?","M","T","R","$","M","M","M","R","B",null,"M","?","M","M","$","R","E","R","T","M","?","M","R","E","R","B",null,"R","$","E","B",null],"character_chosen":"IRONCLAD","items_purchased":["Membership Card","Apotheosis+1","The Bomb+1","Battle Trance+1","Swift Potion","Block Potion"],"campfire_rested":2,"item_purchase_floors":[21,21,39,39,53,53],"current_hp_per_floor":[73,79,79,79,79,84,84,85,85,87,75,49,55,55,55,18,90,90,90,74,74,74,74,74,80,80,80,80,67,77,77,77,83,98,98,88,81,81,81,81,85,85,85,91,60,43,75,47,79,77,109,109,109,76,24],"gold":96,"neow_bonus":"ONE_RARE_RELIC","is_prod":false,"is_daily":false,"chose_seed":false,"campfire_upgraded":7,"win_rate":0,"timestamp":1544318152,"path_taken":["M","M","?","?","?","E","R","M","T","M","?","E","?","M","R","BOSS","M","?","?","$","?","R","?","M","T","R","$","?","M","M","R","BOSS","M","?","M","M","$","R","E","R","T","M","?","M","R","E","R","BOSS","R","$","E","BOSS"],"build_version":"2018-12-06","purchased_purges":3,"victory":true,"max_hp_per_floor":[80,80,80,80,80,90,90,90,90,90,90,90,90,90,90,90,90,90,90,90,90,90,90,90,90,90,90,90,94,98,98,98,98,98,98,98,98,98,98,98,105,105,105,105,105,109,109,109,109,109,109,109,109,109,109],"card_choices":[{"not_picked":["Battle Trance","Thunderclap"],"picked":"Armaments","floor":1.0},{"not_picked":["Bloodletting","Shrug It Off"],"picked":"Flame Barrier","floor":2.0},{"not_picked":["Power Through","Warcry"],"picked":"Havoc","floor":6.0},{"not_picked":["Heavy Blade","Disarm"],"picked":"Inflame","floor":8.0},{"not_picked":["Combust","Perfected Strike"],"picked":"Headbutt","floor":10.0},{"not_picked":["Iron Wave","Headbutt"],"picked":"Shrug It Off","floor":11.0},{"not_picked":["Metallicize","Shrug It Off"],"picked":"Impervious","floor":12.0},{"not_picked":["Clothesline","Iron Wave"],"picked":"Havoc","floor":13.0},{"not_picked":["Thunderclap","Power Through","Battle Trance"],"picked":"SKIP","floor":14.0},{"not_picked":["Exhume","Bludgeon"],"picked":"Feed","floor":16.0},{"not_picked":["Pommel Strike","Twin Strike"],"picked":"Sentinel","floor":18.0},{"not_picked":["Power Through+1","Cleave"],"picked":"Shrug It Off+1","floor":25.0},{"not_picked":["Sever Soul+1","Cleave+1"],"picked":"Intimidate+1","floor":29.0},{"not_picked":["Cleave+1","Sword Boomerang"],"picked":"Flame Barrier+1","floor":30.0},{"not_picked":["Headbutt","Brutality"],"picked":"Feel No Pain","floor":31.0},{"not_picked":["Brutality","Double Tap+1"],"picked":"Exhume+1","floor":33.0},{"not_picked":["Iron Wave","Armaments+1"],"picked":"Shrug It Off+1","floor":35.0},{"not_picked":["Impatience+1","PanicButton+1"],"picked":"Magnetism","floor":36.0},{"not_picked":["Secret Weapon+1","Forethought+1"],"picked":"Panacea+1","floor":36.0},{"not_picked":["Discovery+1","Jack Of All Trades+1"],"picked":"Finesse+1","floor":36.0},{"not_picked":["Armaments+1","Rampage+1","Anger"],"picked":"SKIP","floor":37.0},{"not_picked":["Armaments+1","Clash+1","Thunderclap"],"picked":"SKIP","floor":38.0},{"not_picked":["Reckless Charge+1","Clash+1","Flame Barrier+1"],"picked":"SKIP","floor":41.0},{"not_picked":["Pommel Strike","Twin Strike"],"picked":"Impervious+1","floor":44.0},{"not_picked":["Anger+1","Twin Strike+1"],"picked":"Body Slam+1","floor":46.0},{"not_picked":["Blood for Blood+1","Immolate"],"picked":"Body Slam+1","floor":48.0},{"not_picked":["Corruption","Sever Soul","Reckless Charge"],"picked":"SKIP","floor":54.0}],"player_experience":544964,"relics_obtained":[{"floor":6.0,"key":"Pear"},{"floor":9.0,"key":"Ornamental Fan"},{"floor":11.0,"key":"Odd Mushroom"},{"floor":12.0,"key":"Thread and Needle"},{"floor":20.0,"key":"Nilry\u0027s Codex"},{"floor":26.0,"key":"Letter Opener"},{"floor":41.0,"key":"Strawberry"},{"floor":45.0,"key":"Dead Branch"},{"floor":48.0,"key":"Bag of Preparation"},{"floor":54.0,"key":"Pen Nib"}],"event_choices":[{"damage_healed":0.0,"max_hp_gain":0.0,"max_hp_loss":0.0,"gold_gain":175.0,"event_name":"Liars Game","player_choice":"AGREE","floor":3.0,"gold_loss":0.0,"damage_taken":0.0,"cards_obtained":["Doubt"]},{"cards_removed":["Doubt"],"damage_healed":0.0,"max_hp_gain":0.0,"max_hp_loss":0.0,"gold_gain":0.0,"event_name":"Living Wall","player_choice":"Forget","floor":4.0,"gold_loss":0.0,"damage_taken":0.0},{"cards_removed":["Defend_R"],"damage_healed":0.0,"max_hp_gain":0.0,"max_hp_loss":0.0,"gold_gain":0.0,"event_name":"The Cleric","player_choice":"Card Removal","floor":5.0,"gold_loss":50.0,"damage_taken":0.0},{"damage_healed":0.0,"max_hp_gain":0.0,"max_hp_loss":0.0,"gold_gain":0.0,"event_name":"Mushrooms","player_choice":"Fought Mushrooms","floor":11.0,"gold_loss":0.0,"damage_taken":0.0},{"damage_healed":0.0,"max_hp_gain":0.0,"max_hp_loss":0.0,"gold_gain":0.0,"event_name":"Addict","player_choice":"Obtained Relic","floor":19.0,"gold_loss":85.0,"damage_taken":0.0,"relics_obtained":["Toxic Egg 2"]},{"damage_healed":0.0,"max_hp_gain":0.0,"max_hp_loss":0.0,"gold_gain":0.0,"event_name":"Cursed Tome","player_choice":"Obtained Book","floor":20.0,"gold_loss":0.0,"damage_taken":16.0},{"damage_healed":0.0,"max_hp_gain":0.0,"max_hp_loss":0.0,"gold_gain":0.0,"event_name":"Vampires","player_choice":"Ignored","floor":22.0,"gold_loss":0.0,"damage_taken":0.0},{"damage_healed":0.0,"max_hp_gain":0.0,"max_hp_loss":0.0,"gold_gain":0.0,"event_name":"The Mausoleum","player_choice":"Opened","floor":24.0,"gold_loss":0.0,"damage_taken":0.0,"relics_obtained":["Calipers"]},{"damage_healed":0.0,"max_hp_gain":0.0,"max_hp_loss":0.0,"gold_gain":0.0,"event_name":"SensoryStone","player_choice":"Memory 3","floor":36.0,"gold_loss":0.0,"damage_taken":10.0},{"damage_healed":0.0,"max_hp_gain":0.0,"max_hp_loss":0.0,"gold_gain":0.0,"event_name":"Mysterious Sphere","player_choice":"Fight","floor":45.0,"gold_loss":0.0,"damage_taken":0.0}],"is_beta":false,"boss_relics":[{"not_picked":["Cursed Key","Empty Cage"],"picked":"Pandora\u0027s Box"},{"not_picked":["Sozu","Runic Cube"],"picked":"Lizard Tail"}],"items_purged_floors":[21,39,53],"is_endless":false,"potions_floor_spawned":[1,12,13,16,25,30,33,37,38],"ascension_level":0}