{"gold_per_floor":[359,283,293,16,91,121,121,121,146,146,160,204,204,217,217,313,313,333,8,8,308,328,328,328],"floor_reached":24,"playtime":684,"items_purged":["Strike_B"],"score":364,"play_id":"e554b256-cbf8-4597-baa5-c833205fcce5","local_time":"20181229105923","is_ascension_mode":true,"campfire_choices":[{"floor":10,"key":"REST"},{"floor":13,"key":"REST"},{"data":"Defragment","floor":15,"key":"SMITH"},{"floor":23,"key":"REST"}],"neow_cost":"TEN_PERCENT_HP_LOSS","seed_source_timestamp":319165911280005,"circlet_count":0,"master_deck":["AscendersBane","Strike_B","Strike_B","Strike_B","Defend_B","Defend_B","Defend_B","Defend_B","Zap+1","Dualcast","Cold Snap","Defragment+1","Reinforced Body","Go for the Eyes","Steam","Echo Form","Conserve Battery","Electrodynamics","Loop","Capacitor","Leap","Shame"],"relics":["Cracked Core","OrangePellets","Shuriken","Golden Idol","Matryoshka","Cursed Key","Membership Card","Old Coin"],"potions_floor_usage":[6,12,16,20],"damage_taken":[{"damage":1,"enemies":"Cultist","floor":1,"turns":3},{"damage":3,"enemies":"2 Louse","floor":3,"turns":3},{"damage":20,"enemies":"Gremlin Nob","floor":6,"turns":5},{"damage":9,"enemies":"Small Slimes","floor":11,"turns":3},{"damage":10,"enemies":"3 Sentries","floor":12,"turns":8},{"damage":0,"enemies":"Red Slaver","floor":14,"turns":4},{"damage":13,"enemies":"The Guardian","floor":16,"turns":10},{"damage":22,"enemies":"3 Byrds","floor":18,"turns":3},{"damage":8,"enemies":"Colosseum Slavers","floor":20,"turns":3},{"damage":16,"enemies":"Spheric Guardian","floor":22,"turns":6},{"damage":26,"enemies":"Masked Bandits","floor":24,"turns":2}],"seed_played":"3552287206188596244","potions_obtained":[{"floor":1,"key":"GamblersBrew"},{"floor":6,"key":"SpeedPotion"},{"floor":14,"key":"Block Potion"},{"floor":16,"key":"SpeedPotion"}],"is_trial":false,"path_per_floor":["M","$","M","$","?","E","?","?","T","R","M","E","R","M","R","B",null,"M","$","?","?","M","R","?"],"character_chosen":"DEFECT","items_purchased":["Defragment","Go for the Eyes","OrangePellets","Membership Card","Capacitor","Leap"],"campfire_rested":3,"item_purchase_floors":[2,4,4,19,19,19],"current_hp_per_floor":[63,63,60,60,49,29,29,29,29,46,37,27,44,44,44,31,51,29,29,21,21,5,22,0],"gold":328,"neow_bonus":"TWO_FIFTY_GOLD","is_prod":false,"is_daily":false,"chose_seed":false,"campfire_upgraded":1,"win_rate":0,"timestamp":1546106363,"path_taken":["M","$","?","$","?","E","?","?","T","R","?","E","R","M","R","BOSS","M","$","?","?","M","R","?"],"build_version":"2018-12-20","purchased_purges":1,"victory":false,"max_hp_per_floor":[64,64,64,64,64,64,58,58,58,58,58,58,58,58,58,58,58,58,58,58,58,58,58,58],"card_choices":[{"not_picked":["Leap","Compile Driver"],"picked":"Cold Snap","floor":1},{"not_picked":["Steam","Stack"],"picked":"Reinforced Body","floor":3},{"not_picked":["Turbo","Go for the Eyes"],"picked":"Steam","floor":6},{"not_picked":["BootSequence","Darkness"],"picked":"Echo Form","floor":11},{"not_picked":["Scrape","Compile Driver"],"picked":"Conserve Battery","floor":12},{"not_picked":["Beam Cell","Barrage","Steam"],"picked":"SKIP","floor":14},{"not_picked":["Creative AI","Thunder Strike"],"picked":"Electrodynamics","floor":16},{"not_picked":["Leap","Redo"],"picked":"Loop","floor":18},{"not_picked":["Genetic Algorithm+1","Hologram","Tempest"],"picked":"SKIP","floor":22}],"player_experience":734562,"relics_obtained":[{"floor":6,"key":"Shuriken"},{"floor":12,"key":"Matryoshka"}],"event_choices":[{"damage_healed":0,"gold_gain":75,"player_choice":"Gather Gold","damage_taken":11,"max_hp_gain":0,"max_hp_loss":0,"event_name":"World of Goop","floor":5,"gold_loss":0},{"damage_healed":0,"gold_gain":0,"player_choice":"Lose Max HP","damage_taken":0,"relics_obtained":["Golden Idol"],"max_hp_gain":0,"max_hp_loss":6,"event_name":"Golden Idol","floor":7,"gold_loss":0},{"damage_healed":0,"gold_gain":0,"player_choice":"Upgraded","damage_taken":0,"max_hp_gain":0,"max_hp_loss":0,"event_name":"Upgrade Shrine","floor":8,"gold_loss":0,"cards_upgraded":["Zap"]},{"damage_healed":0,"gold_gain":0,"player_choice":"Fight","damage_taken":0,"max_hp_gain":0,"max_hp_loss":0,"event_name":"Colosseum","floor":20,"gold_loss":0},{"damage_healed":0,"gold_gain":0,"player_choice":"Fled From Nobs","damage_taken":0,"max_hp_gain":0,"max_hp_loss":0,"event_name":"Colosseum","floor":20,"gold_loss":0},{"damage_healed":0,"gold_gain":0,"player_choice":"Stole Relic","damage_taken":0,"relics_obtained":["Old Coin"],"max_hp_gain":0,"max_hp_loss":0,"event_name":"Addict","floor":21,"gold_loss":0,"cards_obtained":["Shame"]},{"damage_healed":0,"gold_gain":0,"player_choice":"Fought Bandits","damage_taken":0,"max_hp_gain":0,"max_hp_loss":0,"event_name":"Masked Bandits","floor":24,"gold_loss":0}],"is_beta":false,"boss_relics":[{"not_picked":["FrozenCore","Lizard Tail"],"picked":"Cursed Key"}],"items_purged_floors":[19],"is_endless":false,"potions_floor_spawned":[1,6,14,16,20],"killed_by":"Masked Bandits","ascension_level":16}