{"path_per_floor":["M","M","M","M","M","R","$","R","T","R","E","?","?","?","R","B",null,"M","M","M","?","?","R","E","M","T","$","M","M","$","E","R","B",null,"M","M","M","?","M","R","E","M","T","M","$","E","R","M","R","B"],"character_chosen":"THE_SILENT","items_purchased":["Orichalcum","Cloak And Dagger","Regen Potion","Thread and Needle","Well Laid Plans"],"gold_per_floor":[114,129,144,159,174,174,99,99,99,99,129,129,129,94,94,194,194,209,224,239,164,164,164,194,209,259,121,136,151,111,141,141,241,241,256,271,286,286,301,301,331,346,346,361,59,89,89,104,104,104],"floor_reached":51,"campfire_rested":4,"playtime":2823,"current_hp_per_floor":[59,49,49,39,31,52,52,52,52,52,44,37,37,54,54,61,70,36,30,20,20,20,56,37,25,25,25,10,11,11,4,42,13,77,77,77,61,83,65,83,83,93,93,93,93,91,91,91,91,69],"items_purged":["Wraith Form"],"gold":104,"score":901,"play_id":"2ae5467f-39fd-443e-9335-816136009d1e","local_time":"20180407224540","daily_mods":["Insanity","Elite Swarm","Vintage"],"is_prod":false,"is_daily":true,"is_ascension_mode":false,"campfire_upgraded":3,"timestamp":1523159140,"path_taken":["M","M","M","M","M","R","$","R","T","R","E","?","?","?","R","BOSS","M","M","M","?","?","R","E","M","T","?","?","M","$","E","R","BOSS","M","M","M","?","M","R","E","M","T","M","$","E","R","M","R","BOSS"],"build_version":"2018-04-05v2","purchased_purges":1,"victory":true,"master_deck":["Setup","Bouncing Flask","Backstab","Terror","Quick Slash","Corpse Explosion","Dash","Burst","Crippling Poison","Tactician+1","Neutralize","Finisher","Masterful Stab","Dash","Acrobatics","Reflex","Blade Dance","Accuracy","Malaise","Bane","Adrenaline","Reflex+1","Bouncing Flask","Cloak And Dagger","Outmaneuver","Deadly Poison","Noxious Fumes","Dagger Spray","Unload+1","Noxious Fumes","Blade Dance","Poisoned Stab+1","Outmaneuver","Doppelganger+1","Flechettes","Accuracy","Accuracy","Dodge and Roll","Poisoned Stab","Doppelganger+1","Bouncing Flask","Storm of Steel","Setup+1","Noxious Fumes","Corpse Explosion","Burst","Expertise+1","Riddle With Holes+1","Bane+1","A Thousand Cuts+1","Cloak And Dagger","Tools of the Trade+1","A Thousand Cuts+1","Writhe","Phantasmal Killer","Well Laid Plans+1","A Thousand Cuts+1"],"max_hp_per_floor":[70,70,70,70,70,70,70,70,70,70,70,70,70,70,70,70,70,70,70,70,70,70,70,70,70,70,70,70,77,77,77,77,77,77,77,77,77,83,83,83,83,93,93,93,93,93,93,93,93,93],"relics":["Ring of the Snake","Blue Candle","Snake Skull","Anchor","Darkstone Periapt","Ornamental Fan","Pantograph","The Courier","Mummified Hand","Frozen Egg 2","Astrolabe","Regal Pillow","Bag of Marbles","Dodecahedron","Whetstone","Vajra","Lantern","Orichalcum","Bottled Flame","Strawberry","War Paint","Kunai","Lizard Tail","Meat on the Bone","Shuriken","Happy Flower","Ninja Scroll","Paper Crane","Pear","Shovel","Bag of Preparation","Thread and Needle","Ancient Tea Set","Gambling Chip","Molten Egg 2","Question Card"],"card_choices":[{"not_picked":["Phantasmal Killer","Storm of Steel"],"picked":"Corpse Explosion","floor":11},{"not_picked":["Unload","Die Die Die"],"picked":"Burst","floor":16},{"not_picked":["Bullet Time","Unload"],"picked":"A Thousand Cuts","floor":24},{"not_picked":["Die Die Die","Tactician"],"picked":"Tools of the Trade","floor":31},{"not_picked":["Grand Finale","Die Die Die"],"picked":"A Thousand Cuts","floor":33},{"not_picked":["Grand Finale","Corpse Explosion"],"picked":"Phantasmal Killer","floor":41},{"not_picked":["Storm of Steel","Doppelganger"],"picked":"A Thousand Cuts","floor":46}],"player_experience":147692,"potions_floor_usage":[16,16,24,29,31,33,33,44,46,50],"damage_taken":[{"damage":11,"enemies":"Jaw Worm","floor":1,"turns":2},{"damage":10,"enemies":"Small Slimes","floor":2,"turns":2},{"damage":0,"enemies":"Cultist","floor":3,"turns":3},{"damage":10,"enemies":"Looter","floor":4,"turns":3},{"damage":8,"enemies":"2 Fungi Beasts","floor":5,"turns":3},{"damage":8,"enemies":"Gremlin Nob","floor":11,"turns":3},{"damage":9,"enemies":"The Guardian","floor":16,"turns":6},{"damage":34,"enemies":"Spheric Guardian","floor":18,"turns":5},{"damage":6,"enemies":"3 Byrds","floor":19,"turns":5},{"damage":10,"enemies":"Centurion and Healer","floor":20,"turns":4},{"damage":19,"enemies":"Slavers","floor":24,"turns":4},{"damage":12,"enemies":"3 Cultists","floor":25,"turns":5},{"damage":15,"enemies":"Snake Plant","floor":28,"turns":3},{"damage":6,"enemies":"Centurion and Healer","floor":29,"turns":3},{"damage":13,"enemies":"Gremlin Leader","floor":31,"turns":5},{"damage":54,"enemies":"Champ","floor":33,"turns":8},{"damage":0,"enemies":"3 Shapes","floor":35,"turns":2},{"damage":0,"enemies":"Orb Walker","floor":36,"turns":2},{"damage":16,"enemies":"3 Darklings","floor":37,"turns":3},{"damage":18,"enemies":"Maw","floor":39,"turns":5},{"damage":0,"enemies":"Nemesis","floor":41,"turns":1},{"damage":0,"enemies":"Sphere and 2 Shapes","floor":42,"turns":2},{"damage":0,"enemies":"3 Darklings","floor":44,"turns":2},{"damage":2,"enemies":"2 Orb Walkers","floor":46,"turns":3},{"damage":0,"enemies":"Maw","floor":48,"turns":5},{"damage":30,"enemies":"Donu and Deca","floor":50,"turns":6}],"event_choices":[{"event_name":"Scrap Ooze","player_choice":"success","floor":12,"damage_taken":7},{"event_name":"Purifier","player_choice":"One Purge","floor":13,"damage_taken":0},{"event_name":"The Cleric","player_choice":"Healed","floor":14,"damage_taken":0},{"event_name":"Beggar","player_choice":"Gave Gold","floor":21,"damage_taken":0},{"event_name":"Cursed Tome","player_choice":"Ignored","floor":22,"damage_taken":0},{"event_name":"Winding Halls","player_choice":"Writhe","floor":38,"damage_taken":0}],"boss_relics":[{"not_picked":["Velvet Choker","Philosopher\u0027s Stone"],"picked":"Astrolabe"},{"not_picked":["Runic Dome","Orrery"],"picked":"Lizard Tail"}],"potions_floor_spawned":[2,3,5,18,20,25,28,35,36,41,42,48],"seed_played":"751993229486629799","ascension_level":0,"is_trial":false}