{"gold_per_floor":[17,28,28,41,51,51,83,95,134,164,23,23,50,3,3,80,80,92,106,117,130,146,146,146],"floor_reached":24,"playtime":1288,"items_purged":["Strike_B"],"score":357,"play_id":"e60ed844-f3ed-4559-a749-389058eecd3c","local_time":"20190206040048","is_ascension_mode":true,"campfire_choices":[{"data":"Zap","floor":6,"key":"SMITH"},{"data":"1","floor":8,"key":"LIFT"},{"floor":15,"key":"REST"},{"floor":23,"key":"REST"}],"neow_cost":"NO_GOLD","seed_source_timestamp":795210602072746,"circlet_count":0,"master_deck":["AscendersBane","Strike_B","Strike_B","Defend_B","Defend_B","Defend_B","Defend_B","Zap+1","Dualcast","Ball Lightning","Ball Lightning","BootSequence","Coolheaded","Conserve Battery","Melter","White Noise","Go for the Eyes","Leap","Buffer","Gash"],"relics":["Cracked Core","Girya","MawBank","Bag of Preparation","Boot","Snecko Eye"],"potions_floor_usage":[7,13,19,22,24],"damage_taken":[{"damage":0,"enemies":"2 Louse","floor":1,"turns":3},{"damage":1,"enemies":"Cultist","floor":2,"turns":3},{"damage":7,"enemies":"Small Slimes","floor":4,"turns":2},{"damage":0,"enemies":"Looter","floor":5,"turns":2},{"damage":21,"enemies":"3 Sentries","floor":7,"turns":6},{"damage":0,"enemies":"2 Fungi Beasts","floor":10,"turns":2},{"damage":10,"enemies":"Gremlin Nob","floor":13,"turns":3},{"damage":48,"enemies":"Hexaghost","floor":16,"turns":10},{"damage":7,"enemies":"Shell Parasite","floor":18,"turns":5},{"damage":0,"enemies":"3 Byrds","floor":19,"turns":3},{"damage":21,"enemies":"Snake Plant","floor":20,"turns":3},{"damage":0,"enemies":"Centurion and Healer","floor":21,"turns":5},{"damage":25,"enemies":"Shelled Parasite and Fungi","floor":22,"turns":6},{"damage":25,"enemies":"Slavers","floor":24,"turns":2}],"seed_played":"-2264778681443888182","potions_obtained":[{"floor":1,"key":"Regen Potion"},{"floor":4,"key":"SteroidPotion"},{"floor":7,"key":"GamblersBrew"},{"floor":18,"key":"LiquidBronze"},{"floor":20,"key":"FocusPotion"}],"is_trial":false,"path_per_floor":["M","M","?","M","M","R","E","R","T","M","$","$","E","$","R","B",null,"M","M","M","M","M","R","E"],"character_chosen":"DEFECT","items_purchased":["White Noise","Leap"],"campfire_rested":2,"item_purchase_floors":[11,14],"current_hp_per_floor":[64,63,63,56,56,56,49,49,49,49,49,49,39,39,60,12,56,49,49,28,28,3,24,0],"gold":146,"neow_bonus":"ONE_RARE_RELIC","is_prod":false,"is_daily":false,"chose_seed":false,"campfire_upgraded":1,"win_rate":0,"timestamp":1549443648,"path_taken":["M","M","?","M","M","R","E","R","T","M","?","$","E","$","R","BOSS","M","M","M","M","?","R","E"],"build_version":"2019-01-23","purchased_purges":1,"victory":false,"max_hp_per_floor":[71,71,71,71,71,71,71,71,71,71,71,71,71,71,71,71,71,71,71,71,71,71,71,71],"card_choices":[{"not_picked":["Undo","Go for the Eyes"],"picked":"Ball Lightning","floor":1},{"not_picked":["Consume","Beam Cell"],"picked":"Ball Lightning","floor":2},{"not_picked":["Reinforced Body","Compile Driver"],"picked":"BootSequence","floor":4},{"not_picked":["Beam Cell","Capacitor"],"picked":"Coolheaded","floor":5},{"not_picked":["Steam","Chill"],"picked":"Conserve Battery","floor":7},{"not_picked":["Streamline","Redo"],"picked":"Melter","floor":10},{"not_picked":["Undo","Conserve Battery"],"picked":"Go for the Eyes","floor":13},{"not_picked":["Rainbow","Fission"],"picked":"Buffer","floor":16},{"not_picked":["Compile Driver","Stack","Conserve Battery"],"picked":"SKIP","floor":18},{"not_picked":["Beam Cell","Go for the Eyes","Conserve Battery"],"picked":"SKIP","floor":19},{"not_picked":["Tempest","Redo","Fission"],"picked":"SKIP","floor":20},{"not_picked":["Beam Cell","Aggregate"],"picked":"Gash","floor":21},{"not_picked":["Melter","Leap","Gash"],"picked":"SKIP","floor":22}],"player_experience":722766,"relics_obtained":[{"floor":7,"key":"MawBank"},{"floor":9,"key":"Bag of Preparation"},{"floor":13,"key":"Boot"}],"event_choices":[{"cards_removed":["Strike_B"],"damage_healed":0,"gold_gain":0,"player_choice":"Purged","damage_taken":0,"max_hp_gain":0,"max_hp_loss":0,"event_name":"Purifier","floor":3,"gold_loss":0}],"is_beta":false,"boss_relics":[{"not_picked":["Sozu","Eternal Feather"],"picked":"Snecko Eye"}],"items_purged_floors":[11],"is_endless":false,"potions_floor_spawned":[1,4,7,18,20],"killed_by":"Slavers","ascension_level":14}