{"gold_per_floor":[113,139,152,170,181,181,208,208,261,261,18,43,116,134,134,265,265,278,34,73,87,105,139,139,90,90,130,130,163,163,181,181,306,306,327,341,405,405,405,405,123,156,156,200,48,64,79,100,100,100],"floor_reached":51,"playtime":2157,"items_purged":["Writhe"],"score":924,"play_id":"45851e68-b5d8-4252-9147-5e9185232ba4","local_time":"20190204131332","is_ascension_mode":true,"campfire_choices":[{"data":"Cleave","floor":6.0,"key":"SMITH"},{"floor":8.0,"key":"REST"},{"data":"Armaments","floor":15.0,"key":"SMITH"},{"data":"Clothesline","floor":24.0,"key":"SMITH"},{"data":"Bash","floor":28.0,"key":"SMITH"},{"data":"Thunderclap","floor":30.0,"key":"SMITH"},{"data":"Demon Form","floor":32.0,"key":"SMITH"},{"data":"Shrug It Off","floor":40,"key":"SMITH"},{"data":"Defend_R","floor":49,"key":"SMITH"}],"neow_cost":"NONE","seed_source_timestamp":0,"circlet_count":0,"master_deck":["Strike_R","Strike_R","Strike_R","Strike_R","Defend_R+1","Defend_R","Bash+1","Shrug It Off+1","Clothesline+1","Armaments+1","Cleave+1","Flame Barrier+1","Good Instincts+1","Flame Barrier+1","Thunderclap+1","Demon Form+1","Spot Weakness+1","Feed+1","Iron Wave+1","Shrug It Off+1","Iron Wave+1","Intimidate+1","Anger+1","Iron Wave+1","Double Tap+1","Shrug It Off+1","Warcry+1","Limit Break+1","Cleave+1","Cleave+1","Heavy Blade+1","Rage+1","Shrug It Off+1","Thunderclap+1","Sword Boomerang+1","Flex+1"],"special_seed":0,"relics":["Burning Blood","Blood Vial","Toxic Egg 2","Lantern","Golden Idol","Orichalcum","Odd Mushroom","Astrolabe","Molten Egg 2","Red Mask","Darkstone Periapt","Pen Nib","Oddly Smooth Stone","Mercury Hourglass","Black Star","StoneCalendar","Torii","Brimstone","Happy Flower","FossilizedHelix","Bag of Preparation","Gambling Chip","Potion Belt","Bag of Marbles"],"potions_floor_usage":[36,36,44,44,50],"damage_taken":[{"damage":3.0,"enemies":"Cultist","floor":1.0,"turns":5.0},{"damage":4.0,"enemies":"Jaw Worm","floor":3.0,"turns":5.0},{"damage":3.0,"enemies":"2 Louse","floor":4.0,"turns":3.0},{"damage":2.0,"enemies":"Looter","floor":5.0,"turns":3.0},{"damage":36.0,"enemies":"Lagavulin","floor":7.0,"turns":8.0},{"damage":17.0,"enemies":"The Mushroom Lair","floor":12.0,"turns":4.0},{"damage":1.0,"enemies":"Blue Slaver","floor":14.0,"turns":3.0},{"damage":15.0,"enemies":"The Guardian","floor":16.0,"turns":12.0},{"damage":5.0,"enemies":"Shell Parasite","floor":18.0,"turns":6.0},{"damage":0.0,"enemies":"Masked Bandits","floor":20.0,"turns":2.0},{"damage":5.0,"enemies":"Spheric Guardian","floor":21.0,"turns":4.0},{"damage":5.0,"enemies":"Snecko","floor":22.0,"turns":6.0},{"damage":9.0,"enemies":"Book of Stabbing","floor":23.0,"turns":6.0},{"damage":26.0,"enemies":"Gremlin Leader","floor":27.0,"turns":5.0},{"damage":12.0,"enemies":"Book of Stabbing","floor":29.0,"turns":5.0},{"damage":6.0,"enemies":"3 Cultists","floor":31.0,"turns":5.0},{"damage":10.0,"enemies":"Champ","floor":33.0,"turns":8.0},{"damage":7.0,"enemies":"Orb Walker","floor":35.0,"turns":4.0},{"damage":1,"enemies":"3 Darklings","floor":36,"turns":3},{"damage":32,"enemies":"2 Orb Walkers","floor":37,"turns":6},{"damage":14,"enemies":"Reptomancer","floor":42,"turns":4},{"damage":8,"enemies":"Nemesis","floor":44,"turns":5},{"damage":0,"enemies":"4 Shapes","floor":46,"turns":1},{"damage":11,"enemies":"Jaw Worm Horde","floor":47,"turns":3},{"damage":12,"enemies":"Writhing Mass","floor":48,"turns":3},{"damage":47,"enemies":"Donu and Deca","floor":50,"turns":5}],"seed_played":"1906442072524900963","potions_obtained":[{"floor":1.0,"key":"Explosive Potion"},{"floor":3.0,"key":"GamblersBrew"},{"floor":4.0,"key":"Ancient Potion"},{"floor":14.0,"key":"Fire Potion"},{"floor":22.0,"key":"Energy Potion"},{"floor":27.0,"key":"Poison Potion"},{"floor":29.0,"key":"Poison Potion"},{"floor":33.0,"key":"SkillPotion"},{"floor":36,"key":"SpeedPotion"},{"floor":37,"key":"AttackPotion"},{"floor":42,"key":"Swift Potion"},{"floor":47,"key":"Strength Potion"}],"is_trial":false,"path_per_floor":["M","T","M","M","M","R","E","R","T","?","$","?","?","M","R","B",null,"M","$","?","M","M","E","R","$","T","E","R","E","R","M","R","B",null,"M","M","?","T","?","R","$","E","T","E","$","M","M","M","R","B",null],"character_chosen":"IRONCLAD","items_purchased":["Orichalcum","Good Instincts+1","Molten Egg 2","Iron Wave+1","Brimstone","Bag of Marbles"],"campfire_rested":1,"item_purchase_floors":[11,11,19,25,41,45],"current_hp_per_floor":[88,88,88,88,88,88,58,84,84,62,62,53,53,60,60,53,88,88,88,92,96,100,101,101,101,101,83,83,79,79,81,81,79,104,103,104,78,78,110,110,110,102,102,102,102,110,105,101,101,62],"gold":100,"neow_bonus":"TEN_PERCENT_HP_BONUS","is_prod":false,"is_daily":false,"chose_seed":false,"campfire_upgraded":8,"win_rate":0,"timestamp":1549257212,"path_taken":["M","?","M","?","M","R","E","R","T","?","$","?","?","M","R","BOSS","M","$","?","M","M","E","R","$","T","E","R","E","R","M","R","BOSS","M","M","?","?","?","R","$","E","T","E","$","M","M","M","R","BOSS"],"build_version":"2019-01-23","purchased_purges":1,"victory":true,"max_hp_per_floor":[88,88,88,88,88,88,88,88,88,88,88,88,88,88,88,88,88,88,88,92,96,100,104,104,104,104,104,104,104,104,104,104,104,104,104,104,104,104,110,110,110,110,110,110,110,110,110,110,110,110],"card_choices":[{"not_picked":["True Grit","Heavy Blade"],"picked":"Shrug It Off","floor":1.0},{"not_picked":["Burning Pact","Wild Strike"],"picked":"Clothesline","floor":3.0},{"not_picked":["Clash","Bloodletting"],"picked":"Armaments","floor":4.0},{"not_picked":["Corruption","Evolve"],"picked":"Cleave","floor":5.0},{"not_picked":["Sever Soul","Flex"],"picked":"Flame Barrier","floor":7.0},{"not_picked":["Bludgeon","Heavy Blade"],"picked":"Flame Barrier+1","floor":12.0},{"not_picked":["Entrench+1","Flex+1"],"picked":"Thunderclap","floor":14.0},{"not_picked":["Impervious+1","Double Tap+1"],"picked":"Demon Form","floor":16.0},{"not_picked":["Evolve","Burning Pact+1"],"picked":"Shrug It Off+1","floor":18.0},{"not_picked":["Carnage+1","True Grit+1"],"picked":"Iron Wave+1","floor":21.0},{"not_picked":["Wild Strike+1","Pummel+1"],"picked":"Intimidate+1","floor":22.0},{"not_picked":["Hemokinesis+1","Perfected Strike+1"],"picked":"Anger+1","floor":23.0},{"not_picked":["Carnage+1","Cleave+1"],"picked":"Double Tap+1","floor":27.0},{"not_picked":["Havoc+1","Perfected Strike+1"],"picked":"Shrug It Off+1","floor":29.0},{"not_picked":["Bludgeon+1","Disarm+1"],"picked":"Warcry+1","floor":31.0},{"not_picked":["Immolate+1","Feed+1"],"picked":"Limit Break+1","floor":33.0},{"not_picked":["Sever Soul+1","Sword Boomerang+1"],"picked":"Cleave+1","floor":35.0},{"not_picked":["Disarm+1","Warcry+1"],"picked":"Cleave+1","floor":36},{"not_picked":["Pummel+1","Clothesline+1"],"picked":"Heavy Blade+1","floor":37},{"not_picked":["Evolve","Wild Strike+1"],"picked":"Rage+1","floor":42},{"not_picked":["Armaments+1","Perfected Strike+1"],"picked":"Shrug It Off+1","floor":44},{"not_picked":["True Grit+1","Headbutt+1"],"picked":"Thunderclap+1","floor":46},{"not_picked":["Havoc+1","Cleave+1"],"picked":"Sword Boomerang+1","floor":47},{"not_picked":["Warcry+1","Pummel+1"],"picked":"Flex+1","floor":48}],"player_experience":52381,"relics_obtained":[{"floor":2.0,"key":"Blood Vial"},{"floor":7.0,"key":"Toxic Egg 2"},{"floor":9.0,"key":"Lantern"},{"floor":12.0,"key":"Odd Mushroom"},{"floor":20.0,"key":"Red Mask"},{"floor":23.0,"key":"Darkstone Periapt"},{"floor":26.0,"key":"Pen Nib"},{"floor":27.0,"key":"Oddly Smooth Stone"},{"floor":29.0,"key":"Mercury Hourglass"},{"floor":37,"key":"StoneCalendar"},{"floor":38,"key":"Torii"},{"floor":42,"key":"Happy Flower"},{"floor":42,"key":"FossilizedHelix"},{"floor":43,"key":"Bag of Preparation"},{"floor":44,"key":"Gambling Chip"},{"floor":44,"key":"Potion Belt"}],"event_choices":[{"damage_healed":0.0,"max_hp_gain":0.0,"max_hp_loss":0.0,"gold_gain":0.0,"event_name":"Golden Idol","player_choice":"Take Damage","floor":10.0,"gold_loss":0.0,"damage_taken":22.0,"relics_obtained":["Golden Idol"]},{"damage_healed":0.0,"max_hp_gain":0.0,"max_hp_loss":0.0,"gold_gain":0.0,"event_name":"Mushrooms","player_choice":"Fought Mushrooms","floor":12.0,"gold_loss":0.0,"damage_taken":0.0},{"damage_healed":0.0,"max_hp_gain":0.0,"max_hp_loss":0.0,"gold_gain":73.0,"event_name":"Golden Wing","player_choice":"Gained Gold","floor":13.0,"gold_loss":0.0,"damage_taken":0.0},{"damage_healed":0.0,"max_hp_gain":0.0,"max_hp_loss":0.0,"gold_gain":0.0,"event_name":"Masked Bandits","player_choice":"Fought Bandits","floor":20.0,"gold_loss":0.0,"damage_taken":0.0},{"damage_healed":0,"gold_gain":0,"player_choice":"Fight","damage_taken":0,"max_hp_gain":0,"max_hp_loss":0,"event_name":"Mysterious Sphere","floor":37,"gold_loss":0},{"damage_healed":26,"gold_gain":0,"player_choice":"Writhe","damage_taken":0,"max_hp_gain":0,"max_hp_loss":0,"event_name":"Winding Halls","floor":39,"gold_loss":0,"cards_obtained":["Writhe"]}],"is_beta":false,"boss_relics":[{"not_picked":["Runic Cube","Busted Crown"],"picked":"Astrolabe"},{"not_picked":["Snecko Eye","Eternal Feather"],"picked":"Black Star"}],"items_purged_floors":[41],"is_endless":false,"potions_floor_spawned":[1,3,4,7,14,22,27,29,33,36,37,42,47],"ascension_level":1}