{"gold_per_floor":[113,113,38,56,71,71,146,158,158,158,177,177,177],"floor_reached":13,"playtime":189,"items_purged":[],"score":139,"play_id":"b657af76-7f7c-4919-86c0-52dfb38bed5b","local_time":"20180922225047","is_ascension_mode":true,"campfire_choices":[{"data":"Dualcast","floor":6,"key":"SMITH"},{"data":"Reprogram","floor":12,"key":"SMITH"}],"neow_cost":"NONE","seed_source_timestamp":78198781190416,"circlet_count":0,"master_deck":["Strike_B","Strike_B","Strike_B","Defend_B","Defend_B","Defend_B","Zap+1","Dualcast+1","AscendersBane","Barrage","Rip and Tear","Ball Lightning","Reprogram+1"],"relics":["Cracked Core","Singing Bowl"],"potions_floor_usage":[4],"damage_taken":[{"damage":9,"enemies":"2 Louse","floor":1,"turns":2},{"damage":0,"enemies":"Small Slimes","floor":4,"turns":1},{"damage":12,"enemies":"Jaw Worm","floor":5,"turns":2},{"damage":11,"enemies":"Blue Slaver","floor":8,"turns":3},{"damage":19,"enemies":"Exordium Wildlife","floor":11,"turns":4}],"seed_played":"1757634484796582019","potions_obtained":[{"floor":1,"key":"Fire Potion"},{"floor":8,"key":"FearPotion"},{"floor":11,"key":"AttackPotion"}],"is_trial":false,"path_per_floor":["M","?","?","M","M","R","?","M","T","?","M","R"],"character_chosen":"DEFECT","items_purchased":[],"campfire_rested":0,"item_purchase_floors":[],"current_hp_per_floor":[55,48,48,48,36,36,25,14,14,37,18,18,0],"gold":177,"neow_bonus":"UPGRADE_CARD","is_prod":false,"is_daily":false,"chose_seed":false,"campfire_upgraded":2,"win_rate":0,"timestamp":1537681847,"path_taken":["M","?","?","?","M","R","?","M","T","?","M","R","?"],"build_version":"2018-09-20","purchased_purges":0,"victory":false,"max_hp_per_floor":[71,71,71,71,71,71,71,71,71,71,71,71,71],"card_choices":[{"not_picked":["Hello World","Turbo"],"picked":"Barrage","floor":1},{"not_picked":["Hello World","Streamline"],"picked":"Rip and Tear","floor":4},{"not_picked":["Barrage","Turbo","Blizzard"],"picked":"SKIP","floor":5},{"not_picked":["Stack","Sweeping Beam"],"picked":"Ball Lightning","floor":8},{"not_picked":["Redo","Gash"],"picked":"Reprogram","floor":11}],"player_experience":817694,"relics_obtained":[{"floor":9,"key":"Singing Bowl"}],"event_choices":[{"event_name":"Golden Wing","player_choice":"Card Removal","floor":2,"damage_taken":0},{"event_name":"The Cleric","player_choice":"Card Removal","floor":3,"damage_taken":0},{"event_name":"World of Goop","player_choice":"Gather Gold","floor":7,"damage_taken":0},{"event_name":"Big Fish","player_choice":"Banana","floor":10,"damage_taken":0}],"is_beta":true,"boss_relics":[],"items_purged_floors":[],"is_endless":false,"potions_floor_spawned":[1,8,11],"ascension_level":17}