{"gold_per_floor":[119,133,163,163,88,132,153,198,198,198,237,237,11,36,36,36],"floor_reached":16,"playtime":567,"items_purged":["Injury"],"score":213,"play_id":"7e1ed851-e64c-453c-834f-cd568c10d0bc","local_time":"20190128205320","is_ascension_mode":true,"campfire_choices":[{"data":"Footwork","floor":10,"key":"SMITH"},{"data":"Sucker Punch","floor":12,"key":"SMITH"},{"data":"Neutralize","floor":15,"key":"SMITH"}],"neow_cost":"NONE","seed_source_timestamp":6560652334918,"circlet_count":0,"master_deck":["AscendersBane","Defend_G","Defend_G","Defend_G","Defend_G","Defend_G","Strike_G","Strike_G","Strike_G","Strike_G","Strike_G","Survivor","Neutralize+1","Sucker Punch+1","Well Laid Plans","Footwork+1","Tactician+1","Blur+1","Blur+1","Crippling Poison+1"],"relics":["Ring of the Snake","NeowsBlessing","Tiny Chest","Golden Idol","Toxic Egg 2","PreservedInsect","Shuriken","Anchor","Snake Skull"],"potions_floor_usage":[16,16],"damage_taken":[{"damage":0,"enemies":"Jaw Worm","floor":1,"turns":1},{"damage":0,"enemies":"2 Louse","floor":2,"turns":1},{"damage":0,"enemies":"Gremlin Nob","floor":6,"turns":1},{"damage":0,"enemies":"Small Slimes","floor":7,"turns":4},{"damage":17,"enemies":"Lagavulin","floor":11,"turns":8},{"damage":0,"enemies":"Blue Slaver","floor":14,"turns":7},{"damage":48,"enemies":"Hexaghost","floor":16,"turns":16}],"seed_played":"-747183784780964472","potions_obtained":[{"floor":2,"key":"FearPotion"},{"floor":6,"key":"SpeedPotion"},{"floor":14,"key":"Regen Potion"}],"is_trial":false,"path_per_floor":["M","M","?","?","$","E","M","T","T","R","E","R","$","M","R","B"],"character_chosen":"THE_SILENT","items_purchased":["Blur+1","Snake Skull"],"campfire_rested":0,"item_purchase_floors":[13,13],"current_hp_per_floor":[63,63,60,60,60,60,60,60,60,60,43,43,43,43,43,0],"gold":36,"neow_bonus":"THREE_ENEMY_KILL","is_prod":false,"is_daily":false,"chose_seed":false,"campfire_upgraded":3,"win_rate":0,"timestamp":1548730400,"path_taken":["M","M","?","?","$","E","M","?","T","R","E","R","$","M","R","BOSS"],"build_version":"2019-01-23","purchased_purges":1,"victory":false,"max_hp_per_floor":[70,70,70,70,70,70,70,70,70,70,70,70,70,70,70,70],"card_choices":[{"not_picked":["Acrobatics","Bane"],"picked":"Sucker Punch","floor":1},{"not_picked":["Dodge and Roll","Acrobatics"],"picked":"Well Laid Plans","floor":2},{"not_picked":["Setup","Masterful Stab"],"picked":"Footwork","floor":6},{"not_picked":["Concentrate+1","Acrobatics+1"],"picked":"Tactician+1","floor":7},{"not_picked":["Glass Knife","Backflip+1"],"picked":"Blur+1","floor":11},{"not_picked":["All Out Attack","Predator"],"picked":"Crippling Poison+1","floor":14}],"player_experience":493314,"relics_obtained":[{"floor":6,"key":"Toxic Egg 2"},{"floor":8,"key":"PreservedInsect"},{"floor":9,"key":"Shuriken"},{"floor":11,"key":"Anchor"}],"event_choices":[{"damage_healed":0,"gold_gain":0,"player_choice":"Success","damage_taken":3,"relics_obtained":["Tiny Chest"],"max_hp_gain":0,"max_hp_loss":0,"event_name":"Scrap Ooze","floor":3,"gold_loss":0},{"damage_healed":0,"gold_gain":0,"player_choice":"Take Wound","damage_taken":0,"relics_obtained":["Golden Idol"],"max_hp_gain":0,"max_hp_loss":0,"event_name":"Golden Idol","floor":4,"gold_loss":0,"cards_obtained":["Injury"]}],"is_beta":false,"boss_relics":[],"items_purged_floors":[5],"is_endless":false,"potions_floor_spawned":[2,6,14],"killed_by":"Hexaghost","ascension_level":12}