{"path_per_floor":["M","?","?","T","M","E","R","E","T","R","M","M","?","E","R","B",null,"M","T","$","?","M","R","E","R","T","E","M","M","E","M","R","B",null,"M","$","?","$","M","E","R","?","T","T","$","E","M","E","R","B"],"character_chosen":"THE_SILENT","items_purchased":["Footwork","Bird Faced Urn","Footwork","Footwork","Centennial Puzzle","Strength Potion","Noxious Fumes"],"gold_per_floor":[110,110,110,159,173,208,208,244,244,244,268,291,291,354,354,480,480,500,500,72,72,96,96,135,135,162,197,221,245,285,299,299,430,430,450,280,349,16,37,70,70,70,70,144,63,97,112,148,148,148],"floor_reached":51,"campfire_rested":3,"playtime":6126,"current_hp_per_floor":[65,58,41,41,41,29,50,30,30,66,68,65,51,28,64,51,70,52,52,52,52,60,60,53,53,53,35,38,35,42,58,58,56,72,74,74,43,43,67,74,76,76,76,76,76,76,76,76,76,76],"items_purged":["Strike_G","Strike_G"],"gold":148,"score":900,"play_id":"d433e3db-f989-4c6c-a957-9a0ac24037a7","local_time":"20180325224242","is_prod":false,"is_daily":false,"is_ascension_mode":true,"campfire_upgraded":5,"timestamp":1522035762,"path_taken":["M","?","?","?","M","E","R","E","T","R","M","M","?","E","R","BOSS","M","?","$","?","M","R","E","R","T","E","M","M","E","M","R","BOSS","M","$","?","$","M","E","R","?","T","?","$","E","M","E","R","BOSS"],"build_version":"2018-03-22v2","purchased_purges":3,"victory":true,"master_deck":["Defend_G","Defend_G","Defend_G+1","Defend_G","Defend_G","Strike_G+1","Strike_G+1","Strike_G","Survivor","Neutralize+1","A Thousand Cuts+1","Cloak And Dagger","PiercingWail","A Thousand Cuts","Prepared","Slice","Backstab","Noxious Fumes+1","Wraith Form","Infinite Blades+1","Footwork+1","PiercingWail","Infinite Blades+1","Footwork+1","PiercingWail","Infinite Blades+1","Choke+1","Wraith Form","Footwork","Footwork","Infinite Blades+1","Noxious Fumes+1","Noxious Fumes+1","Accuracy+1","Accuracy+1","Accuracy+1"],"max_hp_per_floor":[70,70,70,70,70,70,70,70,70,70,70,70,70,70,70,70,70,70,70,70,70,70,70,70,70,70,70,70,72,72,72,72,72,72,74,74,76,76,76,76,76,76,76,76,76,76,76,76,76,76],"relics":["Ring of the Snake","Mummified Hand","Golden Idol","Blood Vial","Bag of Preparation","Regal Pillow","Singing Bowl","Tiny Chest","Question Card","Ice Cream","Bird Faced Urn","Molten Egg 2","Juzu Bracelet","Tingsha","Orichalcum","Eternal Feather","Dead Branch","Centennial Puzzle","Whetstone","Snake Skull","Frozen Egg 2","Paper Crane","Kunai"],"card_choices":[{"not_picked":["Poisoned Stab","Outmaneuver"],"picked":"Cloak And Dagger","floor":1},{"not_picked":["Dagger Throw","Catalyst"],"picked":"PiercingWail","floor":5},{"not_picked":["PiercingWail","Backflip"],"picked":"A Thousand Cuts","floor":6},{"not_picked":["Distraction","Deadly Poison"],"picked":"Prepared","floor":8},{"not_picked":["Reflex","Dagger Spray"],"picked":"Slice","floor":11},{"not_picked":["Heel Hook","Dagger Throw"],"picked":"Backstab","floor":12},{"not_picked":["Backflip","Deflect"],"picked":"Noxious Fumes","floor":14},{"not_picked":["Glass Knife","Burst"],"picked":"Wraith Form","floor":16},{"not_picked":["Deflect","Deadly Poison","Underhanded Strike"],"picked":"Infinite Blades","floor":18},{"not_picked":["Poisoned Stab","Reflex","Skewer"],"picked":"PiercingWail","floor":22},{"not_picked":["Prepared","Slice","Unload"],"picked":"Infinite Blades","floor":24},{"not_picked":["Dagger Spray","All Out Attack","Terror"],"picked":"Footwork","floor":27},{"not_picked":["Underhanded Strike","Leg Sweep","Backstab"],"picked":"PiercingWail","floor":28},{"not_picked":["Reflex","Corpse Explosion","Cloak And Dagger"],"picked":"Infinite Blades","floor":30},{"not_picked":["Flying Knee","Backstab","Dagger Throw"],"picked":"Choke","floor":31},{"not_picked":["Tactician","Corpse Explosion","Die Die Die"],"picked":"Wraith Form","floor":33},{"not_picked":["Slice","Prepared","Backflip"],"picked":"Infinite Blades","floor":39},{"not_picked":["Skewer","Unload","Bane"],"picked":"Noxious Fumes","floor":40},{"not_picked":["Riddle With Holes","Heel Hook","Dagger Spray"],"picked":"Accuracy","floor":46},{"not_picked":["Dash","Leg Sweep","Predator"],"picked":"Accuracy","floor":47},{"not_picked":["PiercingWail","Flechettes","Footwork"],"picked":"Accuracy","floor":48}],"player_experience":74906,"potions_floor_usage":[8,30,30,33,46,50,50,50],"damage_taken":[{"damage":5,"enemies":"Small Slimes","floor":1,"turns":4},{"damage":2,"enemies":"Jaw Worm","floor":5,"turns":4},{"damage":14,"enemies":"3 Sentries","floor":6,"turns":9},{"damage":22,"enemies":"Gremlin Nob","floor":8,"turns":5},{"damage":0,"enemies":"Cultist","floor":11,"turns":4},{"damage":5,"enemies":"Exordium Thugs","floor":12,"turns":5},{"damage":25,"enemies":"Lagavulin","floor":14,"turns":8},{"damage":15,"enemies":"The Guardian","floor":16,"turns":12},{"damage":18,"enemies":"Spheric Guardian","floor":18,"turns":4},{"damage":2,"enemies":"3 Byrds","floor":22,"turns":4},{"damage":21,"enemies":"Slavers","floor":24,"turns":5},{"damage":34,"enemies":"Gremlin Leader","floor":27,"turns":7},{"damage":11,"enemies":"Snake Plant","floor":28,"turns":6},{"damage":21,"enemies":"Slaver and Parasite","floor":29,"turns":4},{"damage":7,"enemies":"Slavers","floor":30,"turns":7},{"damage":4,"enemies":"Cultist and Chosen","floor":31,"turns":6},{"damage":22,"enemies":"Collector","floor":33,"turns":9},{"damage":4,"enemies":"3 Shapes","floor":35,"turns":5},{"damage":41,"enemies":"Mysterious Sphere","floor":37,"turns":6},{"damage":0,"enemies":"3 Darklings","floor":39,"turns":5},{"damage":3,"enemies":"Nemesis","floor":40,"turns":5},{"damage":5,"enemies":"Giant Head","floor":46,"turns":6},{"damage":0,"enemies":"Maw","floor":47,"turns":5},{"damage":0,"enemies":"Nemesis","floor":48,"turns":5},{"damage":21,"enemies":"Time Eater","floor":50,"turns":7}],"event_choices":[{"event_name":"Scrap Ooze","player_choice":"success","floor":2,"damage_taken":7},{"event_name":"Golden Idol","player_choice":"Take Damage","floor":3,"damage_taken":0},{"event_name":"Shining Light","player_choice":"Entered Light","floor":13,"damage_taken":0},{"event_name":"Beggar","player_choice":"Ignored","floor":21,"damage_taken":0},{"event_name":"Mysterious Sphere","player_choice":"Fight","floor":37,"damage_taken":0},{"event_name":"The Woman in Blue","player_choice":"Bought 0 Potions","floor":42,"damage_taken":0}],"boss_relics":[{"not_picked":["Snecko Eye","Calling Bell"],"picked":"Question Card"},{"not_picked":["Tiny House","Runic Dome"],"picked":"Eternal Feather"}],"potions_floor_spawned":[5,12,14,18,24,27,29,35,40,46,47],"seed_played":"-5342649952598733862","ascension_level":1,"is_trial":false}