{"gold_per_floor":[116,130,2,12,26,26,59,59,106,118,157,94,120,120],"floor_reached":14,"playtime":1134,"items_purged":["Normality"],"score":191,"play_id":"0878ba20-00e2-4350-b048-c1ee4b3d7dfc","local_time":"20190118142618","is_ascension_mode":true,"campfire_choices":[{"floor":6,"key":"REST"},{"floor":8,"key":"REST"},{"floor":10,"key":"REST"}],"neow_cost":"CURSE","seed_source_timestamp":165746267000264,"circlet_count":0,"master_deck":["AscendersBane","Strike_B","Strike_B+1","Strike_B","Strike_B","Defend_B","Defend_B","Defend_B","Defend_B","Zap","Dualcast","Echo Form","Streamline","Coolheaded","Sweeping Beam+1","Core Surge","Static Discharge","Heatsinks","Coolheaded"],"relics":["Cracked Core","Pear","MawBank","Whetstone","Odd Mushroom"],"potions_floor_usage":[11,14],"damage_taken":[{"damage":1,"enemies":"Cultist","floor":1,"turns":3},{"damage":0,"enemies":"2 Louse","floor":2,"turns":3},{"damage":9,"enemies":"Jaw Worm","floor":4,"turns":4},{"damage":45,"enemies":"Gremlin Gang","floor":5,"turns":4},{"damage":27,"enemies":"Lagavulin","floor":7,"turns":6},{"damage":32,"enemies":"Gremlin Nob","floor":11,"turns":4},{"damage":19,"enemies":"The Mushroom Lair","floor":13,"turns":4},{"damage":14,"enemies":"Red Slaver","floor":14,"turns":1}],"seed_played":"3742004480221857374","potions_obtained":[{"floor":1,"key":"Energy Potion"}],"is_trial":false,"path_per_floor":["M","M","$","M","M","R","E","R","T","R","E","$","?","M"],"character_chosen":"DEFECT","items_purchased":["PowerPotion","Heatsinks"],"campfire_rested":3,"item_purchase_floors":[3,12],"current_hp_per_floor":[63,63,63,54,9,30,13,37,37,61,29,29,10,0],"gold":120,"neow_bonus":"THREE_RARE_CARDS","is_prod":false,"is_daily":false,"chose_seed":false,"campfire_upgraded":0,"win_rate":0,"timestamp":1547850378,"path_taken":["M","M","$","?","?","R","E","R","T","R","E","$","?","M"],"build_version":"2019-01-17v2","purchased_purges":1,"victory":false,"max_hp_per_floor":[71,71,71,71,71,71,81,81,81,81,81,81,81,81],"card_choices":[{"not_picked":["Core Surge","Machine Learning"],"picked":"Echo Form","floor":0},{"not_picked":["Steam Power","Beam Cell","Redo"],"picked":"SKIP","floor":1},{"not_picked":["Auto Shields","Barrage"],"picked":"Streamline","floor":2},{"not_picked":["Compile Driver","Streamline"],"picked":"Coolheaded","floor":4},{"not_picked":["Steam Power","Barrage"],"picked":"Sweeping Beam","floor":5},{"not_picked":["Coolheaded","FTL"],"picked":"Core Surge","floor":7},{"not_picked":["Rebound","Tempest"],"picked":"Static Discharge","floor":11},{"not_picked":["Leap","Double Energy"],"picked":"Coolheaded","floor":13}],"player_experience":1708300,"relics_obtained":[{"floor":7,"key":"Pear"},{"floor":9,"key":"MawBank"},{"floor":11,"key":"Whetstone"},{"floor":13,"key":"Odd Mushroom"}],"event_choices":[{"damage_healed":0,"gold_gain":0,"player_choice":"Fought Mushrooms","damage_taken":0,"max_hp_gain":0,"max_hp_loss":0,"event_name":"Mushrooms","floor":13,"gold_loss":0}],"is_beta":false,"boss_relics":[],"items_purged_floors":[3],"is_endless":false,"potions_floor_spawned":[1,4,5],"killed_by":"Red Slaver","ascension_level":19}