{"gold_per_floor":[117,135,135,150,150,150,176,176,176,188,217,217,246,117,117,117],"floor_reached":16,"playtime":903,"items_purged":[],"score":224,"play_id":"90eb06db-1f70-400d-b8a5-948ddaaa11ae","local_time":"20190104074856","is_ascension_mode":true,"campfire_choices":[{"data":"Immolate","floor":6,"key":"SMITH"},{"data":"Disarm","floor":8,"key":"SMITH"},{"floor":12,"key":"REST"},{"data":"Flame Barrier","floor":15,"key":"SMITH"}],"neow_cost":"NONE","seed_source_timestamp":1208479252881413,"circlet_count":0,"master_deck":["AscendersBane","Strike_R","Strike_R","Strike_R","Strike_R","Strike_R","Defend_R","Defend_R","Defend_R","Defend_R","Bash","Immolate+1","Thunderclap","Disarm+1","Limit Break","Clothesline","Flame Barrier+1","Burning Pact"],"relics":["Burning Blood","Dodecahedron","Bag of Marbles","The Courier","Shuriken"],"potions_floor_usage":[7,16],"damage_taken":[{"damage":7,"enemies":"Small Slimes","floor":1,"turns":3},{"damage":0,"enemies":"2 Louse","floor":2,"turns":1},{"damage":0,"enemies":"Cultist","floor":4,"turns":2},{"damage":32,"enemies":"Gremlin Nob","floor":7,"turns":4},{"damage":7,"enemies":"Gremlin Gang","floor":10,"turns":3},{"damage":39,"enemies":"3 Sentries","floor":11,"turns":8},{"damage":8,"enemies":"Gremlin Nob","floor":13,"turns":3},{"damage":32,"enemies":"Hexaghost","floor":16,"turns":14}],"seed_played":"-6096346390875305615","potions_obtained":[{"floor":1,"key":"Swift Potion"},{"floor":11,"key":"Weak Potion"}],"is_trial":false,"path_per_floor":["M","M","?","M","$","R","E","R","T","M","E","R","E","$","R","B"],"character_chosen":"IRONCLAD","items_purchased":["Flame Barrier","Burning Pact"],"campfire_rested":1,"item_purchase_floors":[14,14],"current_hp_per_floor":[67,73,73,75,75,75,49,49,49,48,15,37,35,35,35,3],"gold":117,"neow_bonus":"ONE_RANDOM_RARE_CARD","is_prod":false,"is_daily":false,"chose_seed":false,"campfire_upgraded":3,"win_rate":0,"timestamp":1546616936,"path_taken":["M","M","?","M","$","R","E","R","T","M","E","R","E","$","R","BOSS"],"build_version":"2019-01-03v3","purchased_purges":0,"victory":false,"max_hp_per_floor":[75,75,75,75,75,75,75,75,75,75,75,75,75,75,75,75],"card_choices":[{"not_picked":["Bloodletting","Intimidate","Wild Strike"],"picked":"SKIP","floor":1},{"not_picked":["Perfected Strike","Armaments"],"picked":"Thunderclap","floor":2},{"not_picked":["Iron Wave","Whirlwind"],"picked":"Disarm","floor":4},{"not_picked":["Clash","Heavy Blade"],"picked":"Limit Break","floor":7},{"not_picked":["Thunderclap","Cleave","Perfected Strike"],"picked":"SKIP","floor":10},{"not_picked":["Double Tap","Warcry","Whirlwind"],"picked":"SKIP","floor":11},{"not_picked":["Sword Boomerang","Heavy Blade"],"picked":"Clothesline","floor":13}],"player_experience":1648282,"relics_obtained":[{"floor":7,"key":"Dodecahedron"},{"floor":9,"key":"Bag of Marbles"},{"floor":11,"key":"The Courier"},{"floor":13,"key":"Shuriken"}],"event_choices":[{"damage_healed":0,"gold_gain":0,"player_choice":"Leave","damage_taken":0,"max_hp_gain":0,"max_hp_loss":0,"event_name":"The Cleric","floor":3,"gold_loss":0}],"is_beta":false,"boss_relics":[],"items_purged_floors":[],"is_endless":false,"potions_floor_spawned":[1,11],"killed_by":"Hexaghost","ascension_level":18}