{"gold_per_floor":[217,217,228,228,239,239,256,273,273,286,286,301,198,228,228,302,302,317,211,222,222,222,222,235,235,285,300,300,319,319,338,338,338],"floor_reached":33,"playtime":2201,"items_purged":["Strike_R","Pain"],"score":477,"play_id":"51a4d387-93b0-4780-9442-d8042db21c2e","local_time":"20190115112639","is_ascension_mode":true,"campfire_choices":[{"data":"True Grit","floor":6.0,"key":"SMITH"},{"floor":11.0,"key":"REST"},{"floor":15.0,"key":"REST"},{"floor":23.0,"key":"REST"},{"floor":25.0,"key":"REST"},{"data":"Sword Boomerang","floor":28.0,"key":"SMITH"},{"data":"Pommel Strike","floor":30.0,"key":"SMITH"},{"floor":32.0,"key":"REST"}],"neow_cost":"NONE","seed_source_timestamp":0,"circlet_count":0,"master_deck":["AscendersBane","Strike_R","Strike_R","Strike_R","Strike_R","Defend_R","Defend_R","Defend_R","Defend_R","Bash","Spot Weakness","Shrug It Off","True Grit+1","Battle Trance","Pommel Strike+1","Fiend Fire","Cleave","Reaper","Clothesline+1","Twin Strike","Sentinel","Sentinel","Sword Boomerang+1"],"special_seed":0,"relics":["Burning Blood","WarpedTongs","Self Forming Clay","Smiling Mask","Runic Cube","Strawberry"],"potions_floor_usage":[33],"damage_taken":[{"damage":10.0,"enemies":"2 Louse","floor":1.0,"turns":3.0},{"damage":11.0,"enemies":"Jaw Worm","floor":3.0,"turns":5.0},{"damage":14.0,"enemies":"Cultist","floor":5.0,"turns":5.0},{"damage":18.0,"enemies":"Gremlin Gang","floor":7.0,"turns":7.0},{"damage":11.0,"enemies":"Blue Slaver","floor":8.0,"turns":5.0},{"damage":20.0,"enemies":"Exordium Thugs","floor":10.0,"turns":6.0},{"damage":15.0,"enemies":"Gremlin Gang","floor":12.0,"turns":6.0},{"damage":3.0,"enemies":"Lagavulin","floor":14.0,"turns":4.0},{"damage":30.0,"enemies":"Slime Boss","floor":16.0,"turns":11.0},{"damage":21.0,"enemies":"Spheric Guardian","floor":18.0,"turns":4.0},{"damage":15.0,"enemies":"Chosen","floor":20.0,"turns":5.0},{"damage":31.0,"enemies":"Shelled Parasite and Fungi","floor":24.0,"turns":5.0},{"damage":16.0,"enemies":"Centurion and Healer","floor":27.0,"turns":8.0},{"damage":33.0,"enemies":"3 Cultists","floor":29.0,"turns":5.0},{"damage":24.0,"enemies":"Snecko","floor":31.0,"turns":5.0},{"damage":55,"enemies":"Collector","floor":33,"turns":5}],"seed_played":"-8532634760678287203","potions_obtained":[{"floor":3.0,"key":"Swift Potion"},{"floor":8.0,"key":"SpeedPotion"},{"floor":14.0,"key":"FearPotion"},{"floor":20.0,"key":"Fruit Juice"},{"floor":24.0,"key":"Poison Potion"}],"is_trial":false,"path_per_floor":["M","?","M","?","M","R","M","M","T","M","R","M","$","E","R","B",null,"M","$","M","?","?","R","M","R","T","M","R","M","R","M","R","B"],"character_chosen":"IRONCLAD","items_purchased":["Cleave","Twin Strike"],"campfire_rested":5,"item_purchase_floors":[13,19],"current_hp_per_floor":[64,64,59,59,51,51,39,34,34,20,42,33,33,36,58,34,65,50,50,46,23,23,48,30,55,62,62,62,49,49,36,63,20],"gold":338,"neow_bonus":"HUNDRED_GOLD","is_prod":false,"is_daily":false,"chose_seed":false,"campfire_upgraded":3,"win_rate":0,"timestamp":1547580399,"path_taken":["M","?","M","?","?","R","M","?","T","M","R","M","$","E","R","BOSS","M","$","M","?","?","R","?","R","T","M","R","M","R","M","R","BOSS"],"build_version":"2019-01-10","purchased_purges":2,"victory":false,"max_hp_per_floor":[75,75,75,75,75,75,75,75,75,75,75,75,75,75,75,75,75,75,75,80,85,85,85,85,85,92,92,92,92,92,92,92,92],"card_choices":[{"not_picked":["Thunderclap","Pommel Strike"],"picked":"Spot Weakness","floor":1.0},{"not_picked":["Headbutt","Pommel Strike"],"picked":"Shrug It Off","floor":3.0},{"not_picked":["Iron Wave","Clash"],"picked":"True Grit","floor":5.0},{"not_picked":["Hemokinesis","Flex"],"picked":"Battle Trance","floor":7.0},{"not_picked":["Bloodletting","Anger","Wild Strike"],"picked":"SKIP","floor":8.0},{"not_picked":["Warcry","Clash"],"picked":"Pommel Strike","floor":10.0},{"not_picked":["Perfected Strike","Power Through"],"picked":"Fiend Fire","floor":12.0},{"not_picked":["Wild Strike","Corruption","Entrench"],"picked":"SKIP","floor":14.0},{"not_picked":["Impervious","Fiend Fire"],"picked":"Reaper","floor":16.0},{"not_picked":["True Grit","Pommel Strike+1"],"picked":"Clothesline+1","floor":18.0},{"not_picked":["Body Slam","Shrug It Off"],"picked":"Sentinel","floor":20.0},{"not_picked":["Heavy Blade","Headbutt"],"picked":"Sentinel","floor":24.0},{"not_picked":["Perfected Strike+1","Warcry"],"picked":"Sword Boomerang","floor":27.0},{"not_picked":["Clash","Body Slam","Heavy Blade"],"picked":"SKIP","floor":29.0},{"not_picked":["Perfected Strike","Sever Soul","Clash"],"picked":"SKIP","floor":31.0}],"player_experience":1681149,"relics_obtained":[{"floor":9.0,"key":"Self Forming Clay"},{"floor":14.0,"key":"Smiling Mask"},{"floor":26.0,"key":"Strawberry"}],"event_choices":[{"damage_healed":0.0,"max_hp_gain":0.0,"max_hp_loss":0.0,"gold_gain":0.0,"event_name":"The Cleric","player_choice":"Leave","floor":2.0,"gold_loss":0.0,"damage_taken":0.0},{"damage_healed":0.0,"max_hp_gain":0.0,"max_hp_loss":0.0,"gold_gain":0.0,"event_name":"Accursed Blacksmith","player_choice":"Rummage","floor":4.0,"gold_loss":0.0,"damage_taken":0.0,"relics_obtained":["WarpedTongs"],"cards_obtained":["Pain"]},{"damage_healed":0.0,"max_hp_gain":5.0,"max_hp_loss":0.0,"gold_gain":0.0,"event_name":"Forgotten Altar","player_choice":"Shed Blood","floor":21.0,"gold_loss":0.0,"damage_taken":28.0},{"damage_healed":0.0,"max_hp_gain":0.0,"max_hp_loss":0.0,"gold_gain":0.0,"event_name":"Ghosts","player_choice":"Ignored","floor":22.0,"gold_loss":0.0,"damage_taken":0.0}],"is_beta":false,"boss_relics":[{"not_picked":["Black Star","Snecko Eye"],"picked":"Runic Cube"}],"items_purged_floors":[13,19],"is_endless":false,"potions_floor_spawned":[3,8,12,14,20,24,27],"killed_by":"Collector","ascension_level":18}