{"gold_per_floor":[137,167,23,23,54,104,134,169,224,224,244],"floor_reached":11,"playtime":433,"items_purged":["Strike_B"],"score":77,"play_id":"e3ee911d-2fb3-4358-943c-0f2e2ca9ce1d","local_time":"20190128140731","is_ascension_mode":true,"campfire_choices":[{"data":"Zap","floor":10,"key":"SMITH"}],"neow_cost":"PERCENT_DAMAGE","seed_source_timestamp":172168328780265,"circlet_count":0,"master_deck":["Strike_B","Strike_B","Defend_B","Defend_B","Defend_B","Defend_B","Zap+1","Dualcast","HandOfGreed","Dark Shackles","Glacier","FTL","Seek"],"relics":["Cracked Core","Ornamental Fan","Boot"],"potions_floor_usage":[],"damage_taken":[{"damage":0,"enemies":"Cultist","floor":1,"turns":3},{"damage":2,"enemies":"Jaw Worm","floor":2,"turns":2},{"damage":0,"enemies":"2 Louse","floor":5,"turns":2},{"damage":28,"enemies":"3 Sentries","floor":6,"turns":13},{"damage":0,"enemies":"Exordium Thugs","floor":8,"turns":5},{"damage":17,"enemies":"Gremlin Gang","floor":11,"turns":1}],"seed_played":"7790216497484659084","potions_obtained":[{"floor":1,"key":"GamblersBrew"}],"is_trial":false,"path_per_floor":["M","M","$","?","M","E","?","M","T","R","M"],"character_chosen":"DEFECT","items_purchased":["FTL"],"campfire_rested":0,"item_purchase_floors":[3],"current_hp_per_floor":[54,52,52,45,45,17,17,17,17,17,0],"gold":244,"neow_bonus":"RANDOM_COLORLESS_2","is_prod":false,"is_daily":false,"chose_seed":false,"campfire_upgraded":1,"win_rate":0,"timestamp":1548644851,"path_taken":["M","M","$","?","M","E","?","M","T","R","M"],"build_version":"2019-01-23","purchased_purges":1,"victory":false,"max_hp_per_floor":[75,75,75,75,75,75,75,75,75,75,75],"card_choices":[{"not_picked":["Scrape","Compile Driver"],"picked":"Glacier","floor":1},{"not_picked":["Hologram","Cold Snap","Sunder"],"picked":"SKIP","floor":2},{"not_picked":["Cold Snap","Compile Driver","Rip and Tear"],"picked":"SKIP","floor":5},{"not_picked":["Hello World","Turbo","Barrage"],"picked":"SKIP","floor":6},{"not_picked":["Hologram","Conserve Battery"],"picked":"Seek","floor":8}],"player_experience":1150449,"relics_obtained":[{"floor":6,"key":"Ornamental Fan"},{"floor":9,"key":"Boot"}],"event_choices":[{"cards_removed":["Strike_B"],"damage_healed":0,"gold_gain":0,"player_choice":"Card Removal","damage_taken":7,"max_hp_gain":0,"max_hp_loss":0,"event_name":"Golden Wing","floor":4,"gold_loss":0},{"damage_healed":0,"gold_gain":30,"player_choice":"Searched \u00271\u0027 times","damage_taken":0,"max_hp_gain":0,"max_hp_loss":0,"event_name":"Dead Adventurer","floor":7,"gold_loss":0}],"is_beta":true,"boss_relics":[],"items_purged_floors":[3],"is_endless":false,"potions_floor_spawned":[1],"killed_by":"Gremlin Gang","ascension_level":1}