{"gold_per_floor":[113,133,34,44,63,63,89,89,116,129,161,173,184,199,199,304,304,320,243,263,67,77,105,105,117,117,117,117,132,147,162,162,259,309,323,339,350,362,362,362,375,475,550,564,582,582,596,596,596,596],"floor_reached":50,"playtime":2040,"items_purged":[],"score":536,"play_id":"90182baa-07d4-45d7-bb5b-553a77fb9f31","local_time":"20180815105241","is_ascension_mode":false,"campfire_choices":[{"data":"Rage","floor":6,"key":"SMITH"},{"data":"Twin Strike","floor":8,"key":"SMITH"},{"data":"Infernal Blade","floor":15,"key":"SMITH"},{"data":"Double Tap","floor":24,"key":"SMITH"},{"data":"Infernal Blade","floor":28,"key":"SMITH"},{"data":"Battle Trance","floor":32,"key":"SMITH"},{"floor":40,"key":"REST"},{"floor":46,"key":"REST"},{"floor":49,"key":"REST"}],"neow_cost":"","seed_source_timestamp":11087260922769,"circlet_count":0,"master_deck":["Strike_R","Strike_R+1","Strike_R","Strike_R","Defend_R","Defend_R","Defend_R","Bash","Twin Strike+1","Headbutt","Clash","Rage+1","Battle Trance+1","Metallicize","Perfected Strike","Iron Wave","Iron Wave","Flex","Infernal Blade+1","Perfected Strike","Double Tap+1","Perfected Strike","J.A.X.","Clash","Flex","Infernal Blade+1","Thunderclap","Double Tap","Headbutt+1","Shrug It Off+1","Perfected Strike+1","Bandage Up","Mind Blast","Discovery","Dropkick","Perfected Strike","Perfected Strike+1"],"relics":["Burning Blood","Vajra","Centennial Puzzle","Bronze Scales","Empty Cage","Pen Nib","Champion Belt","Bottled Tornado","Tiny House","Matryoshka"],"potions_floor_usage":[7,16,16,23,23,33,33,35,36,41,44,50],"damage_taken":[{"damage":10,"enemies":"Cultist","floor":1,"turns":4},{"damage":6,"enemies":"Jaw Worm","floor":2,"turns":3},{"damage":0,"enemies":"2 Louse","floor":4,"turns":2},{"damage":12,"enemies":"Blue Slaver","floor":5,"turns":2},{"damage":7,"enemies":"3 Sentries","floor":7,"turns":9},{"damage":0,"enemies":"Large Slime","floor":10,"turns":4},{"damage":7,"enemies":"Gremlin Nob","floor":11,"turns":3},{"damage":13,"enemies":"Red Slaver","floor":12,"turns":2},{"damage":13,"enemies":"Exordium Wildlife","floor":13,"turns":3},{"damage":0,"enemies":"3 Louse","floor":14,"turns":2},{"damage":33,"enemies":"The Guardian","floor":16,"turns":8},{"damage":0,"enemies":"Spheric Guardian","floor":18,"turns":1},{"damage":5,"enemies":"2 Thieves","floor":20,"turns":2},{"damage":16,"enemies":"Centurion and Healer","floor":22,"turns":4},{"damage":11,"enemies":"Book of Stabbing","floor":23,"turns":4},{"damage":3,"enemies":"Chosen and Byrds","floor":25,"turns":3},{"damage":11,"enemies":"Snake Plant","floor":29,"turns":2},{"damage":12,"enemies":"Shelled Parasite and Fungi","floor":30,"turns":2},{"damage":4,"enemies":"3 Cultists","floor":31,"turns":4},{"damage":73,"enemies":"Champ","floor":33,"turns":7},{"damage":7,"enemies":"Orb Walker","floor":35,"turns":3},{"damage":20,"enemies":"3 Darklings","floor":36,"turns":7},{"damage":43,"enemies":"Flame Bruiser 2 Orb","floor":37,"turns":10},{"damage":2,"enemies":"Spire Growth","floor":38,"turns":3},{"damage":36,"enemies":"Jaw Worm Horde","floor":41,"turns":2},{"damage":23,"enemies":"Sphere and 2 Shapes","floor":44,"turns":3},{"damage":12,"enemies":"Transient","floor":45,"turns":5},{"damage":41,"enemies":"Spire Growth","floor":47,"turns":4},{"damage":41,"enemies":"Awakened One","floor":50,"turns":3}],"seed_played":"-5149362535371063981","potions_obtained":[{"floor":4,"key":"FearPotion"},{"floor":5,"key":"SkillPotion"},{"floor":12,"key":"Swift Potion"},{"floor":14,"key":"SteroidPotion"},{"floor":20,"key":"LiquidBronze"},{"floor":31,"key":"BloodPotion"},{"floor":33,"key":"SpeedPotion"},{"floor":34,"key":"Fruit Juice"},{"floor":37,"key":"Fire Potion"},{"floor":41,"key":"SkillPotion"},{"floor":47,"key":"Fire Potion"}],"is_trial":false,"path_per_floor":["M","M","$","M","M","R","E","R","T","M","E","M","M","M","R","B",null,"M","?","M","$","M","E","R","M","T","?","R","M","M","M","R","B",null,"M","M","M","M","?","R","M","?","T","M","M","R","M","?","R"],"character_chosen":"IRONCLAD","items_purchased":["Clash","Rage","Strength Potion","Pen Nib"],"campfire_rested":3,"item_purchase_floors":[3,3,21,21],"current_hp_per_floor":[76,76,76,80,74,74,73,73,73,79,78,71,64,70,70,48,80,80,80,80,80,70,65,65,68,68,68,68,63,57,80,80,21,85,89,75,38,42,32,59,29,29,29,23,21,48,13,13,40,0],"gold":596,"neow_bonus":"","is_prod":false,"is_daily":false,"chose_seed":false,"campfire_upgraded":6,"win_rate":0.0,"timestamp":1534323161,"path_taken":["M","M","$","M","M","R","E","R","T","M","E","M","M","M","R","BOSS","M","?","M","$","M","E","R","M","T","?","R","?","M","M","R","BOSS","M","M","M","M","?","R","M","?","T","M","?","R","M","?","R","BOSS"],"build_version":"2018-08-14","purchased_purges":0,"victory":false,"max_hp_per_floor":[80,80,80,80,80,80,80,80,80,80,80,80,80,80,80,80,80,80,80,80,80,80,80,80,80,80,80,80,80,80,80,80,80,85,90,90,90,90,90,90,90,90,90,90,90,90,90,90,90,90],"card_choices":[{"not_picked":["Cleave","Corruption"],"picked":"Twin Strike","floor":1},{"not_picked":["Sword Boomerang","Uppercut"],"picked":"Headbutt","floor":2},{"not_picked":["Reckless Charge","Rupture"],"picked":"Battle Trance","floor":4},{"not_picked":["Cleave","True Grit"],"picked":"Metallicize","floor":5},{"not_picked":["Rupture","Feel No Pain"],"picked":"Perfected Strike","floor":7},{"not_picked":["Sword Boomerang","Uppercut"],"picked":"Iron Wave","floor":10},{"not_picked":["Fire Breathing","Anger"],"picked":"Iron Wave","floor":11},{"not_picked":["Demon Form","Iron Wave"],"picked":"Flex","floor":12},{"not_picked":["Feel No Pain","Sever Soul"],"picked":"Infernal Blade","floor":13},{"not_picked":["Burning Pact","Sword Boomerang"],"picked":"Perfected Strike","floor":14},{"not_picked":["Bludgeon","Barricade"],"picked":"Double Tap","floor":16},{"not_picked":["Anger","Reckless Charge+1"],"picked":"Perfected Strike","floor":18},{"not_picked":["Carnage","Cleave"],"picked":"Clash","floor":20},{"not_picked":["Whirlwind","Combust+1"],"picked":"Flex","floor":22},{"not_picked":["Clothesline","Impervious","Entrench"],"picked":"SKIP","floor":23},{"not_picked":["Iron Wave","Clothesline"],"picked":"Infernal Blade","floor":25},{"not_picked":["Power Through","Clothesline","Anger"],"picked":"SKIP","floor":29},{"not_picked":["Headbutt","Twin Strike"],"picked":"Thunderclap","floor":30},{"not_picked":["Cleave","Rampage","Anger"],"picked":"SKIP","floor":31},{"not_picked":["Brutality","Barricade"],"picked":"Double Tap","floor":33},{"not_picked":["Anger","Uppercut"],"picked":"Headbutt+1","floor":34},{"not_picked":["Thunderclap","Iron Wave"],"picked":"Shrug It Off+1","floor":35},{"not_picked":["Searing Blow","Flex","Cleave"],"picked":"SKIP","floor":36},{"not_picked":["Pommel Strike","Rage"],"picked":"Perfected Strike+1","floor":37},{"not_picked":["Flex","Cleave","Power Through+1"],"picked":"SKIP","floor":38},{"not_picked":["HandOfGreed","Good Instincts"],"picked":"Bandage Up","floor":39},{"not_picked":["Good Instincts","Swift Strike"],"picked":"Mind Blast","floor":39},{"not_picked":["Madness","Secret Weapon"],"picked":"Discovery","floor":39},{"not_picked":["Headbutt+1","Anger+1"],"picked":"Dropkick","floor":41},{"not_picked":["Shockwave+1","Rupture","Iron Wave"],"picked":"SKIP","floor":44},{"not_picked":["Fire Breathing+1","Pummel"],"picked":"Perfected Strike","floor":45},{"not_picked":["Pommel Strike","Anger+1"],"picked":"Perfected Strike+1","floor":47}],"player_experience":0,"relics_obtained":[{"floor":7,"key":"Vajra"},{"floor":9,"key":"Centennial Puzzle"},{"floor":11,"key":"Bronze Scales"},{"floor":23,"key":"Champion Belt"},{"floor":26,"key":"Bottled Tornado"},{"floor":43,"key":"Matryoshka"}],"event_choices":[{"event_name":"Drug Dealer","player_choice":"Got JAXXED","floor":19,"damage_taken":0},{"event_name":"Ghosts","player_choice":"Ignored","floor":27,"damage_taken":0},{"event_name":"SensoryStone","player_choice":"Memory 3","floor":39,"damage_taken":0},{"event_name":"Golden Shrine","player_choice":"Pray","floor":42,"damage_taken":0},{"event_name":"Mysterious Sphere","player_choice":"Ignore","floor":48,"damage_taken":0}],"is_beta":true,"boss_relics":[{"not_picked":["Runic Pyramid","Runic Cube"],"picked":"Empty Cage"},{"not_picked":["Coffee Dripper","Snecko Eye"],"picked":"Tiny House"}],"items_purged_floors":[],"is_endless":false,"potions_floor_spawned":[4,5,12,14,20,31,33,37,41,47],"killed_by":"Awakened One","ascension_level":0}