{"gold_per_floor":[149,162,162,337,353,383,383,413,413,448,448],"floor_reached":11,"playtime":289,"items_purged":[],"score":85,"play_id":"166e3cb9-f7ac-4b19-b8e2-5accd80d527b","local_time":"20180708005641","is_ascension_mode":true,"campfire_choices":[{"data":"Reboot","floor":7,"key":"SMITH"}],"neow_cost":"NONE","seed_source_timestamp":12744934643414,"circlet_count":0,"master_deck":["Strike_B","Strike_B","Strike_B","Strike_B","Defend_B","Defend_B","Defend_B","Defend_B","Zap","Dualcast","FTL","Sunder","Doubt","Reboot+1","Rebound","Genetic Algorithm"],"relics":["Cracked Core","Tiny Chest","Gremlin Horn","Odd Mushroom","Turnip","The Courier"],"potions_floor_usage":[10,11],"damage_taken":[{"damage":13,"enemies":"2 Louse","floor":1,"turns":3},{"damage":0,"enemies":"Small Slimes","floor":2,"turns":2},{"damage":1,"enemies":"Cultist","floor":5,"turns":3},{"damage":35,"enemies":"Gremlin Nob","floor":6,"turns":4},{"damage":0,"floor":8,"turns":2},{"damage":29,"enemies":"3 Sentries","floor":10,"turns":6},{"damage":12,"enemies":"2 Fungi Beasts","floor":11,"turns":1}],"seed_played":"1089082022440531682","potions_obtained":[{"floor":1,"key":"Regen Potion"},{"floor":10,"key":"Explosive Potion"}],"is_trial":false,"path_per_floor":["M","M","$","?","M","E","R","?","T","E"],"character_chosen":"DEFECT","items_purchased":[],"campfire_rested":0,"item_purchase_floors":[],"current_hp_per_floor":[62,62,62,62,61,26,26,26,26,12,0],"gold":448,"neow_bonus":"RANDOM_COMMON_RELIC","is_prod":false,"is_daily":false,"chose_seed":false,"campfire_upgraded":1,"win_rate":0.0,"timestamp":1530975401,"path_taken":["M","M","$","?","M","E","R","?","T","E","?"],"build_version":"2018-07-05","purchased_purges":0,"victory":false,"max_hp_per_floor":[75,75,75,75,75,75,75,75,75,75,75],"card_choices":[{"not_picked":["Coolheaded","Sweeping Beam"],"picked":"FTL","floor":1},{"not_picked":["Barrage","Leap"],"picked":"Sunder","floor":2},{"not_picked":["Beam Cell","Go for the Eyes"],"picked":"Reboot","floor":5},{"not_picked":["Ball Lightning","Sunder"],"picked":"Rebound","floor":6},{"not_picked":["Redo","Stack"],"picked":"Genetic Algorithm","floor":8},{"not_picked":["Aggregate","Compile Driver","Stack"],"picked":"SKIP","floor":10}],"player_experience":364137,"relics_obtained":[{"floor":6,"key":"Gremlin Horn"},{"floor":8,"key":"Odd Mushroom"},{"floor":9,"key":"Turnip"},{"floor":10,"key":"The Courier"}],"event_choices":[{"event_name":"Liars Game","player_choice":"agreed","floor":4,"damage_taken":0},{"event_name":"Mushrooms","player_choice":"Fought Mushrooms","floor":8,"damage_taken":0}],"boss_relics":[],"items_purged_floors":[],"is_endless":false,"potions_floor_spawned":[1,10],"killed_by":"2 Fungi Beasts","ascension_level":1}