{"gold_per_floor":[110,121,137,137,149,149,166,192,192,221,271,271,57,71,71,142,142,158,172,122,138,152,152],"floor_reached":23,"playtime":1503,"items_purged":["Strike_R"],"score":361,"play_id":"64976021-ef0b-4cc7-8615-ba2d27ad8e64","local_time":"20181119080404","is_ascension_mode":true,"campfire_choices":[{"data":"Fiend Fire","floor":6.0,"key":"SMITH"},{"data":"Spot Weakness","floor":12.0,"key":"SMITH"},{"data":"Metallicize","floor":15.0,"key":"SMITH"}],"neow_cost":"NONE","seed_source_timestamp":0,"circlet_count":0,"master_deck":["AscendersBane","Strike_R","Defend_R","Defend_R","Defend_R","Defend_R","Bash","Spot Weakness+1","Cleave","Fiend Fire+1","Shrug It Off","Disarm","Metallicize+1","Shrug It Off","Body Slam","Power Through","Limit Break","Headbutt","Pommel Strike","Twin Strike","Shockwave"],"special_seed":0,"relics":["Burning Blood","Odd Mushroom","Mercury Hourglass","Self Forming Clay","Empty Cage"],"potions_floor_usage":[],"damage_taken":[{"damage":17.0,"enemies":"Small Slimes","floor":1.0,"turns":4.0},{"damage":8.0,"enemies":"2 Louse","floor":2.0,"turns":3.0},{"damage":6.0,"enemies":"Cultist","floor":3.0,"turns":3.0},{"damage":12.0,"enemies":"Gremlin Gang","floor":5.0,"turns":3.0},{"damage":1.0,"enemies":"Exordium Wildlife","floor":7.0,"turns":3.0},{"damage":6.0,"enemies":"The Mushroom Lair","floor":8.0,"turns":3.0},{"damage":18.0,"enemies":"Gremlin Nob","floor":10.0,"turns":3.0},{"damage":1.0,"enemies":"3 Louse","floor":14.0,"turns":2.0},{"damage":24.0,"enemies":"Slime Boss","floor":16.0,"turns":8.0},{"damage":8,"enemies":"3 Byrds","floor":18,"turns":6},{"damage":20,"enemies":"Shell Parasite","floor":19,"turns":6},{"damage":1,"enemies":"Centurion and Healer","floor":21,"turns":6},{"damage":24,"enemies":"Snake Plant","floor":22,"turns":2},{"damage":33,"enemies":"3 Cultists","floor":23,"turns":6}],"seed_played":"-3243841438101321135","potions_obtained":[{"floor":2.0,"key":"Explosive Potion"},{"floor":3.0,"key":"FearPotion"},{"floor":8.0,"key":"Dexterity Potion"},{"floor":16.0,"key":"Dexterity Potion"}],"is_trial":false,"path_per_floor":["M","M","M","?","M","R","M","?","T","E","?","R","$","M","R","B",null,"M","M","$","M","M","M"],"character_chosen":"IRONCLAD","items_purchased":["Fire Potion","Shrug It Off","Body Slam","Pommel Strike"],"campfire_rested":0,"item_purchase_floors":[13,13,13,20],"current_hp_per_floor":[57,55,55,55,49,49,54,54,54,42,35,35,35,40,40,22,62,60,46,46,51,33,0],"gold":152,"neow_bonus":"REMOVE_CARD","is_prod":false,"is_daily":false,"chose_seed":false,"campfire_upgraded":3,"win_rate":0,"timestamp":1542643444,"path_taken":["M","M","M","?","M","R","M","?","T","E","?","R","$","M","R","BOSS","M","?","$","M","M","?"],"build_version":"2018-11-15","purchased_purges":1,"victory":false,"max_hp_per_floor":[75,75,75,75,75,75,75,75,75,75,75,75,75,75,75,75,75,75,75,75,75,75,75],"card_choices":[{"not_picked":["Body Slam","Fire Breathing"],"picked":"Spot Weakness","floor":1.0},{"not_picked":["Body Slam","Twin Strike"],"picked":"Cleave","floor":2.0},{"not_picked":["Flex","Sentinel","Perfected Strike"],"picked":"SKIP","floor":3.0},{"not_picked":["Havoc","Disarm"],"picked":"Fiend Fire","floor":5.0},{"not_picked":["Body Slam","Headbutt"],"picked":"Shrug It Off","floor":7.0},{"not_picked":["Clothesline","Flex"],"picked":"Disarm","floor":8.0},{"not_picked":["Perfected Strike","Heavy Blade"],"picked":"Metallicize","floor":10.0},{"not_picked":["Twin Strike","Double Tap"],"picked":"Power Through","floor":14.0},{"not_picked":["Bludgeon","Berserk"],"picked":"Limit Break","floor":16.0},{"not_picked":["Whirlwind","Cleave+1"],"picked":"Headbutt","floor":18},{"not_picked":["Metallicize","Dropkick","Clash"],"picked":"SKIP","floor":19},{"not_picked":["True Grit","Clash+1"],"picked":"Twin Strike","floor":21},{"not_picked":["Headbutt","Fiend Fire"],"picked":"Shockwave","floor":22}],"player_experience":1324943,"relics_obtained":[{"floor":8.0,"key":"Odd Mushroom"},{"floor":9.0,"key":"Mercury Hourglass"},{"floor":10.0,"key":"Self Forming Clay"}],"event_choices":[{"damage_healed":0.0,"max_hp_gain":0.0,"max_hp_loss":0.0,"gold_gain":0.0,"event_name":"Shining Light","player_choice":"Ignored","floor":4.0,"gold_loss":0.0,"damage_taken":0.0},{"damage_healed":0.0,"max_hp_gain":0.0,"max_hp_loss":0.0,"gold_gain":0.0,"event_name":"Mushrooms","player_choice":"Fought Mushrooms","floor":8.0,"gold_loss":0.0,"damage_taken":0.0},{"damage_healed":0.0,"max_hp_gain":0.0,"max_hp_loss":0.0,"gold_gain":50.0,"event_name":"FaceTrader","player_choice":"Touch","floor":11.0,"gold_loss":0.0,"damage_taken":7.0}],"is_beta":false,"boss_relics":[{"not_picked":["Velvet Choker","Black Blood"],"picked":"Empty Cage"}],"items_purged_floors":[13],"is_endless":false,"potions_floor_spawned":[2,3,8,16,19],"killed_by":"3 Cultists","ascension_level":17}