{"gold_per_floor":[366,366,386,400,419,419,450,468,468,468,484,496,466,317,317,422,422,440,440,450,470,470],"floor_reached":22,"playtime":3021,"items_purged":["Wraith Form v2"],"score":190,"play_id":"d0900fb0-12d7-4a89-9276-7995ab02677c","local_time":"20180917121956","is_ascension_mode":false,"campfire_choices":[{"floor":6.0,"key":"REST"},{"floor":10.0,"key":"REST"},{"floor":15.0,"key":"REST"}],"neow_cost":"PERCENT_DAMAGE","seed_source_timestamp":0,"circlet_count":0,"master_deck":["Defend_G","Defend_G","Defend_G","Defend_G","Defend_G+1","Strike_G","Strike_G","Strike_G","Strike_G","Strike_G","Survivor+1","Neutralize","Crippling Poison","Quick Slash","Backflip","PiercingWail","Deadly Poison","Dodge and Roll","Acrobatics","Infinite Blades+1","Tools of the Trade+1","PiercingWail+1","Leg Sweep+1"],"special_seed":0,"relics":["Ring of the Snake","Blood Vial","Frozen Egg 2","Eternal Feather"],"potions_floor_usage":[],"damage_taken":[{"damage":0.0,"enemies":"Jaw Worm","floor":1.0,"turns":5.0},{"damage":0.0,"enemies":"Cultist","floor":3.0,"turns":5.0},{"damage":4.0,"enemies":"2 Louse","floor":4.0,"turns":3.0},{"damage":6.0,"enemies":"Exordium Wildlife","floor":5.0,"turns":6.0},{"damage":20.0,"enemies":"3 Sentries","floor":7.0,"turns":12.0},{"damage":14.0,"enemies":"Gremlin Gang","floor":8.0,"turns":4.0},{"damage":0.0,"enemies":"3 Louse","floor":11.0,"turns":4.0},{"damage":13.0,"enemies":"Large Slime","floor":12.0,"turns":8.0},{"damage":1.0,"enemies":"Looter","floor":13.0,"turns":4.0},{"damage":31.0,"enemies":"Hexaghost","floor":16.0,"turns":13.0},{"damage":13.0,"enemies":"Shell Parasite","floor":18.0,"turns":8.0},{"damage":16.0,"enemies":"3 Byrds","floor":20.0,"turns":8.0},{"damage":32,"enemies":"Snake Plant","floor":21,"turns":8},{"damage":1,"enemies":"Centurion and Healer","floor":22,"turns":7}],"seed_played":"5072986555052712065","potions_obtained":[{"floor":1.0,"key":"GamblersBrew"},{"floor":3.0,"key":"PowerPotion"},{"floor":8.0,"key":"SteroidPotion"},{"floor":18.0,"key":"Swift Potion"}],"is_trial":false,"path_per_floor":["M","?","M","M","M","R","E","M","T","R","M","M","M","$","R","B",null,"M","?","M","M"],"character_chosen":"THE_SILENT","items_purchased":["Infinite Blades+1"],"campfire_rested":3,"item_purchase_floors":[14],"current_hp_per_floor":[49,35,35,31,25,46,26,14,14,35,37,26,27,27,48,19,70,57,57,43,13,14],"gold":470,"neow_bonus":"TWO_FIFTY_GOLD","is_prod":false,"is_daily":false,"chose_seed":false,"campfire_upgraded":0,"win_rate":0.0,"timestamp":1537204796,"path_taken":["M","?","?","M","M","R","E","M","T","R","M","M","M","$","R","BOSS","M","?","M","M","M"],"build_version":"2018-09-06","purchased_purges":1,"victory":false,"max_hp_per_floor":[70,70,70,70,70,70,70,70,70,70,70,70,70,70,70,70,70,70,70,70,70,70],"card_choices":[{"not_picked":["Reflex","Underhanded Strike"],"picked":"Crippling Poison","floor":1.0},{"not_picked":["Eviscerate","Terror","Underhanded Strike"],"picked":"SKIP","floor":3.0},{"not_picked":["Dodge and Roll","Flying Knee"],"picked":"Quick Slash","floor":4.0},{"not_picked":["Eviscerate","Quick Slash"],"picked":"Backflip","floor":5.0},{"not_picked":["Backstab","Bouncing Flask"],"picked":"Wraith Form v2","floor":7.0},{"not_picked":["Outmaneuver","Footwork"],"picked":"PiercingWail","floor":8.0},{"not_picked":["Dodge and Roll","Slice"],"picked":"Deadly Poison","floor":11.0},{"not_picked":["Sucker Punch","Outmaneuver"],"picked":"Dodge and Roll","floor":12.0},{"not_picked":["Outmaneuver","Poisoned Stab"],"picked":"Acrobatics","floor":13.0},{"not_picked":["Malaise","Venomology"],"picked":"Tools of the Trade+1","floor":16.0},{"not_picked":["Flechettes","Sucker Punch"],"picked":"PiercingWail+1","floor":18.0},{"not_picked":["Deflect+1","Dagger Spray","Eviscerate"],"picked":"SKIP","floor":20.0},{"not_picked":["Choke","Backstab"],"picked":"Leg Sweep+1","floor":21}],"player_experience":15453,"relics_obtained":[{"floor":7.0,"key":"Blood Vial"},{"floor":9.0,"key":"Frozen Egg 2"}],"event_choices":[{"event_name":"Shining Light","player_choice":"Entered Light","floor":2.0,"damage_taken":0.0},{"event_name":"Cursed Tome","player_choice":"Ignored","floor":19.0,"damage_taken":0.0}],"is_beta":false,"boss_relics":[{"not_picked":["Ectoplasm","Runic Pyramid"],"picked":"Eternal Feather"}],"items_purged_floors":[14],"is_endless":false,"potions_floor_spawned":[1,3,8,16,18,20,21],"killed_by":"Centurion and Healer","ascension_level":0}