{"gold_per_floor":[109,33,33,33,51,51,82,82,82,82,96,128,128,140,140,216,216,235,235,235,265,34,34,60,60,113,138,138,170,170,187,187,187],"floor_reached":33,"playtime":2012,"items_purged":["Writhe"],"score":589,"play_id":"b4f99d1f-2805-482b-85c6-1828f91969d4","local_time":"20190203134003","is_ascension_mode":true,"campfire_choices":[{"data":"Clothesline","floor":6.0,"key":"SMITH"},{"data":"Heavy Blade","floor":8.0,"key":"SMITH"},{"data":"Spot Weakness","floor":10.0,"key":"SMITH"},{"data":"Hemokinesis","floor":13.0,"key":"SMITH"},{"data":"Searing Blow","floor":15.0,"key":"SMITH"},{"floor":23.0,"key":"REST"},{"floor":25.0,"key":"REST"},{"floor":28.0,"key":"REST"},{"data":"Uppercut","floor":32,"key":"SMITH"}],"neow_cost":"NONE","seed_source_timestamp":569881849665169,"circlet_count":0,"master_deck":["AscendersBane","Strike_R+1","Strike_R+1","Strike_R+1","Defend_R+1","Defend_R+1","Defend_R+1","Defend_R+1","Bash","Heavy Blade+1","Spot Weakness+1","Clothesline+1","Battle Trance","Hemokinesis+1","Searing Blow+1","Feed","Dark Embrace","Bloodletting","Spot Weakness","Pummel","Sever Soul","Dual Wield","Uppercut+1"],"special_seed":0,"relics":["Burning Blood","NeowsBlessing","Strawberry","Du-Vu Doll","Dream Catcher","Sozu","Smiling Mask","Red Mask","Boot","Pear","Anchor","Mercury Hourglass","Bottled Flame"],"potions_floor_usage":[],"damage_taken":[{"damage":0.0,"enemies":"2 Louse","floor":1.0,"turns":1.0},{"damage":0.0,"enemies":"Small Slimes","floor":5.0,"turns":1.0},{"damage":0.0,"enemies":"3 Sentries","floor":7.0,"turns":2.0},{"damage":2.0,"enemies":"Jaw Worm","floor":11.0,"turns":3.0},{"damage":20.0,"enemies":"Gremlin Nob","floor":12.0,"turns":4.0},{"damage":11.0,"enemies":"Blue Slaver","floor":14.0,"turns":3.0},{"damage":40.0,"enemies":"The Guardian","floor":16.0,"turns":10.0},{"damage":28.0,"enemies":"2 Thieves","floor":18.0,"turns":3.0},{"damage":24.0,"enemies":"Masked Bandits","floor":21.0,"turns":4.0},{"damage":41.0,"enemies":"Book of Stabbing","floor":24.0,"turns":4.0},{"damage":30.0,"enemies":"Gremlin Leader","floor":27.0,"turns":6.0},{"damage":23,"enemies":"Book of Stabbing","floor":29,"turns":4},{"damage":2,"enemies":"Shell Parasite","floor":31,"turns":2},{"damage":75,"enemies":"Collector","floor":33,"turns":6}],"seed_played":"6798656699059359383","potions_obtained":[{"floor":11.0,"key":"Explosive Potion"},{"floor":12.0,"key":"PowerPotion"},{"floor":16.0,"key":"Swift Potion"}],"is_trial":false,"path_per_floor":["M","$","?","?","M","R","E","R","T","R","M","E","R","M","R","B",null,"M","?","?","?","$","R","E","R","T","E","R","E","?","M","R","B"],"character_chosen":"IRONCLAD","items_purchased":["Spot Weakness","Pummel","Boot"],"campfire_rested":3,"item_purchase_floors":[2,22,22],"current_hp_per_floor":[74,74,74,74,75,75,82,82,82,82,82,68,68,63,63,29,69,50,50,50,35,35,61,36,65,65,44,74,60,60,64,64,0],"gold":187,"neow_bonus":"THREE_ENEMY_KILL","is_prod":false,"is_daily":false,"chose_seed":false,"campfire_upgraded":6,"win_rate":0,"timestamp":1549219203,"path_taken":["M","$","?","?","M","R","E","R","T","R","M","E","R","M","R","BOSS","M","?","?","?","$","R","E","R","T","E","R","E","?","M","R","BOSS"],"build_version":"2019-01-23","purchased_purges":1,"victory":false,"max_hp_per_floor":[75,75,75,75,75,75,82,82,82,82,82,82,82,82,82,82,82,85,85,85,88,88,88,98,98,98,101,101,104,104,104,104,104],"card_choices":[{"not_picked":["Flex","Wild Strike"],"picked":"Heavy Blade","floor":1.0},{"not_picked":["Searing Blow","Sword Boomerang"],"picked":"Clothesline","floor":5.0},{"not_picked":["Juggernaut","Sword Boomerang"],"picked":"Battle Trance","floor":7.0},{"not_picked":["Clothesline","Thunderclap","Warcry"],"picked":"SKIP","floor":11.0},{"not_picked":["Intimidate","Pummel"],"picked":"Hemokinesis","floor":12.0},{"not_picked":["Body Slam","Sword Boomerang"],"picked":"Searing Blow","floor":14.0},{"not_picked":["Barricade","Limit Break"],"picked":"Feed","floor":16.0},{"not_picked":["Carnage","Intimidate","Searing Blow"],"picked":"SKIP","floor":18.0},{"not_picked":["Headbutt","Iron Wave"],"picked":"Spot Weakness","floor":21.0},{"not_picked":["Sword Boomerang","Thunderclap"],"picked":"Sever Soul","floor":24.0},{"not_picked":["Sword Boomerang","Clash"],"picked":"Dual Wield","floor":27.0},{"not_picked":["Havoc","Carnage","Power Through"],"picked":"SKIP","floor":29},{"not_picked":["Heavy Blade+1","Clash"],"picked":"Uppercut","floor":31}],"player_experience":689034,"relics_obtained":[{"floor":7.0,"key":"Strawberry"},{"floor":9.0,"key":"Du-Vu Doll"},{"floor":12.0,"key":"Dream Catcher"},{"floor":21.0,"key":"Red Mask"},{"floor":24.0,"key":"Pear"},{"floor":26.0,"key":"Anchor"},{"floor":27.0,"key":"Mercury Hourglass"},{"floor":29,"key":"Bottled Flame"}],"event_choices":[{"damage_healed":0.0,"max_hp_gain":0.0,"max_hp_loss":0.0,"gold_gain":0.0,"event_name":"The Cleric","player_choice":"Leave","floor":3.0,"gold_loss":0.0,"damage_taken":0.0},{"damage_healed":0.0,"max_hp_gain":0.0,"max_hp_loss":0.0,"gold_gain":0.0,"event_name":"Liars Game","player_choice":"Ignored","floor":4.0,"gold_loss":0.0,"damage_taken":0.0},{"damage_healed":0.0,"max_hp_gain":0.0,"max_hp_loss":0.0,"gold_gain":0.0,"event_name":"The Mausoleum","player_choice":"Opened","floor":19.0,"gold_loss":0.0,"damage_taken":0.0,"relics_obtained":["Smiling Mask"],"cards_obtained":["Writhe"]},{"damage_healed":0.0,"max_hp_gain":0.0,"max_hp_loss":0.0,"gold_gain":0.0,"cards_transformed":["Strike_R","Strike_R"],"event_name":"Drug Dealer","player_choice":"Became Test Subject","floor":20.0,"gold_loss":0.0,"damage_taken":0.0,"cards_obtained":["Dark Embrace","Bloodletting"]},{"damage_healed":0.0,"max_hp_gain":0.0,"max_hp_loss":0.0,"gold_gain":0.0,"event_name":"Masked Bandits","player_choice":"Fought Bandits","floor":21.0,"gold_loss":0.0,"damage_taken":0.0},{"damage_healed":0,"gold_gain":0,"player_choice":"Simplicity","damage_taken":0,"max_hp_gain":0,"max_hp_loss":0,"event_name":"Back to Basics","floor":30,"gold_loss":0,"cards_upgraded":["Strike_R","Strike_R","Strike_R","Defend_R","Defend_R","Defend_R","Defend_R"]}],"is_beta":false,"boss_relics":[{"not_picked":["Lizard Tail","Ectoplasm"],"picked":"Sozu"}],"items_purged_floors":[22],"is_endless":false,"potions_floor_spawned":[11,12,16,24,29],"killed_by":"Collector","ascension_level":14}