{"path_per_floor":["M","M","?","M","M","R","E","?","T","$","R","$","?","M","R","B",null,"M","?","$","M","?","R","M","M","T","R","T","R","?","E","R","B",null,"M","?","?","?","?","R","M","?","T","M","T","M","R","$","R","B"],"character_chosen":"IRONCLAD","items_purchased":["Shuriken","Limit Break"],"gold_per_floor":[119,137,137,151,161,161,194,194,194,119,119,19,19,35,35,164,164,183,183,58,81,81,81,96,109,109,109,109,109,109,143,143,262,262,283,283,616,664,664,664,676,676,676,687,759,770,770,214,214,214],"floor_reached":51,"campfire_rested":2,"playtime":1872,"current_hp_per_floor":[79,80,80,80,75,75,54,47,47,47,71,71,71,66,66,12,74,74,74,74,72,72,72,63,64,64,64,64,64,48,53,74,44,74,74,65,65,71,71,71,74,74,74,74,74,72,72,72,72,54],"items_purged":["Defend_R","Strike_R","Bash","Madness"],"gold":214,"score":711,"play_id":"8169cf65-dbad-462a-b821-0d090f5812aa","local_time":"20180513123553","is_prod":false,"is_daily":false,"chose_seed":false,"is_ascension_mode":false,"campfire_upgraded":8,"timestamp":1526207753,"path_taken":["M","M","?","M","M","R","E","?","T","$","R","$","?","M","R","BOSS","M","?","$","M","?","R","M","M","T","R","?","R","?","E","R","BOSS","M","?","?","?","?","R","M","?","T","M","?","M","R","$","R","BOSS"],"build_version":"2018-05-12v2","seed_source_timestamp":14967126294392,"purchased_purges":4,"victory":true,"master_deck":["Strike_R+1","Strike_R+1","Defend_R+1","Defend_R+1","Defend_R+1","Body Slam+1","Heavy Blade+1","Heavy Blade+1","Burning Pact+1","Flex+1","Flex+1","Shrug It Off+1","Body Slam+1","Necronomicurse","Flex+1","Limit Break+1","Battle Trance+1","Madness+1","Heavy Blade+1","Armaments+1","Limit Break+1"],"max_hp_per_floor":[80,80,80,80,80,80,80,80,80,80,80,80,74,74,74,74,74,74,74,74,74,74,74,74,74,74,74,74,74,74,74,74,74,74,74,74,74,74,74,74,74,74,74,74,74,74,74,74,74,74],"relics":["Burning Blood","Bag of Preparation","Orichalcum","Velvet Choker","Paper Frog","Thread and Needle","Necronomicon","Toxic Egg 2","Philosopher\u0027s Stone","Bird Faced Urn","Letter Opener","Ornamental Fan","Shuriken"],"card_choices":[{"not_picked":["Bloodletting","Sever Soul","Disarm"],"picked":"SKIP","floor":1},{"not_picked":["Second Wind","Twin Strike"],"picked":"Body Slam","floor":2},{"not_picked":["Sword Boomerang","Pommel Strike"],"picked":"Heavy Blade","floor":4},{"not_picked":["Entrench","Cleave","Twin Strike"],"picked":"SKIP","floor":5},{"not_picked":["Metallicize","Twin Strike"],"picked":"Burning Pact","floor":7},{"not_picked":["True Grit","Reckless Charge"],"picked":"Flex","floor":14},{"not_picked":["True Grit","Perfected Strike"],"picked":"Flex","floor":18},{"not_picked":["Cleave","Rampage"],"picked":"Shrug It Off","floor":21},{"not_picked":["Bloodletting+1","Fire Breathing","Searing Blow"],"picked":"SKIP","floor":24},{"not_picked":["Rage+1","Whirlwind"],"picked":"Body Slam","floor":25},{"not_picked":["Shrug It Off","True Grit"],"picked":"Flex","floor":31},{"not_picked":["Berserk","Juggernaut"],"picked":"Limit Break+1","floor":33},{"not_picked":["Rampage","Sword Boomerang+1"],"picked":"Battle Trance+1","floor":35},{"not_picked":["Perfected Strike+1","Bloodletting+1"],"picked":"Heavy Blade+1","floor":38},{"not_picked":["Body Slam","Headbutt+1","Warcry+1"],"picked":"SKIP","floor":41},{"not_picked":["Cleave","Carnage+1","Body Slam"],"picked":"SKIP","floor":44},{"not_picked":["Battle Trance+1","Iron Wave"],"picked":"Armaments+1","floor":46}],"player_experience":84152,"potions_floor_usage":[4,5,31,33,33,50],"damage_taken":[{"damage":7,"enemies":"Small Slimes","floor":1,"turns":4},{"damage":0,"enemies":"2 Louse","floor":2,"turns":4},{"damage":8,"enemies":"Jaw Worm","floor":4,"turns":4},{"damage":11,"enemies":"Gremlin Gang","floor":5,"turns":5},{"damage":27,"enemies":"Gremlin Nob","floor":7,"turns":4},{"damage":11,"enemies":"3 Louse","floor":14,"turns":4},{"damage":60,"enemies":"The Guardian","floor":16,"turns":10},{"damage":6,"enemies":"Shell Parasite","floor":18,"turns":4},{"damage":8,"enemies":"2 Thieves","floor":21,"turns":4},{"damage":15,"enemies":"Snake Plant","floor":24,"turns":3},{"damage":5,"enemies":"Cultist and Chosen","floor":25,"turns":5},{"damage":1,"enemies":"Book of Stabbing","floor":31,"turns":2},{"damage":36,"enemies":"Collector","floor":33,"turns":7},{"damage":0,"enemies":"3 Shapes","floor":35,"turns":3},{"damage":0,"enemies":"Mysterious Sphere","floor":38,"turns":3},{"damage":0,"enemies":"Flame Bruiser 1 Orb","floor":41,"turns":1},{"damage":0,"enemies":"Maw","floor":44,"turns":3},{"damage":8,"enemies":"3 Darklings","floor":46,"turns":3},{"damage":24,"enemies":"Awakened One","floor":50,"turns":4}],"event_choices":[{"event_name":"Living Wall","player_choice":"Change","floor":3,"damage_taken":0},{"event_name":"Golden Wing","player_choice":"Card Removal","floor":8,"damage_taken":0},{"event_name":"Golden Idol","player_choice":"Lose Max HP","floor":13,"damage_taken":0},{"event_name":"Back to Basics","player_choice":"Simplicity","floor":19,"damage_taken":0},{"event_name":"Vampires","player_choice":"Ignored","floor":22,"damage_taken":0},{"event_name":"Cursed Tome","player_choice":"Obtained Book","floor":30,"damage_taken":0},{"event_name":"Winding Halls","player_choice":"Embrace Madness","floor":36,"damage_taken":0},{"event_name":"The Moai Head","player_choice":"Gave Idol","floor":37,"damage_taken":0},{"event_name":"Mysterious Sphere","player_choice":"Fight","floor":38,"damage_taken":0},{"event_name":"SensoryStone","player_choice":"Memory 1","floor":39,"damage_taken":0},{"event_name":"Tomb of Lord Red Mask","player_choice":"Ignored","floor":42,"damage_taken":0}],"boss_relics":[{"not_picked":["Ectoplasm","Black Star"],"picked":"Velvet Choker"},{"not_picked":["Eternal Feather","Mark of Pain"],"picked":"Philosopher\u0027s Stone"}],"potions_floor_spawned":[1,2,16,24,25,33,41],"seed_played":"-9214011511834617035","ascension_level":0,"is_trial":false}