{"gold_per_floor":[117,135,85,101,114,145,160,188,212,212,245,245,313,332,332,463,463,488,502,333,352,21,61,61,97,172,172,172,271,306,325,325,444,444,462,253,274,294,56,56,77,77,104,142,142,157,498,498,498,498],"floor_reached":51,"playtime":2343,"items_purged":["Strike_B","Strike_B","Defend_B"],"score":926,"play_id":"b8176bf8-620a-44fa-8df1-bb6ae053bd02","local_time":"20190201165039","is_ascension_mode":true,"campfire_choices":[{"data":"Zap","floor":10,"key":"SMITH"},{"data":"Ball Lightning","floor":15,"key":"SMITH"},{"data":"Coolheaded","floor":24,"key":"SMITH"},{"data":"Capacitor","floor":28,"key":"SMITH"},{"floor":32,"key":"REST"},{"data":"Dualcast","floor":40,"key":"SMITH"},{"data":"Madness","floor":42,"key":"SMITH"},{"floor":49,"key":"REST"}],"neow_cost":"NONE","seed_source_timestamp":342964268694437,"circlet_count":0,"master_deck":["Defend_B+1","Defend_B","Zap+1","Dualcast+1","Consume+1","Conserve Battery","Ball Lightning+1","Cold Snap+1","Electrodynamics","Coolheaded+1","Madness+1","Gash","Capacitor+1","Chaos+1","Machine Learning","Go for the Eyes+1","Multi-Cast","Machine Learning","Gash+1","Impatience","Panache"],"relics":["Cracked Core","NeowsBlessing","Orichalcum","Emotion Chip","War Paint","Bag of Marbles","Golden Idol","Mercury Hourglass","Nuclear Battery","Whetstone","Boot","Bottled Flame","Sundial","MutagenicStrength","Cables","Empty Cage","Membership Card","Lee\u0027s Waffle","PreservedInsect","Vajra","Gambling Chip","Strawberry","Old Coin"],"potions_floor_usage":[6,14,16,23,23,23,30,37,47],"damage_taken":[{"damage":0,"enemies":"Small Slimes","floor":1,"turns":1},{"damage":0,"enemies":"Jaw Worm","floor":2,"turns":1},{"damage":0,"enemies":"Cultist","floor":4,"turns":1},{"damage":4,"enemies":"Blue Slaver","floor":5,"turns":3},{"damage":8,"enemies":"3 Sentries","floor":6,"turns":9},{"damage":10,"enemies":"3 Louse","floor":7,"turns":3},{"damage":25,"enemies":"Gremlin Nob","floor":8,"turns":4},{"damage":9,"enemies":"3 Sentries","floor":11,"turns":6},{"damage":1,"enemies":"Looter","floor":14,"turns":2},{"damage":0,"enemies":"Slime Boss","floor":16,"turns":9},{"damage":0,"enemies":"Chosen","floor":18,"turns":3},{"damage":13,"enemies":"Spheric Guardian","floor":19,"turns":4},{"damage":7,"enemies":"Snecko","floor":21,"turns":4},{"damage":3,"enemies":"Book of Stabbing","floor":23,"turns":5},{"damage":14,"enemies":"Gremlin Leader","floor":25,"turns":4},{"damage":8,"enemies":"Book of Stabbing","floor":30,"turns":3},{"damage":5,"enemies":"3 Cultists","floor":31,"turns":4},{"damage":17,"enemies":"Champ","floor":33,"turns":9},{"damage":8,"enemies":"3 Shapes","floor":35,"turns":4},{"damage":9,"enemies":"3 Darklings","floor":37,"turns":3},{"damage":1,"enemies":"Sphere and 2 Shapes","floor":38,"turns":3},{"damage":4,"enemies":"Maw","floor":41,"turns":6},{"damage":17,"enemies":"Reptomancer","floor":44,"turns":4},{"damage":13,"enemies":"Writhing Mass","floor":46,"turns":4},{"damage":0,"enemies":"Nemesis","floor":47,"turns":3},{"damage":58,"enemies":"Donu and Deca","floor":50,"turns":5}],"seed_played":"2879755683951190704","potions_obtained":[{"floor":1,"key":"SteroidPotion"},{"floor":4,"key":"EssenceOfSteel"},{"floor":5,"key":"GamblersBrew"},{"floor":14,"key":"Weak Potion"},{"floor":18,"key":"Block Potion"},{"floor":19,"key":"Energy Potion"},{"floor":25,"key":"Poison Potion"},{"floor":35,"key":"Swift Potion"},{"floor":41,"key":"Ancient Potion"},{"floor":44,"key":"Regen Potion"}],"is_trial":false,"path_per_floor":["M","M","?","M","M","E","M","E","T","R","E","?","T","M","R","B",null,"M","M","$","M","$","E","R","E","T","?","R","?","E","M","R","B",null,"M","$","M","M","$","R","M","R","T","E","?","M","E","?","R","B",null],"character_chosen":"DEFECT","items_purchased":["Madness","Capacitor","Whetstone","Membership Card","Lee\u0027s Waffle","PreservedInsect"],"campfire_rested":2,"item_purchase_floors":[20,22,22,36,39,39],"current_hp_per_floor":[75,75,75,75,71,63,53,28,28,28,19,19,19,18,18,18,69,69,56,56,49,49,46,46,32,32,32,32,32,24,19,39,22,69,61,61,52,51,76,76,72,72,72,55,62,49,58,48,72,14],"gold":498,"neow_bonus":"THREE_ENEMY_KILL","is_prod":false,"is_daily":false,"chose_seed":false,"campfire_upgraded":6,"win_rate":0,"timestamp":1549000239,"path_taken":["M","M","?","M","M","E","M","E","T","R","E","?","?","M","R","BOSS","M","M","$","?","$","E","R","E","T","?","R","?","E","M","R","BOSS","M","$","M","M","$","R","M","R","T","E","?","?","E","?","R","BOSS"],"build_version":"2019-01-23","purchased_purges":3,"victory":true,"max_hp_per_floor":[75,75,75,75,75,75,75,75,75,75,75,69,69,69,69,69,69,69,69,69,69,69,69,69,69,69,69,69,69,69,69,69,69,69,69,69,69,69,76,76,76,76,76,76,83,83,83,83,83,83],"card_choices":[{"not_picked":["Double Energy","Stack"],"picked":"Consume","floor":1},{"not_picked":["Beam Cell","Streamline","Leap"],"picked":"SKIP","floor":2},{"not_picked":["Steam","Stack","Compile Driver"],"picked":"SKIP","floor":4},{"not_picked":["Consume","Skim"],"picked":"Conserve Battery","floor":5},{"not_picked":["Loop","Melter"],"picked":"Ball Lightning","floor":6},{"not_picked":["Conserve Battery","Recycle","Reboot"],"picked":"SKIP","floor":7},{"not_picked":["Undo","Compile Driver"],"picked":"Cold Snap","floor":8},{"not_picked":["BootSequence","Chaos","Redo"],"picked":"SKIP","floor":11},{"not_picked":["Compile Driver","Doom and Gloom","Hologram"],"picked":"SKIP","floor":14},{"not_picked":["Machine Learning","Meteor Strike"],"picked":"Electrodynamics","floor":16},{"not_picked":["Hologram","Streamline"],"picked":"Coolheaded","floor":18},{"not_picked":["Coolheaded","Consume+1","Sunder"],"picked":"SKIP","floor":19},{"not_picked":["Redo","Cold Snap+1"],"picked":"Gash","floor":21},{"not_picked":["Barrage","Steam"],"picked":"Chaos+1","floor":23},{"not_picked":["Stack","Darkness"],"picked":"Machine Learning","floor":25},{"not_picked":["Barrage","Leap+1","Rebound"],"picked":"SKIP","floor":30},{"not_picked":["Self Repair","Sweeping Beam+1"],"picked":"Go for the Eyes+1","floor":31},{"not_picked":["Thunder Strike","Creative AI"],"picked":"Multi-Cast","floor":33},{"not_picked":["Compile Driver+1","Go for the Eyes+1","Leap+1"],"picked":"SKIP","floor":35},{"not_picked":["BootSequence","Auto Shields+1","Recycle"],"picked":"SKIP","floor":37},{"not_picked":["Sweeping Beam","Barrage"],"picked":"Machine Learning","floor":38},{"not_picked":["Redo+1","Sweeping Beam"],"picked":"Gash+1","floor":41},{"not_picked":["Reprogram+1","Heatsinks+1","Go for the Eyes+1"],"picked":"SKIP","floor":44},{"not_picked":["Coolheaded","Steam+1","Heatsinks+1"],"picked":"SKIP","floor":46},{"not_picked":["Amplify","Consume+1","Rebound"],"picked":"SKIP","floor":47},{"not_picked":["Transmutation","Jack Of All Trades"],"picked":"Impatience","floor":48},{"not_picked":["Dramatic Entrance","Finesse"],"picked":"Panache","floor":48}],"player_experience":1186567,"relics_obtained":[{"floor":6,"key":"Orichalcum"},{"floor":8,"key":"Emotion Chip"},{"floor":9,"key":"War Paint"},{"floor":11,"key":"Bag of Marbles"},{"floor":13,"key":"Mercury Hourglass"},{"floor":23,"key":"Boot"},{"floor":25,"key":"Bottled Flame"},{"floor":26,"key":"Sundial"},{"floor":30,"key":"Cables"},{"floor":43,"key":"Vajra"},{"floor":44,"key":"Gambling Chip"},{"floor":47,"key":"Old Coin"}],"event_choices":[{"cards_removed":["Strike_B"],"damage_healed":0,"gold_gain":0,"player_choice":"Card Removal","damage_taken":0,"max_hp_gain":0,"max_hp_loss":0,"event_name":"The Cleric","floor":3,"gold_loss":50},{"damage_healed":0,"gold_gain":0,"player_choice":"Lose Max HP","damage_taken":0,"relics_obtained":["Golden Idol"],"max_hp_gain":0,"max_hp_loss":6,"event_name":"Golden Idol","floor":12,"gold_loss":0},{"damage_healed":0,"gold_gain":0,"player_choice":"Inject Mutagens","damage_taken":0,"relics_obtained":["MutagenicStrength"],"max_hp_gain":0,"max_hp_loss":0,"event_name":"Drug Dealer","floor":27,"gold_loss":0},{"damage_healed":0,"gold_gain":99,"player_choice":"Stole From Cult","damage_taken":0,"max_hp_gain":0,"max_hp_loss":0,"event_name":"Nest","floor":29,"gold_loss":0},{"damage_healed":0,"gold_gain":0,"player_choice":"Gave Potion","damage_taken":0,"relics_obtained":["Strawberry"],"max_hp_gain":0,"max_hp_loss":0,"event_name":"WeMeetAgain","floor":45,"gold_loss":0},{"damage_healed":0,"gold_gain":0,"player_choice":"Memory 3","damage_taken":10,"max_hp_gain":0,"max_hp_loss":0,"event_name":"SensoryStone","floor":48,"gold_loss":0}],"is_beta":true,"boss_relics":[{"not_picked":["Orrery","Lizard Tail"],"picked":"Nuclear Battery"},{"not_picked":["Astrolabe","Sozu"],"picked":"Empty Cage"}],"items_purged_floors":[20,22,39],"is_endless":false,"potions_floor_spawned":[1,4,5,14,18,19,21,25,35,41,44],"ascension_level":1}