{"gold_per_floor":[114,114,129,404,419,479,494,524,524,539,539,554,554,569,569,669,669,684,699,699,714,12,12,42,57,82,112,127,127,226,226,226,326,326,341,356,371,386,401,431,0,0,25,55,55,55,55,70,70,70],"floor_reached":51,"playtime":2158,"items_purged":[],"score":1211,"play_id":"9876564c-8ae9-4434-96ff-c613c027cf26","local_time":"20180826103643","daily_mods":["Specialized","Cursed Run","Time Dilation"],"is_ascension_mode":false,"campfire_choices":[{"floor":11,"key":"REST"},{"floor":15,"key":"REST"},{"data":"1","floor":23,"key":"LIFT"},{"floor":32,"key":"REST"},{"data":"2","floor":42,"key":"LIFT"},{"data":"3","floor":47,"key":"LIFT"},{"floor":49,"key":"REST"}],"neow_cost":"","seed_source_timestamp":0,"circlet_count":0,"master_deck":["Strike_R+1","Strike_R+1","Strike_R+1","Strike_R+1","Defend_R+1","Defend_R+1","Defend_R+1","Bash","Offering","Offering","Offering","Offering","True Grit+1","Shrug It Off","Regret","Spot Weakness","Warcry","Iron Wave","Pummel","Shame","Feel No Pain","Pummel","Spot Weakness","Shame","Fiend Fire","Sever Soul+1","Burning Pact+1","Wild Strike+1","Headbutt+1","Body Slam+1","Shame","Shrug It Off","Master of Strategy","Pummel","Clash","Iron Wave+1","Disarm+1","Pain","Infernal Blade","Twin Strike+1","Writhe","Shame","Limit Break","Dropkick+1","Armaments+1","Whirlwind","Thunderclap+1","Perfected Strike+1","Flex+1","Impervious","Shame","Evolve+1","Writhe","Iron Wave+1","Regret"],"special_seed":17769,"relics":["Cursed Key","Darkstone Periapt","Du-Vu Doll","Tiny Chest","Torii","Red Skull","Astrolabe","Calipers","Girya","DollysMirror","Ice Cream","Orichalcum","Ginger","Happy Flower","Fusion Hammer","Potion Belt","Chemical X","Regal Pillow","Blood Vial","Mummified Hand","FaceOfCleric"],"potions_floor_usage":[7,16,16,24,24,24,28,33,33,40,50,50,50,50],"damage_taken":[{"damage":4,"enemies":"2 Louse","floor":1,"turns":3},{"damage":6,"enemies":"Jaw Worm","floor":3,"turns":2},{"damage":12,"enemies":"Cultist","floor":5,"turns":1},{"damage":27,"enemies":"Lagavulin","floor":6,"turns":3},{"damage":1,"enemies":"Exordium Wildlife","floor":7,"turns":4},{"damage":23,"enemies":"3 Sentries","floor":8,"turns":7},{"damage":0,"enemies":"Lots of Slimes","floor":10,"turns":3},{"damage":6,"enemies":"Large Slime","floor":12,"turns":3},{"damage":0,"enemies":"Gremlin Gang","floor":14,"turns":3},{"damage":30,"enemies":"The Guardian","floor":16,"turns":5},{"damage":2,"enemies":"2 Thieves","floor":18,"turns":3},{"damage":6,"enemies":"Spheric Guardian","floor":19,"turns":3},{"damage":16,"enemies":"Shelled Parasite and Fungi","floor":21,"turns":3},{"damage":6,"enemies":"Slavers","floor":24,"turns":1},{"damage":6,"enemies":"Snecko","floor":25,"turns":1},{"damage":12,"enemies":"Gremlin Leader","floor":27,"turns":1},{"damage":0,"enemies":"Snake Plant","floor":28,"turns":3},{"damage":24,"enemies":"Automaton","floor":33,"turns":5},{"damage":12,"enemies":"3 Darklings","floor":35,"turns":1},{"damage":6,"enemies":"Orb Walker","floor":36,"turns":2},{"damage":4,"enemies":"Maw","floor":37,"turns":4},{"damage":0,"enemies":"Jaw Worm Horde","floor":38,"turns":1},{"damage":0,"enemies":"Sphere and 2 Shapes","floor":39,"turns":1},{"damage":16,"enemies":"Giant Head","floor":40,"turns":3},{"damage":6,"enemies":"2 Orb Walkers","floor":44,"turns":3},{"damage":13,"enemies":"3 Darklings","floor":48,"turns":2},{"damage":43,"enemies":"Time Eater","floor":50,"turns":6}],"seed_played":"1407461410960682535","potions_obtained":[{"floor":5,"key":"Swift Potion"},{"floor":10,"key":"Block Potion"},{"floor":12,"key":"PowerPotion"},{"floor":18,"key":"Explosive Potion"},{"floor":21,"key":"EntropicBrew"},{"floor":25,"key":"SpeedPotion"},{"floor":28,"key":"Dexterity Potion"},{"floor":33,"key":"FearPotion"},{"floor":37,"key":"FearPotion"},{"floor":39,"key":"AttackPotion"},{"floor":44,"key":"AttackPotion"},{"floor":48,"key":"Block Potion"}],"is_trial":false,"path_per_floor":["M","?","M","?","M","E","M","E","T","M","R","M","?","M","R","B",null,"M","M","?","M","$","R","E","M","T","E","M","?","?","?","R","B",null,"M","M","M","M","M","E","$","R","T","E","?","?","R","M","R","B"],"character_chosen":"IRONCLAD","items_purchased":["Master of Strategy","Girya","DollysMirror","Clash","Chemical X","Regal Pillow","Impervious"],"campfire_rested":4,"item_purchase_floors":[22,22,22,22,41,41,41],"current_hp_per_floor":[76,76,70,76,64,37,36,13,19,19,46,40,40,40,67,43,98,96,90,96,80,80,80,74,68,74,62,62,62,62,68,102,84,122,110,104,100,100,100,84,84,84,90,86,124,124,124,114,135,99],"gold":70,"neow_bonus":"","is_prod":false,"is_daily":true,"chose_seed":false,"campfire_upgraded":0,"win_rate":0,"timestamp":1535272603,"path_taken":["M","?","M","?","M","E","?","E","T","M","R","M","?","?","R","BOSS","M","M","?","M","$","R","E","M","T","E","M","?","?","?","R","BOSS","M","M","M","M","M","E","$","R","T","E","?","?","R","M","R","BOSS"],"build_version":"2018-08-23v2","purchased_purges":0,"victory":true,"max_hp_per_floor":[80,80,80,86,86,86,86,86,92,92,92,92,92,92,92,98,98,98,98,104,104,104,104,104,104,110,110,110,110,110,116,116,122,122,122,122,122,122,122,122,122,122,128,128,134,134,134,135,135,142],"card_choices":[{"not_picked":["Fire Breathing","Heavy Blade"],"picked":"True Grit","floor":1},{"not_picked":["Pommel Strike","Shockwave"],"picked":"Shrug It Off","floor":3},{"not_picked":["Wild Strike","Whirlwind"],"picked":"Spot Weakness","floor":5},{"not_picked":["Headbutt","Dual Wield"],"picked":"Warcry","floor":6},{"not_picked":["Havoc","Headbutt"],"picked":"Iron Wave","floor":7},{"not_picked":["Corruption","Perfected Strike"],"picked":"Pummel","floor":8},{"not_picked":["Power Through","Headbutt"],"picked":"Feel No Pain","floor":10},{"not_picked":["Clash","Iron Wave"],"picked":"Pummel","floor":12},{"not_picked":["Heavy Blade","Body Slam"],"picked":"Spot Weakness","floor":14},{"not_picked":["Brutality","Reaper"],"picked":"Fiend Fire","floor":16},{"not_picked":["Armaments","Searing Blow"],"picked":"Headbutt+1","floor":18},{"not_picked":["Sword Boomerang","Second Wind+1"],"picked":"Body Slam+1","floor":19},{"not_picked":["Clash","Cleave+1"],"picked":"Shrug It Off","floor":21},{"not_picked":["Havoc","Perfected Strike"],"picked":"Iron Wave+1","floor":24},{"not_picked":["Headbutt","Bloodletting"],"picked":"Disarm+1","floor":25},{"not_picked":["Twin Strike","Shockwave"],"picked":"Infernal Blade","floor":27},{"not_picked":["Feed","Flame Barrier+1"],"picked":"Twin Strike+1","floor":28},{"not_picked":["Juggernaut","Dark Embrace"],"picked":"Limit Break","floor":33},{"not_picked":["Power Through+1","Corruption"],"picked":"Dropkick+1","floor":35},{"not_picked":["Sentinel+1","Clash"],"picked":"Armaments+1","floor":36},{"not_picked":["Cleave","Clothesline"],"picked":"Whirlwind","floor":37},{"not_picked":["Rage","Clash+1"],"picked":"Thunderclap+1","floor":38},{"not_picked":["Sentinel","Entrench+1"],"picked":"Perfected Strike+1","floor":39},{"not_picked":["Flame Barrier","Ghostly Armor"],"picked":"Flex+1","floor":40},{"not_picked":["Entrench","Bludgeon"],"picked":"Evolve+1","floor":44},{"not_picked":["Perfected Strike","Battle Trance+1"],"picked":"Iron Wave+1","floor":48}],"player_experience":56618,"relics_obtained":[{"floor":6,"key":"Tiny Chest"},{"floor":8,"key":"Torii"},{"floor":9,"key":"Red Skull"},{"floor":24,"key":"Ice Cream"},{"floor":26,"key":"Orichalcum"},{"floor":27,"key":"Ginger"},{"floor":40,"key":"Potion Belt"},{"floor":43,"key":"Blood Vial"},{"floor":44,"key":"Mummified Hand"}],"event_choices":[{"event_name":"Living Wall","player_choice":"Grow","floor":2,"damage_taken":0},{"event_name":"Golden Shrine","player_choice":"Desecrate","floor":4,"damage_taken":0},{"event_name":"Golden Wing","player_choice":"Ignored","floor":13,"damage_taken":0},{"event_name":"Addict","player_choice":"Stole Relic","floor":20,"damage_taken":0},{"event_name":"Back to Basics","player_choice":"Simplicity","floor":29,"damage_taken":0},{"event_name":"Nest","player_choice":"Stole From Cult","floor":30,"damage_taken":0},{"event_name":"The Mausoleum","player_choice":"Yes","floor":31,"damage_taken":0},{"event_name":"Winding Halls","player_choice":"Writhe","floor":45,"damage_taken":0},{"event_name":"FaceTrader","player_choice":"Trade","floor":46,"damage_taken":0}],"is_beta":true,"boss_relics":[{"not_picked":["Runic Dome","Runic Pyramid"],"picked":"Astrolabe"},{"not_picked":["Coffee Dripper","Orrery"],"picked":"Fusion Hammer"}],"items_purged_floors":[],"is_endless":false,"potions_floor_spawned":[5,10,12,18,21,25,28,33,37,39,44,48],"ascension_level":0}