{"gold_per_floor":[116,66,84,102,102,102,133,63,114,142,168,180,209,233,245,257],"floor_reached":16,"playtime":540,"items_purged":[],"score":151,"play_id":"ffb5f5f1-6e4e-462e-95a1-095f3a56e00f","local_time":"20190106214048","is_ascension_mode":true,"campfire_choices":[{"data":"Noxious Fumes","floor":6,"key":"SMITH"},{"floor":15,"key":"REST"}],"neow_cost":"NONE","seed_source_timestamp":1437543009198814,"circlet_count":0,"master_deck":["Defend_G","Defend_G","Defend_G","Defend_G","Defend_G","Strike_G","Strike_G","Strike_G","Survivor","Neutralize","Prepared","Noxious Fumes+1","Deadly Poison","Deadly Poison","Noxious Fumes","Catalyst","Backflip","Die Die Die"],"relics":["Ring of the Snake","NeowsBlessing","Centennial Puzzle","MawBank","Letter Opener"],"potions_floor_usage":[10,11],"damage_taken":[{"damage":0,"enemies":"2 Louse","floor":1,"turns":1},{"damage":0,"enemies":"Jaw Worm","floor":3,"turns":1},{"damage":0,"enemies":"Cultist","floor":4,"turns":1},{"damage":25,"enemies":"3 Sentries","floor":7,"turns":8},{"damage":7,"enemies":"Red Slaver","floor":10,"turns":5},{"damage":9,"enemies":"Lots of Slimes","floor":11,"turns":4},{"damage":11,"enemies":"Looter","floor":13,"turns":3},{"damage":14,"enemies":"3 Louse","floor":14,"turns":3},{"damage":26,"enemies":"The Guardian","floor":16,"turns":2}],"seed_played":"-4025600676670511057","potions_obtained":[{"floor":1,"key":"Energy Potion"},{"floor":7,"key":"Regen Potion"},{"floor":13,"key":"Energy Potion"}],"is_trial":false,"path_per_floor":["M","?","M","M","?","R","E","$","T","M","M","T","M","M","R","B"],"character_chosen":"THE_SILENT","items_purchased":["Noxious Fumes"],"campfire_rested":1,"item_purchase_floors":[8],"current_hp_per_floor":[63,63,63,63,56,56,31,31,31,39,30,30,19,5,26,0],"gold":257,"neow_bonus":"THREE_ENEMY_KILL","is_prod":false,"is_daily":false,"chose_seed":false,"campfire_upgraded":1,"win_rate":0,"timestamp":1546832448,"path_taken":["M","?","M","M","?","R","E","?","T","?","M","?","M","M","R","BOSS"],"build_version":"2019-01-03v4","purchased_purges":0,"victory":false,"max_hp_per_floor":[70,70,70,70,70,70,70,70,70,70,70,70,70,70,70,70],"card_choices":[{"not_picked":["Distraction","Underhanded Strike"],"picked":"Prepared","floor":1},{"not_picked":["Poisoned Stab","Flying Knee"],"picked":"Noxious Fumes","floor":3},{"not_picked":["Acrobatics","Quick Slash"],"picked":"Deadly Poison","floor":4},{"not_picked":["Quick Slash","Flying Knee"],"picked":"Deadly Poison","floor":7},{"not_picked":["Dash","Dodge and Roll"],"picked":"Catalyst","floor":10},{"not_picked":["Outmaneuver","Slice","Dagger Spray"],"picked":"SKIP","floor":11},{"not_picked":["Footwork","Calculated Gamble"],"picked":"Backflip","floor":13},{"not_picked":["Dagger Spray","Dagger Throw"],"picked":"Die Die Die","floor":14}],"player_experience":412281,"relics_obtained":[{"floor":7,"key":"Centennial Puzzle"},{"floor":9,"key":"MawBank"},{"floor":12,"key":"Letter Opener"}],"event_choices":[{"cards_removed":["Strike_G"],"damage_healed":0,"gold_gain":0,"player_choice":"Card Removal","damage_taken":0,"max_hp_gain":0,"max_hp_loss":0,"event_name":"The Cleric","floor":2,"gold_loss":50},{"cards_removed":["Strike_G"],"damage_healed":0,"gold_gain":0,"player_choice":"Card Removal","damage_taken":7,"max_hp_gain":0,"max_hp_loss":0,"event_name":"Golden Wing","floor":5,"gold_loss":0}],"is_beta":false,"boss_relics":[],"items_purged_floors":[],"is_endless":false,"potions_floor_spawned":[1,7,13],"killed_by":"The Guardian","ascension_level":9}