{"gold_per_floor":[116,132,58,78,78,78,78,118,145,166,190,190,190,160,160,283,283,303,289,69,69],"floor_reached":21,"playtime":1404,"items_purged":["Injury"],"score":269,"play_id":"71199217-a24b-468d-a4cb-5d3cb9f465d0","local_time":"20190118234745","is_ascension_mode":true,"campfire_choices":[{"data":"Zap","floor":6,"key":"SMITH"},{"floor":13,"key":"REST"},{"floor":15,"key":"REST"}],"neow_cost":"NONE","seed_source_timestamp":87928540901791,"circlet_count":0,"master_deck":["AscendersBane","Strike_B","Strike_B","Strike_B","Strike_B","Defend_B","Defend_B","Defend_B","Defend_B","Zap+1","Dualcast","Multi-Cast","Coolheaded","Conserve Battery","FTL","Go for the Eyes","Glacier","FTL","Auto Shields","Reboot","Reprogram","Storm"],"relics":["Cracked Core","Golden Idol","Omamori","Bag of Marbles","Cables","Busted Crown","Blood Vial"],"potions_floor_usage":[11,16,16],"damage_taken":[{"damage":5,"enemies":"Small Slimes","floor":1,"turns":3},{"damage":7,"enemies":"Jaw Worm","floor":2,"turns":3},{"damage":3,"enemies":"Cultist","floor":4,"turns":4},{"damage":34,"enemies":"Lagavulin","floor":8,"turns":9},{"damage":0,"enemies":"2 Fungi Beasts","floor":10,"turns":3},{"damage":3,"enemies":"Gremlin Gang","floor":11,"turns":7},{"damage":3,"enemies":"The Guardian","floor":16,"turns":17},{"damage":11,"enemies":"Spheric Guardian","floor":18,"turns":8},{"damage":9,"enemies":"2 Thieves","floor":19,"turns":4},{"damage":85,"enemies":"Cultist and Chosen","floor":21,"turns":10}],"seed_played":"-2067486582789741896","potions_obtained":[{"floor":8,"key":"SneckoOil"},{"floor":10,"key":"FocusPotion"},{"floor":14,"key":"Poison Potion"},{"floor":14,"key":"FearPotion"},{"floor":19,"key":"Dexterity Potion"}],"is_trial":false,"path_per_floor":["M","M","$","M","?","R","?","E","T","M","M","?","R","?","R","B",null,"M","M","$","M"],"character_chosen":"DEFECT","items_purchased":["FTL","Blood Vial"],"campfire_rested":2,"item_purchase_floors":[3,20],"current_hp_per_floor":[63,56,56,53,53,53,53,19,19,19,16,16,38,38,60,57,71,60,51,51,0],"gold":69,"neow_bonus":"ONE_RANDOM_RARE_CARD","is_prod":false,"is_daily":false,"chose_seed":false,"campfire_upgraded":1,"win_rate":0,"timestamp":1547873265,"path_taken":["M","M","$","M","?","R","?","E","T","?","M","?","R","?","R","BOSS","M","M","?","M"],"build_version":"2019-01-17v2","purchased_purges":1,"victory":false,"max_hp_per_floor":[75,75,75,75,75,75,75,75,75,75,75,75,75,75,75,75,75,75,75,75,75],"card_choices":[{"not_picked":["Redo","Rebound"],"picked":"Coolheaded","floor":1},{"not_picked":["Lockon","Streamline"],"picked":"Conserve Battery","floor":2},{"not_picked":["Undo","Rebound"],"picked":"Go for the Eyes","floor":4},{"not_picked":["Buffer","Gash"],"picked":"Glacier","floor":8},{"not_picked":["Doom and Gloom","Conserve Battery"],"picked":"FTL","floor":10},{"not_picked":["Compile Driver","Chaos"],"picked":"Auto Shields","floor":11},{"not_picked":["Fission","Biased Cognition"],"picked":"Reboot","floor":16},{"not_picked":[],"picked":"Reprogram","floor":18},{"not_picked":[],"picked":"Storm","floor":19}],"player_experience":528152,"relics_obtained":[{"floor":8,"key":"Omamori"},{"floor":9,"key":"Bag of Marbles"}],"event_choices":[{"damage_healed":0,"gold_gain":0,"player_choice":"Take Wound","damage_taken":0,"relics_obtained":["Golden Idol"],"max_hp_gain":0,"max_hp_loss":0,"event_name":"Golden Idol","floor":5,"gold_loss":0,"cards_obtained":["Injury"]},{"damage_healed":0,"gold_gain":0,"player_choice":"Ignored","damage_taken":0,"max_hp_gain":0,"max_hp_loss":0,"event_name":"Liars Game","floor":7,"gold_loss":0},{"damage_healed":0,"gold_gain":0,"player_choice":"Box","damage_taken":0,"relics_obtained":["Cables"],"max_hp_gain":0,"max_hp_loss":0,"event_name":"Big Fish","floor":12,"gold_loss":0,"cards_obtained":["Regret"]},{"damage_healed":0,"gold_gain":0,"player_choice":"Bought 2 Potions","damage_taken":0,"max_hp_gain":0,"max_hp_loss":0,"event_name":"The Woman in Blue","floor":14,"gold_loss":0}],"is_beta":false,"boss_relics":[{"not_picked":["Empty Cage","Orrery"],"picked":"Busted Crown"}],"items_purged_floors":[20],"is_endless":false,"potions_floor_spawned":[8,10,19],"killed_by":"Cultist and Chosen","ascension_level":10}