{"gold_per_floor":[119,119,119,119,129,129,154,174,174,194,194,194,224,61,61,140,140,158,171,171,187,187,187,25,25,51,69,104,104,138,157,157,157],"floor_reached":33,"playtime":1846,"items_purged":[],"score":617,"play_id":"1eb3f3a2-eee3-4be2-b271-f08dd9668384","local_time":"20181115083255","is_ascension_mode":true,"campfire_choices":[{"data":"Multi-Cast","floor":6.0,"key":"SMITH"},{"floor":11.0,"key":"REST"},{"data":"Zap","floor":15.0,"key":"SMITH"},{"data":"Fission","floor":23.0,"key":"SMITH"},{"data":"Consume","floor":25.0,"key":"SMITH"},{"data":"White Noise","floor":29.0,"key":"SMITH"},{"floor":32.0,"key":"REST"}],"neow_cost":"CURSE","seed_source_timestamp":1447145763529830,"circlet_count":0,"master_deck":["AscendersBane","Strike_B","Strike_B","Strike_B+1","Defend_B+1","Defend_B","Defend_B","Defend_B","Zap+1","Dualcast","Multi-Cast+1","Self Repair","Consume+1","FTL+1","Sunder+1","Sweeping Beam+1","Undo","Electrodynamics","Fission+1","Barrage+1","Go for the Eyes+1","Cold Snap+1","Loop","White Noise+1","Steam","Glacier+1"],"special_seed":0,"relics":["Cracked Core","Molten Egg 2","Happy Flower","Vajra","Inserter","Oddly Smooth Stone","Lantern","Strawberry","PreservedInsect","Bottled Flame"],"potions_floor_usage":[],"damage_taken":[{"damage":3.0,"enemies":"Jaw Worm","floor":1.0,"turns":4.0},{"damage":0.0,"enemies":"Small Slimes","floor":5.0,"turns":3.0},{"damage":30.0,"enemies":"Lagavulin","floor":7.0,"turns":7.0},{"damage":0.0,"enemies":"Cultist","floor":8.0,"turns":3.0},{"damage":5.0,"enemies":"Blue Slaver","floor":10.0,"turns":3.0},{"damage":17.0,"enemies":"3 Sentries","floor":13.0,"turns":6.0},{"damage":0.0,"enemies":"Slime Boss","floor":16.0,"turns":4.0},{"damage":22.0,"enemies":"2 Thieves","floor":18.0,"turns":2.0},{"damage":0.0,"enemies":"Spheric Guardian","floor":19.0,"turns":2.0},{"damage":7.0,"enemies":"Centurion and Healer","floor":21.0,"turns":5.0},{"damage":0.0,"enemies":"Chosen and Byrds","floor":27.0,"turns":4.0},{"damage":34.0,"enemies":"Slavers","floor":28.0,"turns":4.0},{"damage":18.0,"enemies":"Book of Stabbing","floor":30.0,"turns":3.0},{"damage":14.0,"enemies":"3 Cultists","floor":31.0,"turns":5.0},{"damage":54,"enemies":"Collector","floor":33,"turns":6}],"seed_played":"6663955849425581941","potions_obtained":[{"floor":4.0,"key":"FearPotion"},{"floor":4.0,"key":"Strength Potion"},{"floor":5.0,"key":"PowerPotion"},{"floor":7.0,"key":"Dexterity Potion"},{"floor":13.0,"key":"Energy Potion"},{"floor":18.0,"key":"Fire Potion"},{"floor":27.0,"key":"SneckoOil"},{"floor":30.0,"key":"Block Potion"},{"floor":31.0,"key":"Explosive Potion"}],"is_trial":false,"path_per_floor":["M","?","?","?","M","R","E","M","T","M","R","?","E","$","R","B",null,"M","M","?","M","?","R","$","R","T","M","E","R","E","M","R","B"],"character_chosen":"DEFECT","items_purchased":["Electrodynamics","Lantern"],"campfire_rested":2,"item_purchase_floors":[14,24],"current_hp_per_floor":[61,40,33,33,40,40,17,24,24,26,47,47,37,37,37,44,64,42,49,49,49,49,49,49,49,56,63,36,36,25,18,41,0],"gold":157,"neow_bonus":"THREE_RARE_CARDS","is_prod":false,"is_daily":false,"chose_seed":false,"campfire_upgraded":5,"win_rate":0,"timestamp":1542299575,"path_taken":["M","?","?","?","M","R","E","?","T","M","R","?","E","$","R","BOSS","M","?","?","M","?","R","$","R","T","M","E","R","E","?","R","BOSS"],"build_version":"2018-11-08","purchased_purges":0,"victory":false,"max_hp_per_floor":[71,71,71,71,71,71,71,71,71,71,71,71,71,71,71,71,71,71,71,71,71,71,71,71,71,78,78,78,78,78,78,78,78],"card_choices":[{"not_picked":["Seek","Meteor Strike"],"picked":"Multi-Cast","floor":0.0},{"not_picked":["Gash","Redo"],"picked":"Self Repair","floor":1.0},{"not_picked":["Static Discharge","Hello World"],"picked":"Consume","floor":5.0},{"not_picked":["Hologram","Streamline"],"picked":"FTL","floor":7.0},{"not_picked":["Heatsinks","Scrape+1"],"picked":"Sunder+1","floor":8.0},{"not_picked":["Steam","Skim"],"picked":"Sweeping Beam+1","floor":10.0},{"not_picked":["Melter+1","Sunder+1"],"picked":"Undo","floor":13.0},{"not_picked":["Seek","Hyperbeam+1"],"picked":"Fission","floor":16.0},{"not_picked":["Go for the Eyes+1","Turbo"],"picked":"Barrage+1","floor":18.0},{"not_picked":["Steam","Rebound+1"],"picked":"Go for the Eyes+1","floor":19.0},{"not_picked":["Aggregate","Creative AI"],"picked":"Cold Snap+1","floor":21.0},{"not_picked":["Hologram","FTL+1"],"picked":"Loop","floor":27.0},{"not_picked":["Steam Power","Hologram"],"picked":"White Noise","floor":28.0},{"not_picked":["Sweeping Beam+1","Hello World"],"picked":"Steam","floor":30.0},{"not_picked":["Aggregate+1","Hologram"],"picked":"Glacier+1","floor":31.0}],"player_experience":1290071,"relics_obtained":[{"floor":7.0,"key":"Molten Egg 2"},{"floor":9.0,"key":"Happy Flower"},{"floor":13.0,"key":"Vajra"},{"floor":26.0,"key":"Strawberry"},{"floor":28.0,"key":"PreservedInsect"},{"floor":30.0,"key":"Bottled Flame"}],"event_choices":[{"damage_healed":0.0,"max_hp_gain":0.0,"max_hp_loss":0.0,"gold_gain":0.0,"event_name":"Shining Light","player_choice":"Entered Light","floor":2.0,"gold_loss":0.0,"damage_taken":21.0,"cards_upgraded":["Defend_B","Strike_B"]},{"cards_removed":["Strike_B"],"damage_healed":0.0,"max_hp_gain":0.0,"max_hp_loss":0.0,"gold_gain":0.0,"event_name":"Golden Wing","player_choice":"Card Removal","floor":3.0,"gold_loss":0.0,"damage_taken":7.0},{"damage_healed":0.0,"max_hp_gain":0.0,"max_hp_loss":0.0,"gold_gain":0.0,"event_name":"Lab","player_choice":"Got Potions","floor":4.0,"gold_loss":0.0,"damage_taken":0.0},{"cards_removed":["Injury"],"damage_healed":0.0,"max_hp_gain":0.0,"max_hp_loss":0.0,"gold_gain":0.0,"event_name":"Fountain of Cleansing","player_choice":"Removed Curses","floor":12.0,"gold_loss":0.0,"damage_taken":0.0},{"damage_healed":0.0,"max_hp_gain":0.0,"max_hp_loss":0.0,"gold_gain":0.0,"event_name":"Beggar","player_choice":"Ignored","floor":20.0,"gold_loss":0.0,"damage_taken":0.0},{"damage_healed":0.0,"max_hp_gain":0.0,"max_hp_loss":0.0,"gold_gain":0.0,"event_name":"WeMeetAgain","player_choice":"Gave Potion","floor":22.0,"gold_loss":0.0,"damage_taken":0.0,"relics_obtained":["Oddly Smooth Stone"]}],"is_beta":false,"boss_relics":[{"not_picked":["Eternal Feather","Lizard Tail"],"picked":"Inserter"}],"items_purged_floors":[],"is_endless":false,"potions_floor_spawned":[5,7,10,13,18,27,30,31],"killed_by":"Collector","ascension_level":16}