{"gold_per_floor":[112,131,206,206,135,135,150,170,170,170,180,194,214,243,243,344,344,361,80,91,105,119,119,154,173,200,219,234,253,272,304,304,408,408,426,426,526,539,554,554,571,571],"floor_reached":42,"playtime":3313,"items_purged":[],"score":457,"play_id":"e0a93cd8-27f6-4c80-bc29-776abdbe954c","local_time":"20181127221835","is_ascension_mode":false,"campfire_choices":[{"data":"Rip and Tear","floor":6,"key":"SMITH"},{"data":"Storm","floor":15,"key":"SMITH"},{"floor":23,"key":"REST"},{"floor":32,"key":"REST"},{"floor":40,"key":"REST"}],"neow_cost":"NONE","seed_source_timestamp":0,"circlet_count":0,"master_deck":["Strike_B","Strike_B","Strike_B","Strike_B","Defend_B","Defend_B","Defend_B","Defend_B","Zap","Dualcast","Double Energy","Rip and Tear+1","BootSequence","Ball Lightning","Dark Shackles","Storm+1","Conserve Battery","Hello World","Self Repair","Compile Driver","Echo Form","Go for the Eyes","Self Repair","Streamline","Beam Cell","Compile Driver+1","Self Repair","Rebound","Beam Cell","Redo+1","Defragment+1","Loop+1","Aggregate+1","Machine Learning","Static Discharge+1","Deep Breath+1","Steam Power+1","Leap+1","Compile Driver+1","Hologram+1"],"special_seed":0,"relics":["Cracked Core","NeowsBlessing","Bottled Lightning","Strawberry","Busted Crown","Toxic Egg 2","Meat on the Bone","Bronze Scales","Red Mask","Fusion Hammer","Nunchaku"],"potions_floor_usage":[16,16,33,42,42],"damage_taken":[{"damage":0.0,"enemies":"Cultist","floor":1.0,"turns":1.0},{"damage":0.0,"enemies":"2 Louse","floor":2.0,"turns":1.0},{"damage":0.0,"enemies":"Small Slimes","floor":5.0,"turns":1.0},{"damage":8,"enemies":"Gremlin Nob","floor":7,"turns":3},{"damage":0,"enemies":"Small Slimes","floor":8,"turns":2},{"damage":0,"enemies":"Gremlin Gang","floor":11,"turns":5},{"damage":1,"enemies":"Red Slaver","floor":12,"turns":4},{"damage":0,"enemies":"Looter","floor":13,"turns":2},{"damage":11,"enemies":"3 Sentries","floor":14,"turns":5},{"damage":60,"enemies":"Slime Boss","floor":16,"turns":8},{"damage":15,"enemies":"3 Byrds","floor":18,"turns":5},{"damage":22,"enemies":"Spheric Guardian","floor":20,"turns":4},{"damage":21,"enemies":"Centurion and Healer","floor":21,"turns":5},{"damage":26,"enemies":"Chosen and Byrds","floor":22,"turns":5},{"damage":25,"enemies":"Gremlin Leader","floor":24,"turns":8},{"damage":15,"enemies":"Snake Plant","floor":25,"turns":4},{"damage":19,"enemies":"Snecko","floor":27,"turns":5},{"damage":37,"enemies":"Centurion and Healer","floor":28,"turns":4},{"damage":29,"enemies":"3 Cultists","floor":29,"turns":4},{"damage":11,"enemies":"Snake Plant","floor":30,"turns":3},{"damage":19,"enemies":"Masked Bandits","floor":31,"turns":3},{"damage":55,"enemies":"Champ","floor":33,"turns":7},{"damage":37,"enemies":"3 Darklings","floor":35,"turns":5},{"damage":11,"enemies":"Mind Bloom Boss Battle","floor":37,"turns":5},{"damage":6,"enemies":"Orb Walker","floor":38,"turns":3},{"damage":33,"enemies":"Sphere and 2 Shapes","floor":39,"turns":4},{"damage":32,"enemies":"3 Darklings","floor":41,"turns":5},{"damage":64,"enemies":"Reptomancer","floor":42,"turns":3}],"seed_played":"3869571401356216150","potions_obtained":[{"floor":2.0,"key":"Swift Potion"},{"floor":11,"key":"Poison Potion"},{"floor":12,"key":"Fire Potion"},{"floor":13,"key":"AttackPotion"},{"floor":22,"key":"Regen Potion"},{"floor":25,"key":"Dexterity Potion"},{"floor":28,"key":"AttackPotion"},{"floor":30,"key":"Fire Potion"},{"floor":38,"key":"GamblersBrew"}],"is_trial":false,"path_per_floor":["M","M","?","?","M","$","R","E","M","T","?","M","M","M","E","R","B",null,"M","$","M","M","M","R","E","M","T","M","M","M","M","?","R","B",null,"M","?","?","M","M","R","M","E"],"character_chosen":"DEFECT","items_purchased":["Rip and Tear","Self Repair","Toxic Egg 2"],"campfire_rested":3,"item_purchase_floors":[5,19,19],"current_hp_per_floor":[75,75,64,69,69,69,61,61,61,61,61,60,60,63,63,10,82,74,74,59,52,47,71,60,73,73,82,59,63,59,59,82,74,82,66,66,62,77,51,75,64,0],"gold":571,"neow_bonus":"THREE_ENEMY_KILL","is_prod":false,"is_daily":false,"chose_seed":false,"campfire_upgraded":2,"win_rate":0.0,"timestamp":1543375115,"path_taken":["M","M","?","?","?","R","E","M","T","?","M","M","?","E","R","BOSS","M","?","M","M","M","R","E","?","T","M","M","M","M","?","R","BOSS","M","?","?","M","M","R","M","E"],"build_version":"2018-11-15","purchased_purges":0,"victory":false,"max_hp_per_floor":[75,75,75,75,75,75,75,75,75,75,75,75,75,82,82,82,82,82,82,82,82,82,82,82,82,82,82,82,82,82,82,82,82,82,82,82,82,82,82,82,82,82],"card_choices":[{"not_picked":["Consume","Barrage"],"picked":"Streamline","floor":1.0},{"not_picked":["Barrage","Gash"],"picked":"Double Energy","floor":2.0},{"not_picked":["Chill","Amplify"],"picked":"BootSequence","floor":7},{"not_picked":["Go for the Eyes","Rebound"],"picked":"Ball Lightning","floor":8},{"not_picked":["Barrage","Redo"],"picked":"Conserve Battery","floor":11},{"not_picked":["Glacier","Capacitor"],"picked":"Hello World","floor":12},{"not_picked":["Steam","Machine Learning"],"picked":"Self Repair","floor":13},{"not_picked":["Rip and Tear","Go for the Eyes"],"picked":"Compile Driver","floor":14},{"not_picked":["Reboot","Thunder Strike"],"picked":"Echo Form","floor":16},{"not_picked":[],"picked":"Go for the Eyes","floor":18},{"not_picked":[],"picked":"Streamline","floor":20},{"not_picked":[],"picked":"Beam Cell","floor":21},{"not_picked":[],"picked":"Compile Driver+1","floor":22},{"not_picked":[],"picked":"Self Repair","floor":24},{"not_picked":[],"picked":"Rebound","floor":25},{"not_picked":[],"picked":"Beam Cell","floor":27},{"not_picked":[],"picked":"Redo+1","floor":28},{"not_picked":[],"picked":"Defragment+1","floor":29},{"not_picked":[],"picked":"Loop+1","floor":30},{"not_picked":[],"picked":"Aggregate+1","floor":31},{"not_picked":[],"picked":"Machine Learning","floor":33},{"not_picked":[],"picked":"Static Discharge+1","floor":35},{"not_picked":[],"picked":"Deep Breath+1","floor":36},{"not_picked":[],"picked":"Steam Power+1","floor":37},{"not_picked":[],"picked":"Leap+1","floor":38},{"not_picked":[],"picked":"Compile Driver+1","floor":39},{"not_picked":[],"picked":"Hologram+1","floor":41}],"player_experience":111302,"relics_obtained":[{"floor":9,"key":"Bottled Lightning"},{"floor":14,"key":"Strawberry"},{"floor":24,"key":"Meat on the Bone"},{"floor":26,"key":"Bronze Scales"},{"floor":31,"key":"Red Mask"},{"floor":37,"key":"Nunchaku"}],"event_choices":[{"damage_healed":0.0,"max_hp_gain":0.0,"max_hp_loss":0.0,"gold_gain":75.0,"event_name":"World of Goop","player_choice":"Gather Gold","floor":3.0,"gold_loss":0.0,"damage_taken":11.0},{"cards_removed":["Streamline"],"damage_healed":5.0,"max_hp_gain":0.0,"max_hp_loss":0.0,"gold_gain":0.0,"event_name":"Bonfire Elementals","player_choice":"Offered Common","floor":4.0,"gold_loss":0.0,"damage_taken":0.0},{"cards_removed":["Streamline"],"damage_healed":5.0,"max_hp_gain":0.0,"max_hp_loss":0.0,"gold_gain":0.0,"event_name":"Bonfire Elementals","player_choice":"Offered Special","floor":4.0,"gold_loss":0.0,"damage_taken":0.0},{"damage_healed":0,"gold_gain":0,"player_choice":"2 cards matched","damage_taken":0,"max_hp_gain":0,"max_hp_loss":0,"event_name":"Match and Keep!","floor":10,"gold_loss":0,"cards_obtained":["Dark Shackles","Storm"]},{"damage_healed":0,"gold_gain":0,"player_choice":"Fought Bandits","damage_taken":0,"max_hp_gain":0,"max_hp_loss":0,"event_name":"Masked Bandits","floor":31,"gold_loss":0},{"damage_healed":0,"gold_gain":0,"player_choice":"Memory 1","damage_taken":0,"max_hp_gain":0,"max_hp_loss":0,"event_name":"SensoryStone","floor":36,"gold_loss":0},{"damage_healed":0,"gold_gain":0,"player_choice":"Fight","damage_taken":0,"max_hp_gain":0,"max_hp_loss":0,"event_name":"MindBloom","floor":37,"gold_loss":0}],"is_beta":false,"boss_relics":[{"not_picked":["Snecko Eye","Runic Dome"],"picked":"Busted Crown"},{"not_picked":["Sozu","Coffee Dripper"],"picked":"Fusion Hammer"}],"items_purged_floors":[],"is_endless":false,"potions_floor_spawned":[2,11,12,13,14,22,25,27,28,30,31,38,41],"killed_by":"Reptomancer","ascension_level":0}