{"path_per_floor":["M","$","M","$","M","R","E","?","T","R","M","R","?","E","R","B",null,"M","M","?","?"],"character_chosen":"DEFECT","items_purchased":["Cold Snap"],"gold_per_floor":[116,93,112,112,124,124,157,185,185,185,198,198,198,223,223,326,326,337,356,356,316,316],"floor_reached":22,"campfire_rested":0,"playtime":1177,"item_purchase_floors":[2],"current_hp_per_floor":[74,74,74,74,65,65,55,57,57,57,50,50,55,38,38,36,80,48,35,19,19,19],"items_purged":[],"gold":316,"score":211,"play_id":"9743837a-e883-4d8b-a043-49406bb57267","local_time":"20180619154538","is_prod":false,"is_daily":false,"chose_seed":false,"is_ascension_mode":true,"campfire_upgraded":4,"win_rate":0,"timestamp":1529448338,"campfire_choices":[{"data":"Barrage","floor":6,"key":"SMITH"},{"data":"Hologram","floor":10,"key":"SMITH"},{"data":"Rebound","floor":12,"key":"SMITH"},{"data":"Go for the Eyes","floor":15,"key":"SMITH"}],"path_taken":["M","?","M","$","M","R","E","?","T","R","M","R","?","E","R","BOSS","M","M","?","?","M"],"build_version":"2018-06-14v2","seed_source_timestamp":510447183820372,"purchased_purges":0,"victory":false,"master_deck":["Strike_B","Strike_B","Strike_B","Strike_B","Defend_B","Defend_B","Defend_B","Defend_B","Zap","Dualcast","Rebound+1","Cold Snap","Barrage+1","Chaos","Hologram+1","Compile Driver","Reinforced Body","Go for the Eyes+1","Streamline","FTL"],"max_hp_per_floor":[75,75,75,75,75,75,75,75,75,75,75,75,80,80,80,80,80,80,80,80,80,80],"relics":["Cracked Core","Potion Belt","Emotion Chip","Odd Mushroom","Torii","Pen Nib","Eternal Feather"],"card_choices":[{"not_picked":["Static Discharge","Stack"],"picked":"Rebound","floor":1},{"not_picked":["Sweeping Beam","Leap"],"picked":"Barrage","floor":3},{"not_picked":["Rebound","Loop"],"picked":"Chaos","floor":5},{"not_picked":["Rip and Tear","Reinforced Body"],"picked":"Hologram","floor":7},{"not_picked":["Rip and Tear","Chill"],"picked":"Compile Driver","floor":8},{"not_picked":["Double Energy","Barrage"],"picked":"Reinforced Body","floor":11},{"not_picked":["Sweeping Beam","Hello World"],"picked":"Go for the Eyes","floor":14},{"not_picked":["Static Discharge","Leap"],"picked":"Streamline","floor":18},{"not_picked":["Steam","Fusion"],"picked":"FTL","floor":19}],"player_experience":899635,"potions_floor_usage":[8,14,16],"damage_taken":[{"damage":1,"enemies":"Cultist","floor":1,"turns":4},{"damage":0,"enemies":"Small Slimes","floor":3,"turns":3},{"damage":9,"enemies":"Jaw Worm","floor":5,"turns":3},{"damage":10,"enemies":"3 Sentries","floor":7,"turns":5},{"damage":7,"floor":8,"turns":4},{"damage":7,"enemies":"2 Fungi Beasts","floor":11,"turns":2},{"damage":17,"enemies":"Lagavulin","floor":14,"turns":6},{"damage":2,"enemies":"Hexaghost","floor":16,"turns":9},{"damage":32,"enemies":"Spheric Guardian","floor":18,"turns":6},{"damage":13,"enemies":"3 Byrds","floor":19,"turns":5},{"damage":0,"enemies":"Cultist and Chosen","floor":22,"turns":1}],"relics_obtained":[{"floor":7,"key":"Emotion Chip"},{"floor":8,"key":"Odd Mushroom"},{"floor":9,"key":"Torii"},{"floor":14,"key":"Pen Nib"}],"event_choices":[{"event_name":"Mushrooms","player_choice":"Fought Mushrooms","floor":8,"damage_taken":0},{"event_name":"Big Fish","player_choice":"Donut","floor":13,"damage_taken":0},{"event_name":"Cursed Tome","player_choice":"Obtained Book","floor":20,"damage_taken":0},{"event_name":"The Woman in Blue","player_choice":"Bought 3 Potions","floor":21,"damage_taken":0}],"boss_relics":[{"not_picked":["Pandora\u0027s Box","Runic Dome"],"picked":"Eternal Feather"}],"items_purged_floors":[],"is_endless":false,"potions_floor_spawned":[1,3,11,19],"seed_played":"-2707529615857683800","killed_by":"Cultist and Chosen","ascension_level":2,"potions_obtained":[{"floor":1,"key":"Poison Potion"},{"floor":3,"key":"Regen Potion"},{"floor":11,"key":"AttackPotion"},{"floor":19,"key":"LiquidBronze"},{"floor":21,"key":"SneckoOil"},{"floor":21,"key":"Swift Potion"},{"floor":21,"key":"Explosive Potion"}],"is_trial":false}