{"path_per_floor":["M","?","$","M","M","E","$","R","T","M","M","T","?","?","R","B",null,"M","?","$","M","?","R","E","$","T","R","T","R","$","M","R"],"character_chosen":"IRONCLAD","items_purchased":["Perfected Strike","Turnip","Bag of Preparation","Bandage Up"],"gold_per_floor":[115,115,115,128,142,201,154,154,202,217,236,236,411,486,486,583,613,600,523,60,80,80,80,108,6,52,52,52,52,52,68,68,68],"floor_reached":33,"campfire_rested":6,"playtime":1183,"item_purchase_floors":[7,20,20,25],"current_hp_per_floor":[86,91,91,90,77,28,28,55,55,51,44,44,44,33,60,19,80,63,63,63,29,29,59,17,17,17,48,48,79,79,37,69,0],"items_purged":[],"gold":68,"score":351,"play_id":"6d171c6c-df31-4282-9b54-5bfb1e841d74","local_time":"20180604205352","is_prod":false,"is_daily":false,"chose_seed":false,"is_ascension_mode":true,"campfire_upgraded":0,"win_rate":0,"timestamp":1528138432,"campfire_choices":[{"floor":8,"key":"REST"},{"floor":15,"key":"REST"},{"floor":23,"key":"REST"},{"floor":27,"key":"REST"},{"floor":29,"key":"REST"},{"floor":32,"key":"REST"}],"path_taken":["M","?","$","M","M","E","$","R","T","?","M","?","?","?","R","BOSS","M","?","?","M","?","R","E","$","T","R","?","R","?","?","R","BOSS"],"build_version":"2018-05-30v2","seed_source_timestamp":810341082485,"purchased_purges":0,"victory":false,"master_deck":["Strike_R","Strike_R","Strike_R","Strike_R","Strike_R","Defend_R","Defend_R","Defend_R","Defend_R+1","Bash","Evolve","Shrug It Off","Inflame","Twin Strike","Perfected Strike","Infernal Blade","Berserk","Feed","Headbutt","Perfected Strike","J.A.X.","Evolve","Offering","Heavy Blade+1","Bandage Up","Intimidate+1"],"max_hp_per_floor":[88,93,93,93,93,93,93,93,93,93,93,93,93,93,93,93,98,98,98,98,101,101,101,104,104,104,104,104,104,104,107,107,107],"relics":["Burning Blood","Tiny Chest","Omamori","Art of War","Tiny House","Turnip","Bag of Preparation","Anchor","Ancient Tea Set","The Courier"],"card_choices":[{"not_picked":["Warcry","Havoc"],"picked":"Evolve","floor":1},{"not_picked":["Intimidate","Wild Strike"],"picked":"Shrug It Off","floor":4},{"not_picked":["Shrug It Off","Second Wind"],"picked":"Inflame","floor":5},{"not_picked":["Blood for Blood","Combust"],"picked":"Twin Strike","floor":6},{"not_picked":["Whirlwind","Pommel Strike"],"picked":"Infernal Blade","floor":10},{"not_picked":["Wild Strike","Combust"],"picked":"Berserk","floor":11},{"not_picked":["Barricade","Immolate"],"picked":"Feed","floor":16},{"not_picked":["Feel No Pain","Sentinel"],"picked":"Headbutt","floor":17},{"not_picked":["True Grit","Body Slam+1"],"picked":"Perfected Strike","floor":18},{"not_picked":["Feel No Pain","Whirlwind","Body Slam"],"picked":"SKIP","floor":21},{"not_picked":["Havoc+1","Clash+1"],"picked":"Heavy Blade+1","floor":24},{"not_picked":["Sword Boomerang","Cleave"],"picked":"Intimidate+1","floor":31}],"player_experience":214925,"potions_floor_usage":[11,11,16,18,24,24],"damage_taken":[{"damage":8,"enemies":"Jaw Worm","floor":1,"turns":4},{"damage":7,"enemies":"2 Louse","floor":4,"turns":4},{"damage":19,"enemies":"Cultist","floor":5,"turns":6},{"damage":55,"enemies":"Lagavulin","floor":6,"turns":6},{"damage":10,"enemies":"Exordium Thugs","floor":10,"turns":4},{"damage":13,"enemies":"Large Slime","floor":11,"turns":5},{"damage":47,"enemies":"Slime Boss","floor":16,"turns":10},{"damage":23,"enemies":"2 Thieves","floor":18,"turns":4},{"damage":43,"enemies":"3 Byrds","floor":21,"turns":7},{"damage":51,"enemies":"Slavers","floor":24,"turns":4},{"damage":55,"enemies":"Sentry and Sphere","floor":31,"turns":7},{"damage":105,"enemies":"Champ","floor":33,"turns":9}],"relics_obtained":[{"floor":6,"key":"Tiny Chest"},{"floor":9,"key":"Omamori"},{"floor":12,"key":"Art of War"},{"floor":24,"key":"Anchor"},{"floor":26,"key":"Ancient Tea Set"},{"floor":28,"key":"The Courier"}],"event_choices":[{"event_name":"Big Fish","player_choice":"Donut","floor":2,"damage_taken":0},{"event_name":"Liars Game","player_choice":"agreed","floor":13,"damage_taken":0},{"event_name":"World of Goop","player_choice":"Gather Gold","floor":14,"damage_taken":0},{"event_name":"Drug Dealer","player_choice":"Got JAXXED","floor":19,"damage_taken":0},{"event_name":"Match and Keep!","player_choice":"2 cards matched","floor":22,"damage_taken":0}],"boss_relics":[{"not_picked":["Orrery","Calling Bell"],"picked":"Tiny House"}],"items_purged_floors":[],"potions_floor_spawned":[4,5,11,16,18,21],"seed_played":"2273294592758814427","killed_by":"Champ","ascension_level":5,"potions_obtained":[{"floor":4,"key":"FearPotion"},{"floor":5,"key":"EssenceOfSteel"},{"floor":11,"key":"Strength Potion"},{"floor":16,"key":"PowerPotion"},{"floor":17,"key":"FairyPotion"},{"floor":18,"key":"Strength Potion"},{"floor":21,"key":"Explosive Potion"}],"is_trial":false}