{"gold_per_floor":[114,10,10,10,27,59,59,72,99,116,133,123,156,156,156,235,235,245,245,264,284,46,77,77,77,104,54,104,54,54,64,64,140,140,154,154,172,172,188,188,62,62,111,122,122,122,133,180,180,180],"floor_reached":51,"playtime":2288,"items_purged":["Defend_G","Bite","Defend_G"],"score":1188,"play_id":"6a2b3e64-5433-4a92-96c0-5cd44cf00e84","local_time":"20181008223938","is_ascension_mode":true,"campfire_choices":[{"data":"Footwork","floor":7,"key":"SMITH"},{"data":"Neutralize","floor":15,"key":"SMITH"},{"data":"Leg Sweep","floor":25,"key":"SMITH"},{"data":"Cloak And Dagger","floor":32,"key":"SMITH"},{"data":"Cloak And Dagger","floor":40,"key":"SMITH"},{"data":"Accuracy","floor":42,"key":"SMITH"},{"data":"Cloak And Dagger","floor":46,"key":"SMITH"},{"data":"Backflip","floor":49,"key":"SMITH"}],"neow_cost":"NONE","seed_source_timestamp":225255290295994,"circlet_count":0,"master_deck":["Defend_G","Defend_G","Survivor","Neutralize+1","AscendersBane","Footwork+1","Bandage Up","Flying Knee","Cloak And Dagger+1","Dagger Throw","Noxious Fumes+1","Caltrops","Die Die Die","Bite","Bite","Bite","After Image","Cloak And Dagger+1","Leg Sweep+1","Dash+1","Backflip+1","Accuracy+1","Writhe","Backflip+1","Cloak And Dagger+1","Backflip+1"],"relics":["Ring of the Snake","NeowsBlessing","Oddly Smooth Stone","Potion Belt","Juzu Bracelet","WristBlade","Mummified Hand","Smiling Mask","FaceOfCleric","Dream Catcher","Cursed Key","Blood Vial","Turnip","Mango"],"potions_floor_usage":[16,21,23,31,33,33,50,50],"damage_taken":[{"damage":0,"enemies":"2 Louse","floor":1,"turns":1},{"damage":0,"enemies":"Cultist","floor":5,"turns":1},{"damage":0,"enemies":"3 Sentries","floor":6,"turns":1},{"damage":0,"enemies":"Small Slimes","floor":8,"turns":4},{"damage":14,"enemies":"3 Louse","floor":10,"turns":5},{"damage":0,"enemies":"Blue Slaver","floor":11,"turns":4},{"damage":13,"enemies":"Exordium Thugs","floor":12,"turns":4},{"damage":12,"enemies":"Lagavulin","floor":13,"turns":10},{"damage":20,"enemies":"The Guardian","floor":16,"turns":12},{"damage":18,"enemies":"Spheric Guardian","floor":18,"turns":6},{"damage":17,"enemies":"3 Byrds","floor":20,"turns":8},{"damage":29,"enemies":"Snecko","floor":21,"turns":7},{"damage":15,"enemies":"Gremlin Leader","floor":23,"turns":9},{"damage":11,"enemies":"3 Cultists","floor":31,"turns":7},{"damage":47,"enemies":"Champ","floor":33,"turns":19},{"damage":0,"enemies":"3 Shapes","floor":35,"turns":4},{"damage":29,"enemies":"3 Darklings","floor":37,"turns":6},{"damage":21,"enemies":"Transient","floor":39,"turns":5},{"damage":33,"enemies":"4 Shapes","floor":44,"turns":7},{"damage":0,"enemies":"Mind Bloom Boss Battle","floor":45,"turns":17},{"damage":4,"enemies":"Maw","floor":47,"turns":9},{"damage":8,"enemies":"Mysterious Sphere","floor":48,"turns":8},{"damage":27,"enemies":"Awakened One","floor":50,"turns":16}],"seed_played":"-7587616776188458582","potions_obtained":[{"floor":1,"key":"Regen Potion"},{"floor":10,"key":"Energy Potion"},{"floor":13,"key":"AttackPotion"},{"floor":18,"key":"Strength Potion"},{"floor":21,"key":"Dexterity Potion"},{"floor":31,"key":"Dexterity Potion"},{"floor":44,"key":"Block Potion"},{"floor":45,"key":"PowerPotion"}],"is_trial":false,"path_per_floor":["M","$","?","$","M","E","R","M","T","M","M","M","E","?","R","B",null,"M","?","M","M","$","E","?","R","T","$","?","$","?","M","R","B",null,"M","?","M","?","M","R","$","R","T","M","?","R","M","?","R","B"],"character_chosen":"THE_SILENT","items_purchased":["Bandage Up","Mummified Hand","Accuracy"],"campfire_rested":0,"item_purchase_floors":[2,22,41],"current_hp_per_floor":[59,59,59,59,59,59,59,63,63,52,56,47,39,39,39,23,55,41,41,42,29,29,38,38,38,38,38,38,38,20,30,30,19,41,49,49,29,29,23,23,23,23,23,14,45,45,54,69,69,49],"gold":180,"neow_bonus":"THREE_ENEMY_KILL","is_prod":false,"is_daily":false,"chose_seed":false,"campfire_upgraded":8,"win_rate":0,"timestamp":1539063578,"path_taken":["M","$","?","?","M","E","R","M","T","M","M","?","E","?","R","BOSS","M","?","M","M","$","E","?","R","T","$","?","?","?","M","R","BOSS","M","?","M","?","M","R","$","R","T","M","?","R","M","?","R","BOSS"],"build_version":"2018-10-04","purchased_purges":3,"victory":true,"max_hp_per_floor":[66,66,66,66,66,66,66,66,66,66,66,66,66,66,66,66,66,66,46,46,46,46,46,46,46,46,46,46,46,46,47,47,48,48,49,49,50,50,51,51,51,51,51,52,53,53,54,69,69,70],"card_choices":[{"not_picked":["Tactician","Endless Agony"],"picked":"Footwork","floor":1},{"not_picked":["Deadly Poison","Eviscerate"],"picked":"Flying Knee","floor":5},{"not_picked":["Phantasmal Killer","Concentrate"],"picked":"Cloak And Dagger","floor":6},{"not_picked":["Predator","Poisoned Stab","Deflect"],"picked":"SKIP","floor":8},{"not_picked":["Endless Agony","Dodge and Roll"],"picked":"Dagger Throw","floor":10},{"not_picked":["Expertise","Leg Sweep"],"picked":"Noxious Fumes","floor":11},{"not_picked":["Envenom","Outmaneuver","Acrobatics"],"picked":"SKIP","floor":12},{"not_picked":["Endless Agony","Poisoned Stab"],"picked":"Caltrops","floor":13},{"not_picked":["Glass Knife","Venomology"],"picked":"Die Die Die","floor":16},{"not_picked":["Deflect","Prepared","Bane"],"picked":"SKIP","floor":18},{"not_picked":["Sucker Punch","Flechettes"],"picked":"After Image","floor":20},{"not_picked":["Catalyst","All Out Attack"],"picked":"Cloak And Dagger","floor":21},{"not_picked":["Concentrate+1","Deflect"],"picked":"Leg Sweep","floor":23},{"not_picked":["Slice","Sucker Punch","Choke"],"picked":"SKIP","floor":31},{"not_picked":["Acrobatics","Slice"],"picked":"Dash+1","floor":35},{"not_picked":["Dagger Throw","Prepared","Quick Slash"],"picked":"SKIP","floor":37},{"not_picked":["Masterful Stab","Blade Dance"],"picked":"Backflip+1","floor":39},{"not_picked":["Outmaneuver","Dodge and Roll"],"picked":"Backflip","floor":44},{"not_picked":["Dagger Spray","Dagger Throw"],"picked":"Cloak And Dagger","floor":45},{"not_picked":["Prepared","Dagger Spray"],"picked":"Backflip+1","floor":47}],"player_experience":862572,"relics_obtained":[{"floor":6,"key":"Oddly Smooth Stone"},{"floor":9,"key":"Potion Belt"},{"floor":13,"key":"Juzu Bracelet"},{"floor":23,"key":"Smiling Mask"},{"floor":26,"key":"Dream Catcher"},{"floor":43,"key":"Blood Vial"},{"floor":45,"key":"Turnip"},{"floor":48,"key":"Mango"}],"event_choices":[{"event_name":"Bonfire Elementals","player_choice":"BASIC","floor":3,"damage_taken":0},{"event_name":"Living Wall","player_choice":"Grow","floor":14,"damage_taken":0},{"event_name":"Vampires","player_choice":"Became a vampire","floor":19,"damage_taken":0},{"event_name":"FaceTrader","player_choice":"Trade","floor":24,"damage_taken":0},{"event_name":"Nest","player_choice":"Stole From Cult","floor":28,"damage_taken":0},{"event_name":"Knowing Skull","player_choice":"POTION POTION ","floor":30,"damage_taken":0},{"event_name":"Tomb of Lord Red Mask","player_choice":"Ignored","floor":36,"damage_taken":0},{"event_name":"Falling","player_choice":"Removed Attack","floor":38,"damage_taken":0},{"event_name":"MindBloom","player_choice":"Fight","floor":45,"damage_taken":0},{"event_name":"Mysterious Sphere","player_choice":"Fight","floor":48,"damage_taken":0}],"is_beta":true,"boss_relics":[{"not_picked":["Snecko Eye","Velvet Choker"],"picked":"WristBlade"},{"not_picked":["Ring of the Serpent","Astrolabe"],"picked":"Cursed Key"}],"items_purged_floors":[27,29,41],"is_endless":false,"potions_floor_spawned":[1,10,13,18,21,31,44,45],"ascension_level":15}