{"gold_per_floor":[117,42,42,62,81,81,101,136,136,136,163,13,13,13,13,13],"floor_reached":16,"playtime":1161,"items_purged":["Strike_B"],"score":194,"play_id":"5b60bf77-f037-43d3-a90f-22f4dca119fa","local_time":"20181120173237","is_ascension_mode":true,"campfire_choices":[{"data":"Go for the Eyes","floor":6,"key":"SMITH"},{"floor":10,"key":"REST"},{"data":"Coolheaded","floor":15,"key":"SMITH"}],"neow_cost":"NONE","seed_source_timestamp":36485762325696,"circlet_count":0,"master_deck":["AscendersBane","Defend_B","Defend_B","Defend_B","Defend_B","Zap","Dualcast","Coolheaded+1","Ball Lightning","Go for the Eyes+1","Conserve Battery","Go for the Eyes","Loop+1","Redo"],"relics":["Cracked Core","Strawberry","Frozen Egg 2","Shuriken"],"potions_floor_usage":[8],"damage_taken":[{"damage":8,"enemies":"Jaw Worm","floor":1,"turns":4},{"damage":3,"enemies":"2 Louse","floor":4,"turns":5},{"damage":6,"enemies":"Small Slimes","floor":5,"turns":4},{"damage":10,"enemies":"Gremlin Gang","floor":7,"turns":6},{"damage":26,"enemies":"3 Sentries","floor":8,"turns":8},{"damage":6,"enemies":"Lagavulin","floor":11,"turns":6},{"damage":35,"enemies":"Slime Boss","floor":16,"turns":10}],"seed_played":"-9106780966164776731","potions_obtained":[{"floor":5,"key":"GamblersBrew"}],"is_trial":false,"path_per_floor":["M","?","?","M","M","R","M","E","T","R","E","$","?","?","R","B"],"character_chosen":"DEFECT","items_purchased":["Loop+1"],"campfire_rested":1,"item_purchase_floors":[12],"current_hp_per_floor":[56,56,49,46,40,40,30,11,11,34,28,28,33,33,33,0],"gold":13,"neow_bonus":"REMOVE_CARD","is_prod":false,"is_daily":false,"chose_seed":false,"campfire_upgraded":2,"win_rate":0,"timestamp":1542695557,"path_taken":["M","?","?","M","M","R","M","E","T","R","E","$","?","?","R","BOSS"],"build_version":"2018-11-15","purchased_purges":1,"victory":false,"max_hp_per_floor":[71,71,71,71,71,71,71,78,78,78,78,78,83,83,83,83],"card_choices":[{"not_picked":["Stack","Tempest"],"picked":"Coolheaded","floor":1},{"not_picked":["Cold Snap","Darkness"],"picked":"Ball Lightning","floor":4},{"not_picked":["Self Repair","Recycle"],"picked":"Go for the Eyes","floor":5},{"not_picked":["Tempest","Static Discharge","Chaos"],"picked":"SKIP","floor":7},{"not_picked":["Rebound","Undo"],"picked":"Conserve Battery","floor":8},{"not_picked":["Barrage","White Noise"],"picked":"Go for the Eyes","floor":11}],"player_experience":899044,"relics_obtained":[{"floor":8,"key":"Strawberry"},{"floor":9,"key":"Frozen Egg 2"},{"floor":11,"key":"Shuriken"}],"event_choices":[{"cards_removed":["Strike_B"],"damage_healed":0,"gold_gain":0,"player_choice":"Card Removal","damage_taken":0,"max_hp_gain":0,"max_hp_loss":0,"event_name":"The Cleric","floor":2,"gold_loss":75},{"cards_removed":["Strike_B"],"damage_healed":0,"gold_gain":0,"player_choice":"Card Removal","damage_taken":7,"max_hp_gain":0,"max_hp_loss":0,"event_name":"Golden Wing","floor":3,"gold_loss":0},{"damage_healed":0,"gold_gain":0,"player_choice":"Donut","damage_taken":0,"max_hp_gain":5,"max_hp_loss":0,"event_name":"Big Fish","floor":13,"gold_loss":0},{"damage_healed":0,"gold_gain":0,"player_choice":"1 cards matched","damage_taken":0,"max_hp_gain":0,"max_hp_loss":0,"event_name":"Match and Keep!","floor":14,"gold_loss":0,"cards_obtained":["Redo"]}],"is_beta":true,"boss_relics":[],"items_purged_floors":[12],"is_endless":false,"potions_floor_spawned":[5],"killed_by":"Slime Boss","ascension_level":16}