{"gold_per_floor":[214,164,182,70,70,98,112,146,146,164,164,198,198,225,225,327,327,337,350,361,43,63,63,91,91,167,201,212,212,228,228,228,326,326,343,443,184,184,229,255,255,272,295,295,305,334,334,361,373,385],"floor_reached":51,"playtime":4087,"items_purged":["Strike_G"],"score":1190,"play_id":"d10831ab-9303-4f57-963f-bd5bdecbdd32","local_time":"20190207151410","is_ascension_mode":true,"campfire_choices":[{"floor":11,"key":"REST"},{"data":"Noxious Fumes","floor":15,"key":"SMITH"},{"floor":23,"key":"REST"},{"floor":29,"key":"REST"},{"data":"Catalyst","floor":32,"key":"SMITH"},{"floor":41,"key":"REST"},{"floor":44,"key":"REST"},{"data":"Doppelganger","floor":47,"key":"SMITH"},{"data":"Footwork","floor":49,"key":"SMITH"}],"neow_cost":"NONE","seed_source_timestamp":2331179822158260,"circlet_count":0,"master_deck":["Defend_G","Defend_G","Defend_G","Defend_G","Defend_G","Strike_G","Strike_G","Strike_G","Survivor","Neutralize","Dagger Spray","Dash","Blur","Noxious Fumes+1","Backflip","Choke","Quick Slash","Deadly Poison","Crippling Poison","Doppelganger+1","Catalyst+1","Deflect","Underhanded Strike","Footwork","Venomology","Dodge and Roll+1","Leg Sweep+1","Outmaneuver","Deadly Poison","Footwork+1","Madness","Madness","Outmaneuver","Deadly Poison+1","Blade Dance+1","Underhanded Strike"],"relics":["Ring of the Snake","Unceasing Top","Turnip","Ninja Scroll","Incense Burner","Anchor","Regal Pillow","Runic Pyramid","Bottled Tornado","Oddly Smooth Stone","Mercury Hourglass","Orichalcum","MutagenicStrength","HoveringKite","WingedGreaves","Snake Skull","Calipers","Letter Opener","Happy Flower","Pen Nib","MawBank"],"potions_floor_usage":[8,8,10,20,24,27,30,33,33,36,39,39,40,46,48,50,50,50,50],"damage_taken":[{"damage":0,"enemies":"Small Slimes","floor":1,"turns":3},{"damage":7,"enemies":"Jaw Worm","floor":3,"turns":5},{"damage":19,"enemies":"3 Sentries","floor":6,"turns":7},{"damage":0,"enemies":"2 Louse","floor":7,"turns":4},{"damage":6,"enemies":"Lagavulin","floor":8,"turns":9},{"damage":8,"enemies":"Lots of Slimes","floor":10,"turns":2},{"damage":11,"enemies":"Gremlin Nob","floor":12,"turns":5},{"damage":9,"enemies":"3 Sentries","floor":14,"turns":7},{"damage":11,"enemies":"Slime Boss","floor":16,"turns":10},{"damage":2,"enemies":"Shell Parasite","floor":18,"turns":7},{"damage":16,"enemies":"2 Thieves","floor":19,"turns":4},{"damage":14,"enemies":"Cultist and Chosen","floor":20,"turns":5},{"damage":27,"enemies":"Snecko","floor":22,"turns":7},{"damage":20,"enemies":"Slavers","floor":24,"turns":5},{"damage":1,"enemies":"Gremlin Leader","floor":27,"turns":7},{"damage":4,"enemies":"Centurion and Healer","floor":28,"turns":6},{"damage":0,"enemies":"Cultist and Chosen","floor":30,"turns":6},{"damage":13,"enemies":"Collector","floor":33,"turns":10},{"damage":0,"enemies":"Orb Walker","floor":35,"turns":3},{"damage":0,"enemies":"Mind Bloom Boss Battle","floor":36,"turns":5},{"damage":41,"enemies":"2 Orb Walkers","floor":39,"turns":5},{"damage":24,"enemies":"Reptomancer","floor":40,"turns":7},{"damage":0,"enemies":"3 Shapes","floor":42,"turns":3},{"damage":10,"enemies":"Transient","floor":45,"turns":5},{"damage":0,"enemies":"Giant Head","floor":46,"turns":7},{"damage":0,"enemies":"Nemesis","floor":48,"turns":7},{"damage":45,"enemies":"Time Eater","floor":50,"turns":12}],"seed_played":"4620552431115320700","potions_obtained":[{"floor":3,"key":"FearPotion"},{"floor":6,"key":"EssenceOfSteel"},{"floor":8,"key":"Strength Potion"},{"floor":10,"key":"Explosive Potion"},{"floor":22,"key":"LiquidBronze"},{"floor":27,"key":"Fruit Juice"},{"floor":28,"key":"Swift Potion"},{"floor":33,"key":"Energy Potion"},{"floor":42,"key":"SteroidPotion"},{"floor":48,"key":"LiquidBronze"}],"is_trial":false,"path_per_floor":["M","?","M","$","?","E","M","E","T","M","R","E","?","E","R","B",null,"M","M","M","$","M","R","E","?","T","E","M","R","M","?","R","B",null,"M","?","$","?","?","E","R","M","T","R","M","E","R","E","R","B",null],"character_chosen":"THE_SILENT","items_purchased":["Blur","Noxious Fumes","Footwork","Bottled Tornado","Snake Skull","Footwork"],"campfire_rested":5,"item_purchase_floors":[4,4,21,21,37,37],"current_hp_per_floor":[63,63,56,56,44,25,25,19,19,11,32,21,80,71,71,60,75,73,57,43,43,16,55,35,35,35,39,35,75,75,75,75,62,79,79,79,79,68,27,3,43,43,43,83,73,73,73,85,85,40],"gold":397,"neow_bonus":"HUNDRED_GOLD","is_prod":false,"is_daily":false,"chose_seed":false,"campfire_upgraded":4,"win_rate":0,"timestamp":1549512850,"path_taken":["M","?","M","$","?","E","M","E","T","M","R","E","?","E","R","BOSS","M","M","M","$","?","R","E","?","T","E","M","R","M","?","R","BOSS","M","?","$","?","?","E","R","M","T","R","M","E","R","E","R","BOSS"],"build_version":"2019-01-23","purchased_purges":1,"victory":true,"max_hp_per_floor":[70,70,70,70,70,70,70,70,70,70,70,70,80,80,80,80,80,80,80,80,80,80,80,80,80,80,85,85,85,85,85,85,85,85,85,85,85,85,85,85,85,85,85,85,85,85,85,85,85,85],"card_choices":[{"not_picked":["Expertise","Poisoned Stab"],"picked":"Dagger Spray","floor":1},{"not_picked":["Quick Slash","Concentrate"],"picked":"Dash","floor":3},{"not_picked":["Quick Slash","Deflect"],"picked":"Backflip","floor":6},{"not_picked":["Prepared","Flying Knee"],"picked":"Choke","floor":7},{"not_picked":["All Out Attack","Outmaneuver"],"picked":"Corpse Explosion","floor":8},{"not_picked":["Outmaneuver","Prepared"],"picked":"Quick Slash","floor":10},{"not_picked":["Endless Agony","Dagger Throw"],"picked":"Deadly Poison","floor":12},{"not_picked":["Adrenaline","Acrobatics"],"picked":"Crippling Poison","floor":14},{"not_picked":["Bullet Time","Wraith Form v2"],"picked":"Doppelganger","floor":16},{"not_picked":["Outmaneuver","Underhanded Strike"],"picked":"Catalyst","floor":18},{"not_picked":["Quick Slash","Prepared"],"picked":"Deflect","floor":19},{"not_picked":["Deflect+1","Blade Dance+1"],"picked":"Underhanded Strike","floor":20},{"not_picked":["Endless Agony","Dagger Spray","Terror"],"picked":"SKIP","floor":22},{"not_picked":["Leg Sweep","Dodge and Roll"],"picked":"Venomology","floor":24},{"not_picked":["Masterful Stab+1","Deflect"],"picked":"Dodge and Roll+1","floor":27},{"not_picked":["Underhanded Strike+1","Backflip"],"picked":"Leg Sweep+1","floor":28},{"not_picked":["Flying Knee","Quick Slash"],"picked":"Outmaneuver","floor":30},{"not_picked":["Accuracy","Backstab"],"picked":"Deadly Poison","floor":35},{"not_picked":["Bane","Deadly Poison"],"picked":"Outmaneuver","floor":39},{"not_picked":["Reflex","Calculated Gamble"],"picked":"Deadly Poison+1","floor":40},{"not_picked":["Flying Knee","Tools of the Trade","Outmaneuver"],"picked":"SKIP","floor":42},{"not_picked":["Poisoned Stab","Distraction+1","Backflip+1"],"picked":"SKIP","floor":45},{"not_picked":["Bane","Dash"],"picked":"Blade Dance+1","floor":46},{"not_picked":["Deadly Poison+1","Eviscerate"],"picked":"Underhanded Strike","floor":48}],"player_experience":296364,"relics_obtained":[{"floor":6,"key":"Turnip"},{"floor":8,"key":"Ninja Scroll"},{"floor":9,"key":"Incense Burner"},{"floor":12,"key":"Anchor"},{"floor":14,"key":"Regal Pillow"},{"floor":24,"key":"Oddly Smooth Stone"},{"floor":26,"key":"Mercury Hourglass"},{"floor":27,"key":"Orichalcum"},{"floor":36,"key":"WingedGreaves"},{"floor":39,"key":"Calipers"},{"floor":40,"key":"Letter Opener"},{"floor":43,"key":"Happy Flower"},{"floor":46,"key":"Pen Nib"},{"floor":48,"key":"MawBank"}],"event_choices":[{"cards_removed":["Strike_G"],"damage_healed":0,"gold_gain":0,"player_choice":"Card Removal","damage_taken":0,"max_hp_gain":0,"max_hp_loss":0,"event_name":"The Cleric","floor":2,"gold_loss":50},{"damage_healed":0,"gold_gain":0,"player_choice":"Success","damage_taken":12,"relics_obtained":["Unceasing Top"],"max_hp_gain":0,"max_hp_loss":0,"event_name":"Scrap Ooze","floor":5,"gold_loss":0},{"cards_removed":["Corpse Explosion"],"damage_healed":49,"gold_gain":0,"player_choice":"Offered Rare","damage_taken":0,"max_hp_gain":10,"max_hp_loss":0,"event_name":"Bonfire Elementals","floor":13,"gold_loss":0},{"damage_healed":0,"gold_gain":0,"player_choice":"Ignored","damage_taken":0,"max_hp_gain":0,"max_hp_loss":0,"event_name":"Vampires","floor":25,"gold_loss":0},{"damage_healed":0,"gold_gain":0,"player_choice":"Inject Mutagens","damage_taken":0,"relics_obtained":["MutagenicStrength"],"max_hp_gain":0,"max_hp_loss":0,"event_name":"Drug Dealer","floor":31,"gold_loss":0},{"damage_healed":0,"gold_gain":0,"player_choice":"Fight","damage_taken":0,"max_hp_gain":0,"max_hp_loss":0,"event_name":"MindBloom","floor":36,"gold_loss":0},{"damage_healed":0,"gold_gain":0,"player_choice":"Embrace Madness","damage_taken":11,"max_hp_gain":0,"max_hp_loss":0,"event_name":"Winding Halls","floor":38,"gold_loss":0,"cards_obtained":["Madness","Madness"]},{"damage_healed":0,"gold_gain":0,"player_choice":"Fight","damage_taken":0,"max_hp_gain":0,"max_hp_loss":0,"event_name":"Mysterious Sphere","floor":39,"gold_loss":0}],"is_beta":false,"boss_relics":[{"not_picked":["White Beast Statue","Tiny House"],"picked":"Runic Pyramid"},{"not_picked":["Runic Dome","Coffee Dripper"],"picked":"HoveringKite"}],"items_purged_floors":[37],"is_endless":false,"potions_floor_spawned":[3,6,8,10,22,27,28,33,35,42,46,48],"ascension_level":7}