{"gold_per_floor":[114,130,148,166,186,186,36,56,56,77,77,87,87,117,117,117],"floor_reached":16,"playtime":609,"items_purged":["Strike_B"],"score":208,"play_id":"9df973f3-c95c-4ce5-923d-634f0a7923c6","local_time":"20181119010543","is_ascension_mode":true,"campfire_choices":[{"data":"Rainbow","floor":6,"key":"SMITH"},{"floor":11,"key":"REST"},{"floor":13,"key":"REST"},{"floor":15,"key":"REST"}],"neow_cost":"NONE","seed_source_timestamp":784604904894145,"circlet_count":0,"master_deck":["AscendersBane","Strike_B","Strike_B","Strike_B","Defend_B","Defend_B","Defend_B","Defend_B","Zap","Dualcast","Fission","Leap","Ball Lightning","Auto Shields","Rainbow+1","Coolheaded","Capacitor","FTL","Defragment","Coolheaded","All For One"],"relics":["Cracked Core","Lantern","Odd Mushroom","FossilizedHelix"],"potions_floor_usage":[10,14,16],"damage_taken":[{"damage":10,"enemies":"2 Louse","floor":1,"turns":3},{"damage":7,"enemies":"Jaw Worm","floor":2,"turns":4},{"damage":0,"enemies":"Cultist","floor":3,"turns":3},{"damage":18,"enemies":"Gremlin Gang","floor":4,"turns":7},{"damage":6,"enemies":"Looter","floor":5,"turns":3},{"damage":1,"enemies":"2 Fungi Beasts","floor":8,"turns":5},{"damage":21,"enemies":"The Mushroom Lair","floor":10,"turns":5},{"damage":6,"enemies":"Large Slime","floor":12,"turns":7},{"damage":35,"enemies":"Gremlin Nob","floor":14,"turns":4},{"damage":26,"enemies":"Slime Boss","floor":16,"turns":8}],"seed_played":"-7918576439272836450","potions_obtained":[{"floor":3,"key":"PowerPotion"},{"floor":4,"key":"FocusPotion"},{"floor":12,"key":"PowerPotion"}],"is_trial":false,"path_per_floor":["M","M","M","M","M","R","$","M","T","?","R","M","R","E","R","B"],"character_chosen":"DEFECT","items_purchased":["Capacitor"],"campfire_rested":3,"item_purchase_floors":[7],"current_hp_per_floor":[54,47,47,29,23,23,23,22,22,1,22,16,37,2,23,0],"gold":117,"neow_bonus":"ONE_RANDOM_RARE_CARD","is_prod":false,"is_daily":false,"chose_seed":false,"campfire_upgraded":1,"win_rate":0,"timestamp":1542618343,"path_taken":["M","M","M","M","M","R","$","M","T","?","R","M","R","E","R","BOSS"],"build_version":"2018-11-15","purchased_purges":1,"victory":false,"max_hp_per_floor":[71,71,71,71,71,71,71,71,71,71,71,71,71,71,71,71],"card_choices":[{"not_picked":["Streamline","Sweeping Beam"],"picked":"Leap","floor":1},{"not_picked":["Streamline","Sweeping Beam"],"picked":"Ball Lightning","floor":2},{"not_picked":["Hologram","Beam Cell"],"picked":"Auto Shields","floor":3},{"not_picked":["Streamline","Turbo"],"picked":"Rainbow","floor":4},{"not_picked":["Scrape","Stack"],"picked":"Coolheaded","floor":5},{"not_picked":["Cold Snap","Steam"],"picked":"FTL","floor":8},{"not_picked":["Ball Lightning","Coolheaded"],"picked":"Defragment","floor":10},{"not_picked":["Hologram","Rip and Tear"],"picked":"Coolheaded","floor":12},{"not_picked":["Beam Cell","Lockon"],"picked":"All For One","floor":14}],"player_experience":949171,"relics_obtained":[{"floor":9,"key":"Lantern"},{"floor":10,"key":"Odd Mushroom"},{"floor":14,"key":"FossilizedHelix"}],"event_choices":[{"damage_healed":0,"gold_gain":0,"player_choice":"Fought Mushrooms","damage_taken":0,"max_hp_gain":0,"max_hp_loss":0,"event_name":"Mushrooms","floor":10,"gold_loss":0}],"is_beta":true,"boss_relics":[],"items_purged_floors":[7],"is_endless":false,"potions_floor_spawned":[3,4,8,12],"killed_by":"Slime Boss","ascension_level":20}