{"gold_per_floor":[20,39,51,64,64,64,74,102,102,102,102,132,132,195,195,299,299,318,70,169,169,182,207,207,238,261,277,277,306,306,338,350,464,476,501,528,216,228,240,240,265,265,265,0,0,0,19,35,35,35],"floor_reached":51,"playtime":2328,"items_purged":["Defend_R"],"score":902,"play_id":"928dda62-84fb-4b7a-a34b-846e6a3827d7","local_time":"20190202095216","is_ascension_mode":true,"campfire_choices":[{"data":"Inflame","floor":6,"key":"SMITH"},{"data":"Limit Break","floor":10,"key":"SMITH"},{"data":"Metallicize","floor":15,"key":"SMITH"},{"data":"Heavy Blade","floor":24,"key":"SMITH"},{"data":"Flame Barrier","floor":28,"key":"SMITH"},{"data":"Feed","floor":32,"key":"SMITH"},{"floor":40,"key":"RECALL"},{"data":"Headbutt","floor":42,"key":"SMITH"},{"data":"Defend_R","floor":45,"key":"SMITH"},{"data":"Defend_R","floor":49,"key":"SMITH"}],"neow_cost":"NO_GOLD","seed_source_timestamp":103855285470626,"circlet_count":0,"master_deck":["Defend_R","Defend_R+1","Defend_R+1","Bash+1","Impervious","Inflame+1","Heavy Blade+1","Metallicize+1","Flame Barrier+1","Thunderclap","Limit Break+1","Inflame+1","Feed+1","Headbutt+1","Bite","Bite","Bite","Bite","Bite","Shrug It Off+1","Shrug It Off+1","Disarm+1","Warcry+1","Limit Break+1","Flame Barrier+1","Secret Weapon+1","Disarm+1","Disarm+1"],"relics":["Burning Blood","Gremlin Horn","Frozen Egg 2","Bag of Preparation","Ornamental Fan","Philosopher\u0027s Stone","Toxic Egg 2","Pocketwatch","Anchor","Ancient Tea Set","Boot","MawBank","Velvet Choker","Regal Pillow","Thread and Needle","Red Mask"],"potions_floor_usage":[12,14,16,16,23,33,33,39,50,50],"damage_taken":[{"damage":6,"enemies":"2 Louse","floor":1,"turns":3},{"damage":10,"enemies":"Jaw Worm","floor":2,"turns":4},{"damage":11,"enemies":"Small Slimes","floor":3,"turns":3},{"damage":28,"enemies":"Exordium Thugs","floor":4,"turns":6},{"damage":4,"enemies":"Blue Slaver","floor":7,"turns":4},{"damage":27,"enemies":"3 Sentries","floor":8,"turns":9},{"damage":0,"enemies":"Lagavulin","floor":12,"turns":7},{"damage":9,"enemies":"3 Sentries","floor":14,"turns":7},{"damage":17,"enemies":"Slime Boss","floor":16,"turns":11},{"damage":11,"enemies":"Chosen","floor":18,"turns":5},{"damage":11,"enemies":"Shell Parasite","floor":22,"turns":4},{"damage":8,"enemies":"Slavers","floor":23,"turns":3},{"damage":20,"enemies":"Book of Stabbing","floor":25,"turns":7},{"damage":14,"enemies":"Sentry and Sphere","floor":27,"turns":6},{"damage":12,"enemies":"Slavers","floor":29,"turns":5},{"damage":0,"enemies":"Gremlin Leader","floor":31,"turns":5},{"damage":15,"enemies":"Automaton","floor":33,"turns":7},{"damage":0,"enemies":"3 Shapes","floor":35,"turns":3},{"damage":9,"enemies":"3 Darklings","floor":36,"turns":4},{"damage":29,"enemies":"Writhing Mass","floor":38,"turns":6},{"damage":0,"enemies":"Transient","floor":39,"turns":5},{"damage":24,"enemies":"Reptomancer","floor":41,"turns":4},{"damage":0,"enemies":"Sphere and 2 Shapes","floor":47,"turns":3},{"damage":0,"enemies":"Jaw Worm Horde","floor":48,"turns":2},{"damage":9,"enemies":"Awakened One","floor":50,"turns":14}],"seed_played":"5662675010183883515","potions_obtained":[{"floor":1,"key":"PowerPotion"},{"floor":4,"key":"Swift Potion"},{"floor":8,"key":"Poison Potion"},{"floor":12,"key":"Dexterity Potion"},{"floor":16,"key":"EntropicBrew"},{"floor":18,"key":"AttackPotion"},{"floor":23,"key":"SpeedPotion"},{"floor":29,"key":"BloodPotion"},{"floor":39,"key":"Fruit Juice"}],"is_trial":false,"path_per_floor":["M","M","M","M","?","R","M","E","T","R","?","E","?","?","R","B",null,"M","$","?","?","M","E","R","E","T","M","R","E","?","E","R","B",null,"M","M","$","M","M","R","E","R","T","?","R","?","M","M","R","B",null],"character_chosen":"IRONCLAD","items_purchased":["Toxic Egg 2","Secret Weapon+1","Dexterity Potion"],"campfire_rested":0,"item_purchase_floors":[19,37,37],"current_hp_per_floor":[80,76,71,49,49,49,51,30,30,30,30,36,29,26,26,15,80,78,78,78,58,56,59,59,56,56,59,59,66,66,70,70,65,70,74,74,74,53,72,72,61,61,61,61,61,61,75,79,79,79],"gold":35,"neow_bonus":"THREE_RARE_CARDS","is_prod":false,"is_daily":false,"chose_seed":false,"campfire_upgraded":9,"win_rate":0,"timestamp":1549129936,"path_taken":["M","M","M","M","?","R","M","E","T","R","?","E","?","?","R","BOSS","M","$","?","?","M","E","R","E","T","?","R","E","?","E","R","BOSS","M","M","$","M","M","R","E","R","T","?","R","?","M","M","R","BOSS"],"build_version":"2019-01-23","purchased_purges":1,"victory":true,"max_hp_per_floor":[80,80,80,80,80,80,80,80,80,80,80,80,80,80,80,80,80,83,83,83,58,58,61,61,64,64,67,67,70,70,70,70,70,70,74,74,74,74,79,79,79,79,79,79,79,75,79,79,79,79],"card_choices":[{"not_picked":["Exhume","Berserk"],"picked":"Impervious","floor":0},{"not_picked":["True Grit","Carnage"],"picked":"Inflame","floor":1},{"not_picked":["Perfected Strike","Burning Pact"],"picked":"Heavy Blade","floor":2},{"not_picked":["Clothesline","Clash"],"picked":"Metallicize","floor":3},{"not_picked":["Flex","Clash"],"picked":"Flame Barrier","floor":4},{"not_picked":["Anger","Flex"],"picked":"Thunderclap","floor":7},{"not_picked":["Sever Soul","Heavy Blade"],"picked":"Limit Break","floor":8},{"not_picked":["Perfected Strike","Rage","Sword Boomerang"],"picked":"SKIP","floor":12},{"not_picked":["Fire Breathing+1","Sword Boomerang"],"picked":"Inflame+1","floor":14},{"not_picked":["Demon Form+1","Dark Embrace+1"],"picked":"Feed","floor":16},{"not_picked":["Metallicize+1","Heavy Blade"],"picked":"Headbutt","floor":18},{"not_picked":["Hemokinesis","Headbutt"],"picked":"Shrug It Off+1","floor":22},{"not_picked":["Entrench+1","Heavy Blade","Sword Boomerang"],"picked":"SKIP","floor":23},{"not_picked":["Second Wind+1","Perfected Strike+1","Anger"],"picked":"SKIP","floor":25},{"not_picked":["Flex+1","Iron Wave"],"picked":"Shrug It Off+1","floor":27},{"not_picked":["Dropkick+1","Twin Strike","Dual Wield+1"],"picked":"SKIP","floor":29},{"not_picked":["Entrench+1","Combust+1"],"picked":"Warcry+1","floor":31},{"not_picked":["Exhume+1","Immolate"],"picked":"Limit Break+1","floor":33},{"not_picked":["Corruption+1","Feel No Pain+1","Clothesline+1"],"picked":"SKIP","floor":35},{"not_picked":["True Grit+1","Sever Soul"],"picked":"Flame Barrier+1","floor":36},{"not_picked":["Headbutt","Flex+1","Sword Boomerang"],"picked":"SKIP","floor":38},{"not_picked":["Clothesline+1","Clash+1"],"picked":"Disarm+1","floor":39},{"not_picked":["Sword Boomerang+1","Thunderclap","Flex+1"],"picked":"SKIP","floor":41},{"not_picked":["Heavy Blade","Blood for Blood","Berserk+1"],"picked":"SKIP","floor":47},{"not_picked":["Pommel Strike","Combust+1"],"picked":"Disarm+1","floor":48}],"player_experience":1004012,"relics_obtained":[{"floor":8,"key":"Gremlin Horn"},{"floor":9,"key":"Frozen Egg 2"},{"floor":12,"key":"Bag of Preparation"},{"floor":14,"key":"Ornamental Fan"},{"floor":23,"key":"Pocketwatch"},{"floor":25,"key":"Anchor"},{"floor":26,"key":"Ancient Tea Set"},{"floor":29,"key":"Boot"},{"floor":31,"key":"MawBank"},{"floor":41,"key":"Regal Pillow"},{"floor":43,"key":"Thread and Needle"}],"event_choices":[{"damage_healed":0,"gold_gain":0,"player_choice":"Grow","damage_taken":0,"max_hp_gain":0,"max_hp_loss":0,"event_name":"Living Wall","floor":5,"gold_loss":0,"cards_upgraded":["Bash"]},{"damage_healed":0,"gold_gain":0,"player_choice":"Ignored","damage_taken":0,"max_hp_gain":0,"max_hp_loss":0,"event_name":"Liars Game","floor":11,"gold_loss":0},{"cards_removed":["Strike_R"],"damage_healed":0,"gold_gain":0,"player_choice":"Card Removal","damage_taken":7,"max_hp_gain":0,"max_hp_loss":0,"event_name":"Golden Wing","floor":13,"gold_loss":0},{"damage_healed":0,"gold_gain":0,"player_choice":"Searched \u00272\u0027 times","damage_taken":0,"max_hp_gain":0,"max_hp_loss":0,"event_name":"Dead Adventurer","floor":14,"gold_loss":0},{"damage_healed":0,"gold_gain":99,"player_choice":"Stole From Cult","damage_taken":0,"max_hp_gain":0,"max_hp_loss":0,"event_name":"Nest","floor":20,"gold_loss":0},{"damage_healed":0,"gold_gain":0,"player_choice":"Became a vampire","damage_taken":0,"max_hp_gain":0,"max_hp_loss":25,"event_name":"Vampires","floor":21,"gold_loss":0,"cards_obtained":["Bite","Bite","Bite","Bite","Bite"]},{"damage_healed":0,"gold_gain":0,"player_choice":"Read","damage_taken":0,"max_hp_gain":0,"max_hp_loss":0,"event_name":"The Library","floor":30,"gold_loss":0,"cards_obtained":["Disarm"]},{"damage_healed":0,"gold_gain":0,"player_choice":"Paid","damage_taken":0,"relics_obtained":["Red Mask"],"max_hp_gain":0,"max_hp_loss":0,"event_name":"Tomb of Lord Red Mask","floor":44,"gold_loss":265},{"damage_healed":0,"gold_gain":0,"player_choice":"Max HP","damage_taken":0,"max_hp_gain":0,"max_hp_loss":4,"event_name":"Winding Halls","floor":46,"gold_loss":0}],"is_beta":true,"boss_relics":[{"not_picked":["Astrolabe","White Beast Statue"],"picked":"Philosopher\u0027s Stone"},{"not_picked":["Runic Cube","Black Blood"],"picked":"Velvet Choker"}],"items_purged_floors":[37],"is_endless":false,"potions_floor_spawned":[1,4,8,12,16,18,23,29,36,38,39],"ascension_level":1}