{"gold_per_floor":[113,125,136,154,7,40,40,70,70,83,101,101,130,141,141,141],"floor_reached":16,"playtime":697,"items_purged":[],"score":155,"play_id":"81de697b-e9f5-465f-a8cf-9904ca58cecb","local_time":"20180814001754","is_ascension_mode":true,"campfire_choices":[{"floor":7,"key":"REST"},{"floor":12,"key":"REST"},{"floor":15,"key":"REST"}],"neow_cost":"NONE","seed_source_timestamp":16108873622459,"circlet_count":0,"master_deck":["Strike_B","Strike_B","Strike_B","Strike_B","Defend_B","Defend_B","Defend_B","Defend_B","Zap","Dualcast","Conserve Battery","Beam Cell","Steam","Gash","Gash","FTL","Reboot+1","Cold Snap","FTL","Aggregate+1"],"relics":["Nuclear Battery","Vajra","Bag of Marbles","Toxic Egg 2","Smiling Mask","Mummified Hand"],"potions_floor_usage":[10,11,13],"damage_taken":[{"damage":7,"enemies":"Small Slimes","floor":1,"turns":4},{"damage":0,"enemies":"Cultist","floor":2,"turns":5},{"damage":7,"enemies":"Jaw Worm","floor":3,"turns":3},{"damage":3,"enemies":"2 Fungi Beasts","floor":4,"turns":5},{"damage":41,"enemies":"Gremlin Nob","floor":6,"turns":5},{"damage":9,"enemies":"3 Sentries","floor":8,"turns":7},{"damage":5,"enemies":"Exordium Wildlife","floor":10,"turns":5},{"damage":7,"enemies":"Lots of Slimes","floor":11,"turns":3},{"damage":16,"enemies":"Gremlin Nob","floor":13,"turns":4},{"damage":4,"enemies":"Exordium Thugs","floor":14,"turns":4},{"damage":42,"enemies":"The Guardian","floor":16,"turns":9}],"seed_played":"3247028682432037145","potions_obtained":[{"floor":3,"key":"Energy Potion"},{"floor":8,"key":"Dexterity Potion"},{"floor":10,"key":"Ancient Potion"},{"floor":11,"key":"Explosive Potion"}],"is_trial":false,"path_per_floor":["M","M","M","M","$","E","R","E","T","M","M","R","E","M","R"],"character_chosen":"DEFECT","items_purchased":["Vajra"],"campfire_rested":3,"item_purchase_floors":[5],"current_hp_per_floor":[68,68,61,58,58,17,39,30,30,25,18,40,24,20,42,0],"gold":141,"neow_bonus":"BOSS_RELIC","is_prod":false,"is_daily":false,"chose_seed":false,"campfire_upgraded":0,"win_rate":0,"timestamp":1534198674,"path_taken":["M","M","M","M","$","E","R","E","T","M","M","R","E","M","R","BOSS"],"build_version":"2018-08-08","purchased_purges":0,"victory":false,"max_hp_per_floor":[75,75,75,75,75,75,75,75,75,75,75,75,75,75,75,75],"card_choices":[{"not_picked":["Skim","Rebound"],"picked":"Conserve Battery","floor":1},{"not_picked":["Hello World","Rip and Tear"],"picked":"Beam Cell","floor":2},{"not_picked":["Capacitor","Undo"],"picked":"Steam","floor":3},{"not_picked":["Coolheaded","Conserve Battery"],"picked":"Gash","floor":4},{"not_picked":["Coolheaded","Tempest"],"picked":"Gash","floor":6},{"not_picked":["Storm","Go for the Eyes"],"picked":"FTL","floor":8},{"not_picked":["Tempest+1","Conserve Battery+1"],"picked":"Reboot+1","floor":10},{"not_picked":["Redo+1","Streamline"],"picked":"Cold Snap","floor":11},{"not_picked":["Streamline","Thunder Strike"],"picked":"FTL","floor":13},{"not_picked":["Sweeping Beam","Sunder"],"picked":"Aggregate+1","floor":14}],"player_experience":402815,"relics_obtained":[{"floor":6,"key":"Bag of Marbles"},{"floor":8,"key":"Toxic Egg 2"},{"floor":9,"key":"Smiling Mask"},{"floor":13,"key":"Mummified Hand"}],"event_choices":[],"is_beta":true,"boss_relics":[],"items_purged_floors":[],"is_endless":false,"potions_floor_spawned":[3,8,10,11],"killed_by":"The Guardian","ascension_level":5}