{"gold_per_floor":[115,215,228,228,241,241,275,275,350,375,393,462,462,480,480,480],"floor_reached":16,"playtime":1591,"items_purged":[],"score":198,"play_id":"1402d09e-df79-4f82-aa51-27a01bc94515","local_time":"20181108144028","is_ascension_mode":true,"campfire_choices":[{"data":"Zap","floor":6.0,"key":"SMITH"},{"floor":13.0,"key":"REST"},{"data":"Consume","floor":15,"key":"SMITH"}],"neow_cost":"NONE","seed_source_timestamp":864769738754916,"circlet_count":0,"master_deck":["AscendersBane","Strike_B","Strike_B","Strike_B","Strike_B","Defend_B","Defend_B","Defend_B","Defend_B","Zap+1","Dualcast","Thunder Strike","Conserve Battery","Compile Driver","Cold Snap","Sweeping Beam","Consume+1","Gash","Biased Cognition"],"special_seed":0,"relics":["Cracked Core","Regal Pillow","Ornamental Fan","Bag of Preparation","Molten Egg 2"],"potions_floor_usage":[16,16],"damage_taken":[{"damage":0.0,"enemies":"Small Slimes","floor":1.0,"turns":3.0},{"damage":0.0,"enemies":"Cultist","floor":3.0,"turns":3.0},{"damage":7.0,"enemies":"Jaw Worm","floor":5.0,"turns":4.0},{"damage":15.0,"enemies":"3 Sentries","floor":7.0,"turns":8.0},{"damage":26.0,"enemies":"Lagavulin","floor":10.0,"turns":8.0},{"damage":8.0,"enemies":"Lots of Slimes","floor":11.0,"turns":2.0},{"damage":0,"enemies":"Looter","floor":14,"turns":2},{"damage":50,"enemies":"Slime Boss","floor":16,"turns":12}],"seed_played":"-434026183603364010","potions_obtained":[{"floor":3.0,"key":"SpeedPotion"},{"floor":11.0,"key":"EssenceOfSteel"}],"is_trial":false,"path_per_floor":["M","?","M","$","M","R","E","?","T","E","M","T","R","M","R","B"],"character_chosen":"DEFECT","items_purchased":[],"campfire_rested":1,"item_purchase_floors":[],"current_hp_per_floor":[64,64,64,64,57,57,42,47,47,21,13,13,50,50,50,0],"gold":480,"neow_bonus":"ONE_RANDOM_RARE_CARD","is_prod":false,"is_daily":false,"chose_seed":false,"campfire_upgraded":2,"win_rate":0,"timestamp":1541716828,"path_taken":["M","?","?","$","M","R","E","?","T","E","M","?","R","M","R","BOSS"],"build_version":"2018-11-01","purchased_purges":0,"victory":false,"max_hp_per_floor":[71,71,71,71,71,71,71,76,76,76,76,76,76,76,76,76],"card_choices":[{"not_picked":["Stack","Blizzard"],"picked":"Conserve Battery","floor":1.0},{"not_picked":["Beam Cell","Barrage"],"picked":"Compile Driver","floor":3.0},{"not_picked":["Fusion","Conserve Battery"],"picked":"Cold Snap","floor":5.0},{"not_picked":["Aggregate","Doom and Gloom"],"picked":"Sweeping Beam","floor":7.0},{"not_picked":["Buffer","Redo"],"picked":"Consume","floor":10.0},{"not_picked":["Aggregate","Tempest"],"picked":"Gash","floor":11.0},{"not_picked":["Compile Driver+1","Reinforced Body"],"picked":"Biased Cognition","floor":14}],"player_experience":1261523,"relics_obtained":[{"floor":7.0,"key":"Regal Pillow"},{"floor":9.0,"key":"Ornamental Fan"},{"floor":10.0,"key":"Bag of Preparation"},{"floor":12.0,"key":"Molten Egg 2"}],"event_choices":[{"damage_healed":0.0,"max_hp_gain":0.0,"max_hp_loss":0.0,"gold_gain":100.0,"event_name":"Wheel of Change","player_choice":"Gold","floor":2.0,"gold_loss":0.0,"damage_taken":0.0},{"damage_healed":0.0,"max_hp_gain":5.0,"max_hp_loss":0.0,"gold_gain":0.0,"event_name":"Big Fish","player_choice":"Donut","floor":8.0,"gold_loss":0.0,"damage_taken":0.0}],"is_beta":false,"boss_relics":[],"items_purged_floors":[],"is_endless":false,"potions_floor_spawned":[3,11],"killed_by":"Slime Boss","ascension_level":16}