{"gold_per_floor":[114,127,144,144,154,210,210,160,185,205,205],"floor_reached":11,"playtime":557,"items_purged":[],"score":79,"play_id":"dab9192a-f07a-4f7f-a315-e8bd6bd08e26","local_time":"20190117205017","is_ascension_mode":true,"campfire_choices":[{"data":"Zap","floor":7,"key":"SMITH"}],"neow_cost":"NONE","seed_source_timestamp":68670695725517,"circlet_count":0,"master_deck":["Strike_B","Strike_B","Strike_B","Strike_B","Defend_B","Defend_B","Defend_B","Defend_B","Zap+1","Dualcast","Sweeping Beam","Sweeping Beam","Gash","Gash"],"relics":["Cracked Core","Tiny Chest","Orichalcum"],"potions_floor_usage":[10],"damage_taken":[{"damage":0,"enemies":"Cultist","floor":1,"turns":3},{"damage":0,"enemies":"Small Slimes","floor":2,"turns":2},{"damage":0,"enemies":"2 Louse","floor":3,"turns":2},{"damage":13,"enemies":"Blue Slaver","floor":5,"turns":4},{"damage":36,"enemies":"Gremlin Nob","floor":6,"turns":4},{"damage":16,"enemies":"Exordium Thugs","floor":10,"turns":3},{"damage":21,"enemies":"Lagavulin","floor":11,"turns":5}],"seed_played":"7126392870401010199","potions_obtained":[{"floor":3,"key":"Energy Potion"},{"floor":6,"key":"FairyPotion"}],"is_trial":false,"path_per_floor":["M","M","M","?","M","E","R","?","T","M","E"],"character_chosen":"DEFECT","items_purchased":[],"campfire_rested":0,"item_purchase_floors":[],"current_hp_per_floor":[75,75,75,75,62,26,26,26,26,10,0],"gold":205,"neow_bonus":"THREE_CARDS","is_prod":false,"is_daily":false,"chose_seed":false,"campfire_upgraded":1,"win_rate":0,"timestamp":1547718617,"path_taken":["M","M","?","?","?","E","R","?","T","M","E"],"build_version":"2018-11-15","purchased_purges":0,"victory":false,"max_hp_per_floor":[75,75,75,75,75,75,75,75,75,75,75],"card_choices":[{"not_picked":["Coolheaded","Aggregate"],"picked":"Sweeping Beam","floor":0},{"not_picked":["Rebound","Conserve Battery"],"picked":"Sweeping Beam","floor":1},{"not_picked":["Sweeping Beam","Doom and Gloom"],"picked":"Gash","floor":2},{"not_picked":["Stack","Double Energy","Conserve Battery"],"picked":"SKIP","floor":3},{"not_picked":["Recycle","Barrage","Rip and Tear"],"picked":"SKIP","floor":5},{"not_picked":["Consume","Hello World","Double Energy"],"picked":"SKIP","floor":6},{"not_picked":["Go for the Eyes","Scrape"],"picked":"Gash","floor":10}],"player_experience":1100912,"relics_obtained":[{"floor":6,"key":"Tiny Chest"},{"floor":9,"key":"Orichalcum"}],"event_choices":[{"damage_healed":0,"gold_gain":0,"player_choice":"Cursed","damage_taken":0,"max_hp_gain":0,"max_hp_loss":0,"event_name":"Wheel of Change","floor":4,"gold_loss":0,"cards_obtained":["Decay"]},{"cards_removed":["Decay"],"damage_healed":0,"gold_gain":0,"player_choice":"Card Removal","damage_taken":0,"max_hp_gain":0,"max_hp_loss":0,"event_name":"The Cleric","floor":8,"gold_loss":50}],"is_beta":true,"boss_relics":[],"items_purged_floors":[],"is_endless":false,"potions_floor_spawned":[3,6],"killed_by":"Lagavulin","ascension_level":1}