{"gold_per_floor":[109,129,149,149,48,48,76,76,132,132,149,149,181,201,201,300,300,310,174,174,224,323,356,371,371,371,371,389,424,442,458,458,562,562,578,593,606,625,625,625,644,644,644,654,89,119,166,180,180,180],"floor_reached":51,"playtime":1830,"items_purged":["Defend_R","Defend_R","Strike_R"],"score":895,"play_id":"dc6ced83-479e-4e03-b1a0-e826a58d43cc","local_time":"20190206134035","is_ascension_mode":true,"campfire_choices":[{"data":"Uppercut","floor":6,"key":"SMITH"},{"data":"Shrug It Off","floor":10,"key":"SMITH"},{"data":"Flame Barrier","floor":12,"key":"SMITH"},{"data":"Cleave","floor":15,"key":"SMITH"},{"floor":25,"key":"REST"},{"data":"Demon Form","floor":27,"key":"SMITH"},{"floor":32,"key":"REST"},{"data":"Disarm","floor":40,"key":"SMITH"},{"floor":42,"key":"REST"},{"floor":49,"key":"REST"}],"neow_cost":"NONE","seed_source_timestamp":2241416833501566,"circlet_count":0,"master_deck":["Strike_R","Strike_R","Strike_R","Strike_R+1","Bash+1","Flame Barrier+1","Cleave+1","Uppercut+1","Shrug It Off+1","Dropkick","Demon Form+1","Spot Weakness+1","Disarm+1","Necronomicurse","Twin Strike+1","Cleave+1","Uppercut+1","Anger+1","Pommel Strike+1","Limit Break+1","Inflame+1"],"relics":["Burning Blood","Bronze Scales","Tiny Chest","Boot","Mark of Pain","Necronomicon","Orichalcum","Pen Nib","Smiling Mask","Molten Egg 2","Busted Crown","Paper Frog","Membership Card","Whetstone","War Paint","StoneCalendar","Art of War"],"potions_floor_usage":[23,33,50,50,50],"damage_taken":[{"damage":0,"enemies":"2 Louse","floor":1,"turns":3},{"damage":2,"enemies":"Small Slimes","floor":2,"turns":4},{"damage":6,"enemies":"Cultist","floor":3,"turns":3},{"damage":24,"enemies":"Lagavulin","floor":7,"turns":6},{"damage":5,"enemies":"3 Louse","floor":11,"turns":2},{"damage":14,"enemies":"Gremlin Nob","floor":13,"turns":4},{"damage":0,"enemies":"Exordium Wildlife","floor":14,"turns":3},{"damage":30,"enemies":"Slime Boss","floor":16,"turns":9},{"damage":12,"enemies":"Shell Parasite","floor":18,"turns":5},{"damage":23,"enemies":"Slavers","floor":23,"turns":3},{"damage":17,"enemies":"2 Thieves","floor":24,"turns":3},{"damage":4,"enemies":"3 Cultists","floor":28,"turns":4},{"damage":21,"enemies":"Gremlin Leader","floor":29,"turns":5},{"damage":2,"enemies":"Cultist and Chosen","floor":30,"turns":3},{"damage":2,"enemies":"Snake Plant","floor":31,"turns":2},{"damage":45,"enemies":"Collector","floor":33,"turns":5},{"damage":11,"enemies":"3 Darklings","floor":35,"turns":4},{"damage":25,"enemies":"3 Shapes","floor":36,"turns":2},{"damage":5,"enemies":"3 Darklings","floor":37,"turns":3},{"damage":16,"enemies":"Sphere and 2 Shapes","floor":38,"turns":4},{"damage":14,"enemies":"Maw","floor":41,"turns":5},{"damage":38,"enemies":"Jaw Worm Horde","floor":44,"turns":4},{"damage":2,"enemies":"Giant Head","floor":46,"turns":5},{"damage":21,"enemies":"3 Darklings","floor":48,"turns":4},{"damage":30,"enemies":"Awakened One","floor":50,"turns":6}],"seed_played":"-3049854307968184330","potions_obtained":[{"floor":3,"key":"EssenceOfSteel"},{"floor":14,"key":"Explosive Potion"},{"floor":18,"key":"PowerPotion"},{"floor":29,"key":"SteroidPotion"},{"floor":35,"key":"EntropicBrew"},{"floor":38,"key":"Regen Potion"}],"is_trial":false,"path_per_floor":["M","M","M","?","$","R","E","?","T","R","M","R","E","M","R","B",null,"M","$","?","T","?","E","M","R","T","R","M","E","M","M","R","B",null,"M","M","M","M","?","R","M","R","T","M","$","E","T","M","R","B",null],"character_chosen":"IRONCLAD","items_purchased":["Shrug It Off","Disarm","Limit Break","Membership Card","Whetstone","War Paint"],"campfire_rested":4,"item_purchase_floors":[5,19,45,45,45,45],"current_hp_per_floor":[80,80,80,73,73,73,55,55,55,55,56,56,48,54,54,30,80,74,74,58,58,58,41,30,54,54,54,56,41,45,49,73,34,80,75,56,57,47,47,47,39,63,63,31,31,35,35,20,44,35],"gold":180,"neow_bonus":"TRANSFORM_CARD","is_prod":false,"is_daily":false,"chose_seed":false,"campfire_upgraded":6,"win_rate":0,"timestamp":1549420835,"path_taken":["M","M","M","?","$","R","E","?","T","R","?","R","E","M","R","BOSS","M","$","?","?","?","E","M","R","T","R","M","E","M","M","R","BOSS","M","M","M","M","?","R","M","R","T","?","$","E","?","M","R","BOSS"],"build_version":"2019-01-23","purchased_purges":3,"victory":true,"max_hp_per_floor":[80,80,80,80,80,80,80,80,80,80,80,80,80,80,80,80,80,80,80,80,80,80,80,80,80,80,80,80,80,80,80,80,80,80,80,80,80,80,80,80,80,80,80,80,80,80,80,80,80,80],"card_choices":[{"not_picked":["Twin Strike","Hemokinesis","Pummel"],"picked":"SKIP","floor":1},{"not_picked":["Warcry","Heavy Blade"],"picked":"Cleave","floor":2},{"not_picked":["Headbutt","Anger"],"picked":"Uppercut","floor":3},{"not_picked":["Anger","Shrug It Off","Thunderclap"],"picked":"SKIP","floor":7},{"not_picked":["Exhume","Seeing Red","Power Through"],"picked":"SKIP","floor":11},{"not_picked":["Anger","Clash"],"picked":"Dropkick","floor":13},{"not_picked":["Rage","Metallicize","Perfected Strike"],"picked":"SKIP","floor":14},{"not_picked":["Brutality","Juggernaut"],"picked":"Demon Form","floor":16},{"not_picked":["True Grit+1","Rage"],"picked":"Spot Weakness+1","floor":18},{"not_picked":["Body Slam","Sword Boomerang"],"picked":"Twin Strike","floor":23},{"not_picked":["Clothesline","Perfected Strike"],"picked":"Cleave+1","floor":24},{"not_picked":["Wild Strike","Flex","Clothesline"],"picked":"SKIP","floor":28},{"not_picked":["Havoc+1","Infernal Blade"],"picked":"Uppercut","floor":29},{"not_picked":["Clash+1","Body Slam+1","Dropkick+1"],"picked":"SKIP","floor":30},{"not_picked":["Exhume","Burning Pact","Headbutt+1"],"picked":"SKIP","floor":31},{"not_picked":["Combust"],"picked":"SKIP","floor":35},{"not_picked":[],"picked":"Anger+1","floor":36},{"not_picked":["Body Slam+1"],"picked":"SKIP","floor":37},{"not_picked":["Flex"],"picked":"SKIP","floor":38},{"not_picked":["True Grit"],"picked":"SKIP","floor":41},{"not_picked":[],"picked":"Pommel Strike+1","floor":44},{"not_picked":[],"picked":"Inflame+1","floor":46},{"not_picked":["Iron Wave+1"],"picked":"SKIP","floor":48}],"player_experience":276820,"relics_obtained":[{"floor":7,"key":"Bronze Scales"},{"floor":9,"key":"Tiny Chest"},{"floor":13,"key":"Boot"},{"floor":20,"key":"Necronomicon"},{"floor":21,"key":"Orichalcum"},{"floor":23,"key":"Pen Nib"},{"floor":26,"key":"Smiling Mask"},{"floor":29,"key":"Molten Egg 2"},{"floor":43,"key":"Paper Frog"},{"floor":46,"key":"StoneCalendar"},{"floor":47,"key":"Art of War"}],"event_choices":[{"cards_removed":["Defend_R"],"damage_healed":0,"gold_gain":0,"player_choice":"Card Removal","damage_taken":7,"max_hp_gain":0,"max_hp_loss":0,"event_name":"Golden Wing","floor":4,"gold_loss":0},{"damage_healed":0,"gold_gain":0,"player_choice":"Forge","damage_taken":0,"max_hp_gain":0,"max_hp_loss":0,"event_name":"Accursed Blacksmith","floor":8,"gold_loss":0,"cards_upgraded":["Bash"]},{"damage_healed":0,"gold_gain":0,"player_choice":"Obtained Book","damage_taken":16,"max_hp_gain":0,"max_hp_loss":0,"event_name":"Cursed Tome","floor":20,"gold_loss":0},{"damage_healed":0,"gold_gain":99,"player_choice":"Stole From Cult","damage_taken":0,"max_hp_gain":0,"max_hp_loss":0,"event_name":"Nest","floor":22,"gold_loss":0},{"damage_healed":0,"gold_gain":0,"player_choice":"Ignored","damage_taken":0,"max_hp_gain":0,"max_hp_loss":0,"event_name":"SecretPortal","floor":39,"gold_loss":0}],"is_beta":false,"boss_relics":[{"not_picked":["White Beast Statue","Orrery"],"picked":"Mark of Pain"},{"not_picked":["Snecko Eye","Fusion Hammer"],"picked":"Busted Crown"}],"items_purged_floors":[5,19,45],"is_endless":false,"potions_floor_spawned":[3,14,18,29,31,35,38,44,46],"ascension_level":4}