{"gold_per_floor":[211,230,51,71,21,46,46,80,80,92,123,163,175,204,216,228],"floor_reached":16,"playtime":688,"items_purged":[],"score":247,"play_id":"2847415d-220a-4888-905c-338b65db3d8c","local_time":"20190207001939","is_ascension_mode":true,"campfire_choices":[{"data":"Go for the Eyes","floor":7,"key":"SMITH"},{"data":"Zap","floor":10,"key":"SMITH"},{"floor":15,"key":"REST"}],"neow_cost":"NONE","seed_source_timestamp":5273733772817,"circlet_count":0,"master_deck":["AscendersBane","Strike_B","Strike_B","Strike_B","Strike_B","Defend_B","Defend_B","Defend_B","Defend_B","Zap+1","Dualcast","Cold Snap","Go for the Eyes+1","Core Surge","Leap","Gash","Blizzard","Rip and Tear","FTL","Glacier"],"relics":["Cracked Core","PreservedInsect","Gremlin Horn","MawBank","Gambling Chip"],"potions_floor_usage":[8,11,12],"damage_taken":[{"damage":4,"enemies":"Jaw Worm","floor":1,"turns":4},{"damage":5,"enemies":"2 Louse","floor":2,"turns":3},{"damage":9,"enemies":"Small Slimes","floor":4,"turns":4},{"damage":15,"enemies":"Lagavulin","floor":6,"turns":9},{"damage":0,"enemies":"Gremlin Nob","floor":8,"turns":2},{"damage":0,"enemies":"2 Fungi Beasts","floor":11,"turns":3},{"damage":11,"enemies":"Lagavulin","floor":12,"turns":4},{"damage":0,"enemies":"Large Slime","floor":14,"turns":3},{"damage":41,"enemies":"Hexaghost","floor":16,"turns":9}],"seed_played":"6388618181531960724","potions_obtained":[{"floor":4,"key":"Swift Potion"},{"floor":6,"key":"FocusPotion"},{"floor":8,"key":"SkillPotion"}],"is_trial":false,"path_per_floor":["M","M","$","M","$","E","R","E","T","R","M","E","?","M","R","B"],"character_chosen":"DEFECT","items_purchased":["Core Surge","Leap","Fire Potion"],"campfire_rested":1,"item_purchase_floors":[3,3,5],"current_hp_per_floor":[60,55,55,46,46,31,31,31,31,31,31,20,20,20,41,0],"gold":228,"neow_bonus":"HUNDRED_GOLD","is_prod":false,"is_daily":false,"chose_seed":false,"campfire_upgraded":2,"win_rate":0,"timestamp":1549516779,"path_taken":["M","M","$","M","$","E","R","E","T","R","M","E","?","M","R","BOSS"],"build_version":"2019-01-23","purchased_purges":0,"victory":false,"max_hp_per_floor":[71,71,71,71,71,71,71,71,71,71,71,71,71,71,71,71],"card_choices":[{"not_picked":["Coolheaded","Barrage"],"picked":"Cold Snap","floor":1},{"not_picked":["Barrage","Recycle"],"picked":"Go for the Eyes","floor":2},{"not_picked":["Hologram","Undo"],"picked":"Gash","floor":4},{"not_picked":["Turbo","Static Discharge","Aggregate"],"picked":"SKIP","floor":6},{"not_picked":["Multi-Cast","Force Field"],"picked":"Blizzard","floor":8},{"not_picked":["Beam Cell","Double Energy"],"picked":"Rip and Tear","floor":11},{"not_picked":["Barrage","Reprogram"],"picked":"FTL","floor":12},{"not_picked":["Sunder","Auto Shields"],"picked":"Glacier","floor":14}],"player_experience":724054,"relics_obtained":[{"floor":6,"key":"PreservedInsect"},{"floor":8,"key":"Gremlin Horn"},{"floor":9,"key":"MawBank"},{"floor":12,"key":"Gambling Chip"}],"event_choices":[{"damage_healed":0,"gold_gain":0,"player_choice":"Ignored","damage_taken":0,"max_hp_gain":0,"max_hp_loss":0,"event_name":"Shining Light","floor":13,"gold_loss":0}],"is_beta":false,"boss_relics":[],"items_purged_floors":[],"is_endless":false,"potions_floor_spawned":[4,6,8],"killed_by":"Hexaghost","ascension_level":14}