{"path_per_floor":["M","$","?","M","$","E","R","E","T","E","M","?","R","M","R","B",null,"M","$","?","$","M","R","E","R","T","?","E","T","R","E","R","B",null,"M","?","?","M","$","R","M","M","T","R","M","?"],"character_chosen":"DEFECT","items_purchased":["Scrape","Rebound","Du-Vu Doll","Gash","Thinking Ahead"],"gold_per_floor":[111,38,38,54,31,60,60,91,91,124,135,135,135,153,153,283,283,296,6,6,6,19,19,62,62,144,144,184,184,184,217,217,337,337,351,351,351,369,49,49,63,79,158,158,176,176,176],"floor_reached":47,"campfire_rested":6,"playtime":2007,"item_purchase_floors":[2,5,19,39,39],"current_hp_per_floor":[74,74,74,73,73,47,69,44,44,34,38,38,62,64,64,27,87,70,70,70,70,62,70,46,81,81,81,46,46,81,56,92,21,95,96,84,76,60,60,102,93,64,64,76,80,80,0],"items_purged":["Strike_B"],"gold":176,"score":572,"play_id":"211de13d-2736-4ac2-bc20-2177c81219a9","local_time":"20180522232931","is_prod":false,"is_daily":false,"chose_seed":false,"is_ascension_mode":true,"campfire_upgraded":3,"timestamp":1527024571,"campfire_choices":[{"floor":7,"key":"REST"},{"floor":13,"key":"REST"},{"data":"Gash","floor":15,"key":"SMITH"},{"data":"Dualcast","floor":23,"key":"SMITH"},{"floor":25,"key":"REST"},{"floor":30,"key":"REST"},{"floor":32,"key":"REST"},{"floor":40,"key":"REST"},{"data":"Gash","floor":44,"key":"SMITH"}],"path_taken":["M","$","?","?","$","E","R","E","T","E","M","?","R","M","R","BOSS","M","$","?","$","M","R","E","R","T","?","E","?","R","E","R","BOSS","M","?","?","M","$","R","M","M","T","R","M","?","E"],"build_version":"2018-05-21v2","seed_source_timestamp":11118653895359,"purchased_purges":1,"victory":false,"master_deck":["Strike_B","Strike_B","Strike_B","Defend_B","Defend_B","Defend_B","Defend_B","Zap+1","Dualcast+1","Parasite","Gash+1","Ball Lightning","Scrape","Go for the Eyes","Rebound","Electrodynamics","Injury","Rebound","Ball Lightning","BootSequence","Ball Lightning+1","Gash+1","Echo Form","White Noise+1","Madness","Madness","Finesse","Mind Blast","Gash","Thinking Ahead"],"max_hp_per_floor":[75,75,75,75,75,75,75,77,77,79,83,83,83,85,85,87,87,87,87,87,87,91,91,91,91,91,91,93,93,93,95,95,95,95,97,97,99,103,103,103,107,111,111,111,115,115,115],"relics":["Cracked Core","Prayer Wheel","Singing Bowl","Potion Belt","Centennial Puzzle","Dead Branch","Golden Idol","Eternal Feather","Du-Vu Doll","Ancient Tea Set","Cables","Art of War","Meat on the Bone","Lantern","Sozu","Pantograph"],"card_choices":[{"not_picked":["Leap","Go for the Eyes"],"picked":"Gash","floor":1},{"not_picked":["Beam Cell","Blizzard"],"picked":"Ball Lightning","floor":1},{"not_picked":["Leap","Cold Snap"],"picked":"Go for the Eyes","floor":4},{"not_picked":["Capacitor","Coolheaded","Thunder Strike"],"picked":"SKIP","floor":4},{"not_picked":["FTL","Steam"],"picked":"Electrodynamics","floor":6},{"not_picked":["Capacitor","Force Field","Biased Cognition"],"picked":"Singing Bowl","floor":8},{"not_picked":["Turbo","Sunder","Steam"],"picked":"Singing Bowl","floor":10},{"not_picked":["Steam","Sweeping Beam","Turbo"],"picked":"Singing Bowl","floor":11},{"not_picked":["Recycle","Cold Snap","Hello World"],"picked":"Singing Bowl","floor":11},{"not_picked":["Fusion","Chaos","Turbo"],"picked":"Singing Bowl","floor":14},{"not_picked":["Capacitor","Leap"],"picked":"Rebound","floor":14},{"not_picked":["Biased Cognition","Creative AI","Core Surge"],"picked":"Singing Bowl","floor":16},{"not_picked":["Cold Snap","Aggregate"],"picked":"Ball Lightning","floor":18},{"not_picked":["Chill+1","Streamline"],"picked":"BootSequence","floor":18},{"not_picked":["Coolheaded","Genetic Algorithm","Redo"],"picked":"Singing Bowl","floor":22},{"not_picked":["Steam","Hologram","Turbo"],"picked":"Singing Bowl","floor":22},{"not_picked":["Biased Cognition","Barrage"],"picked":"Ball Lightning+1","floor":24},{"not_picked":["Blizzard","Redo","Skim+1"],"picked":"Singing Bowl","floor":28},{"not_picked":["Redo","Stack","Thunder Strike"],"picked":"Singing Bowl","floor":31},{"not_picked":["Machine Learning","Amplify"],"picked":"Echo Form","floor":33},{"not_picked":["Chill","Coolheaded"],"picked":"White Noise+1","floor":35},{"not_picked":["Conserve Battery","Go for the Eyes","Capacitor"],"picked":"Singing Bowl","floor":35},{"not_picked":["Jack Of All Trades","Madness","Trip"],"picked":"Singing Bowl","floor":37},{"not_picked":["Dark Shackles","Jack Of All Trades"],"picked":"Finesse","floor":37},{"not_picked":["Dark Shackles","Enlightenment"],"picked":"Mind Blast","floor":37},{"not_picked":["Go for the Eyes+1","Double Energy","Barrage+1"],"picked":"Singing Bowl","floor":38},{"not_picked":["Hologram+1","Storm","Loop+1"],"picked":"Singing Bowl","floor":38},{"not_picked":["Leap+1","Conserve Battery","Go for the Eyes+1"],"picked":"Singing Bowl","floor":41},{"not_picked":["Skim","Aggregate+1","Sweeping Beam"],"picked":"Singing Bowl","floor":41},{"not_picked":["Steam Power","Capacitor","Coolheaded+1"],"picked":"Singing Bowl","floor":42},{"not_picked":["Turbo","Coolheaded","Chaos"],"picked":"Singing Bowl","floor":42},{"not_picked":["Axe Kick+1","Consume+1","Redo"],"picked":"Singing Bowl","floor":45},{"not_picked":["Hologram+1","Axe Kick","Ball Lightning"],"picked":"Singing Bowl","floor":45}],"player_experience":151849,"potions_floor_usage":[10,14,24,24,33],"damage_taken":[{"damage":1,"enemies":"Cultist","floor":1,"turns":3},{"damage":1,"enemies":"Jaw Worm","floor":4,"turns":2},{"damage":26,"enemies":"Lagavulin","floor":6,"turns":5},{"damage":27,"enemies":"3 Sentries","floor":8,"turns":5},{"damage":12,"enemies":"Gremlin Nob","floor":10,"turns":3},{"damage":0,"enemies":"2 Louse","floor":11,"turns":2},{"damage":0,"enemies":"Large Slime","floor":14,"turns":3},{"damage":39,"enemies":"Hexaghost","floor":16,"turns":10},{"damage":17,"enemies":"Spheric Guardian","floor":18,"turns":4},{"damage":12,"enemies":"2 Thieves","floor":22,"turns":4},{"damage":24,"enemies":"Book of Stabbing","floor":24,"turns":4},{"damage":37,"enemies":"Slavers","floor":28,"turns":5},{"damage":27,"enemies":"Gremlin Leader","floor":31,"turns":5},{"damage":110,"enemies":"Collector","floor":33,"turns":9},{"damage":1,"enemies":"Orb Walker","floor":35,"turns":2},{"damage":32,"enemies":"3 Darklings","floor":38,"turns":3},{"damage":13,"enemies":"Transient","floor":41,"turns":5},{"damage":45,"enemies":"Maw","floor":42,"turns":7},{"damage":0,"enemies":"3 Darklings","floor":45,"turns":4},{"damage":84,"enemies":"Nemesis","floor":47,"turns":6}],"relics_obtained":[{"floor":6,"key":"Singing Bowl"},{"floor":8,"key":"Potion Belt"},{"floor":9,"key":"Centennial Puzzle"},{"floor":10,"key":"Dead Branch"},{"floor":24,"key":"Ancient Tea Set"},{"floor":26,"key":"Cables"},{"floor":28,"key":"Art of War"},{"floor":29,"key":"Meat on the Bone"},{"floor":31,"key":"Lantern"},{"floor":43,"key":"Pantograph"}],"event_choices":[{"event_name":"Living Wall","player_choice":"Grow","floor":3,"damage_taken":0},{"event_name":"Golden Idol","player_choice":"Take Wound","floor":12,"damage_taken":0},{"event_name":"Addict","player_choice":"Ignored","floor":20,"damage_taken":0},{"event_name":"The Library","player_choice":"Read","floor":27,"damage_taken":0},{"event_name":"Winding Halls","player_choice":"Embrace Madness","floor":36,"damage_taken":0},{"event_name":"SensoryStone","player_choice":"Memory 3","floor":37,"damage_taken":0},{"event_name":"Mysterious Sphere","player_choice":"Ignore","floor":46,"damage_taken":0}],"boss_relics":[{"not_picked":["Inserter","Philosopher\u0027s Stone"],"picked":"Eternal Feather"},{"not_picked":["Runic Dome","Snecko Eye"],"picked":"Sozu"}],"items_purged_floors":[39],"potions_floor_spawned":[1,10,14,16,22,24,31,35,42],"seed_played":"-5588464000081827599","killed_by":"Nemesis","ascension_level":1,"potions_obtained":[{"floor":1,"key":"SteroidPotion"},{"floor":10,"key":"Explosive Potion"},{"floor":14,"key":"FairyPotion"},{"floor":16,"key":"SteroidPotion"},{"floor":22,"key":"Weak Potion"},{"floor":24,"key":"SmokeBomb"},{"floor":31,"key":"GamblersBrew"}],"is_trial":false}