{"gold_per_floor":[119,119,143,23,35,35,68,85,132,149,149,167,38,56,56,56],"floor_reached":16,"playtime":1625,"items_purged":["Defend_G"],"score":102,"play_id":"2f9324a7-0d51-43c8-a804-ab35618dbbd3","local_time":"20190131211505","is_ascension_mode":false,"campfire_choices":[{"floor":15,"key":"REST"}],"neow_cost":"NONE","seed_source_timestamp":329136031987677,"circlet_count":0,"master_deck":["Defend_G","Defend_G","Defend_G","Defend_G","Strike_G","Strike_G","Strike_G","Strike_G","Strike_G","Survivor","Neutralize","Prepared","Well Laid Plans","Cloak And Dagger","Well Laid Plans","Neutralize","Outmaneuver","Deflect","Burst","Distraction","Finisher","Predator","Acrobatics","Acrobatics"],"relics":["White Beast Statue","Bag of Preparation","Pear","Lantern"],"potions_floor_usage":[7,16,16,16],"damage_taken":[{"damage":3,"enemies":"Small Slimes","floor":1,"turns":4},{"damage":0,"enemies":"Jaw Worm","floor":5,"turns":4},{"damage":21,"enemies":"3 Sentries","floor":7,"turns":15},{"damage":1,"enemies":"Cultist","floor":8,"turns":6},{"damage":26,"enemies":"Lots of Slimes","floor":10,"turns":9},{"damage":4,"enemies":"Looter","floor":12,"turns":4},{"damage":7,"enemies":"Exordium Thugs","floor":14,"turns":4},{"damage":60,"enemies":"Hexaghost","floor":16,"turns":16}],"seed_played":"-1878817915350966762","potions_obtained":[{"floor":1,"key":"Strength Potion"},{"floor":5,"key":"SteroidPotion"},{"floor":7,"key":"Strength Potion"},{"floor":8,"key":"Dexterity Potion"},{"floor":10,"key":"Block Potion"},{"floor":12,"key":"Regen Potion"}],"is_trial":false,"path_per_floor":["M","?","T","$","M","?","E","M","T","M","?","M","$","M","R","B"],"character_chosen":"THE_SILENT","items_purchased":["Well Laid Plans","Cloak And Dagger","Acrobatics"],"campfire_rested":1,"item_purchase_floors":[4,4,13],"current_hp_per_floor":[67,67,67,67,67,67,56,55,55,29,29,25,25,18,42,0],"gold":56,"neow_bonus":"BOSS_RELIC","is_prod":false,"is_daily":false,"chose_seed":false,"campfire_upgraded":0,"win_rate":0.0,"timestamp":1548990905,"path_taken":["M","?","?","$","M","?","E","?","T","?","?","M","?","M","R","BOSS"],"build_version":"2019-01-23","purchased_purges":1,"victory":false,"max_hp_per_floor":[70,70,70,70,70,70,80,80,80,80,80,80,80,80,80,80],"card_choices":[{"not_picked":["Cloak And Dagger","Predator"],"picked":"Prepared","floor":1},{"not_picked":["Underhanded Strike","Blade Dance"],"picked":"Well Laid Plans","floor":5},{"not_picked":["Finisher","Dagger Spray"],"picked":"Deflect","floor":7},{"not_picked":["Riddle With Holes","Flying Knee"],"picked":"Burst","floor":8},{"not_picked":["Outmaneuver","Flying Knee"],"picked":"Distraction","floor":10},{"not_picked":["Escape Plan","Outmaneuver"],"picked":"Predator","floor":12},{"not_picked":["Predator","Prepared"],"picked":"Acrobatics","floor":14}],"player_experience":89466,"relics_obtained":[{"floor":3,"key":"Bag of Preparation"},{"floor":7,"key":"Pear"},{"floor":9,"key":"Lantern"}],"event_choices":[{"damage_healed":0,"gold_gain":0,"player_choice":"Ignored","damage_taken":0,"max_hp_gain":0,"max_hp_loss":0,"event_name":"Golden Idol","floor":2,"gold_loss":0},{"damage_healed":0,"gold_gain":0,"player_choice":"3 cards matched","damage_taken":0,"max_hp_gain":0,"max_hp_loss":0,"event_name":"Match and Keep!","floor":6,"gold_loss":0,"cards_obtained":["Expertise","Neutralize","Outmaneuver"]},{"damage_healed":0,"gold_gain":0,"cards_transformed":["Expertise"],"player_choice":"Transformed","damage_taken":0,"max_hp_gain":0,"max_hp_loss":0,"event_name":"Transmorgrifier","floor":11,"gold_loss":0,"cards_obtained":["Finisher"]}],"is_beta":false,"boss_relics":[],"items_purged_floors":[13],"is_endless":false,"potions_floor_spawned":[1,5,7,8,10,12,14],"killed_by":"Hexaghost","ascension_level":0}