{"gold_per_floor":[110,130,147,160,160,160,5,39,39,39,55,69,103,103,103,180,180,193,193,193,205,205,205,237,251,251,251,267,284,349,50,50,124,124,141,155,48,48,68,68,84,101,156,174,174,86,86,111,111,111],"floor_reached":51,"playtime":2932,"items_purged":["Strike_G"],"score":1315,"play_id":"7890c65c-4d9e-4e11-8de5-3ed45b1d02ea","local_time":"20181218224328","is_ascension_mode":true,"campfire_choices":[{"data":"Neutralize","floor":6,"key":"SMITH"},{"data":"Calculated Gamble","floor":10,"key":"SMITH"},{"floor":15,"key":"REST"},{"data":"After Image","floor":23,"key":"SMITH"},{"floor":27,"key":"REST"},{"floor":32,"key":"REST"},{"floor":40,"key":"REST"},{"floor":47,"key":"REST"},{"floor":49,"key":"REST"}],"neow_cost":"NONE","seed_source_timestamp":0,"circlet_count":0,"master_deck":["AscendersBane","Defend_G+1","Defend_G+1","Defend_G+1","Defend_G+1","Defend_G+1","Strike_G+1","Strike_G+1","Survivor","Neutralize+1","All Out Attack","Footwork","Cloak And Dagger","Riddle With Holes","Caltrops","Well Laid Plans","Calculated Gamble+1","Acrobatics+1","Cloak And Dagger+1","Sucker Punch","After Image+1","Terror+1","Necronomicurse","Backflip+1","Predator","Leg Sweep+1","Mayhem","A Thousand Cuts","Finesse+1","Concentrate+1","Dash","Blur+1","Footwork","Infinite Blades"],"special_seed":0,"relics":["Ring of the Snake","Vajra","Matryoshka","Toxic Egg 2","Torii","War Paint","Happy Flower","Empty Cage","Necronomicon","Omamori","Bottled Lightning","PreservedInsect","Tiny Chest","Busted Crown","Centennial Puzzle","Lantern"],"potions_floor_usage":[13,16,22,24,30,33,33,50,50],"damage_taken":[{"damage":1.0,"enemies":"Small Slimes","floor":1.0,"turns":4.0},{"damage":0.0,"enemies":"Cultist","floor":2.0,"turns":3.0},{"damage":2.0,"enemies":"Jaw Worm","floor":3.0,"turns":5.0},{"damage":1.0,"enemies":"Blue Slaver","floor":4.0,"turns":7.0},{"damage":18,"enemies":"Lagavulin","floor":8,"turns":8},{"damage":1,"enemies":"Looter","floor":11,"turns":4},{"damage":0,"enemies":"2 Fungi Beasts","floor":12,"turns":3},{"damage":2,"enemies":"3 Sentries","floor":13,"turns":7},{"damage":25,"enemies":"Slime Boss","floor":16,"turns":14},{"damage":0,"enemies":"3 Byrds","floor":18,"turns":3},{"damage":1,"enemies":"2 Thieves","floor":21,"turns":4},{"damage":0,"enemies":"Masked Bandits","floor":22,"turns":1},{"damage":15,"enemies":"Book of Stabbing","floor":24,"turns":5},{"damage":0,"enemies":"Centurion and Healer","floor":25,"turns":5},{"damage":0,"enemies":"3 Cultists","floor":28,"turns":5},{"damage":10,"enemies":"Cultist and Chosen","floor":29,"turns":5},{"damage":12,"enemies":"Slavers","floor":30,"turns":5},{"damage":3,"enemies":"Champ","floor":33,"turns":12},{"damage":11,"enemies":"3 Shapes","floor":35,"turns":7},{"damage":1,"enemies":"Orb Walker","floor":36,"turns":3},{"damage":20,"enemies":"Jaw Worm Horde","floor":39,"turns":5},{"damage":6,"enemies":"Transient","floor":41,"turns":6},{"damage":13,"enemies":"4 Shapes","floor":42,"turns":8},{"damage":1,"enemies":"Maw","floor":44,"turns":7},{"damage":24,"enemies":"Reptomancer","floor":48,"turns":8},{"damage":20,"enemies":"Donu and Deca","floor":50,"turns":12}],"seed_played":"-9206001081954757781","potions_obtained":[{"floor":2.0,"key":"SteroidPotion"},{"floor":4.0,"key":"Weak Potion"},{"floor":16,"key":"SmokeBomb"},{"floor":21,"key":"AttackPotion"},{"floor":25,"key":"LiquidBronze"},{"floor":29,"key":"Strength Potion"},{"floor":35,"key":"Dexterity Potion"},{"floor":41,"key":"Strength Potion"}],"is_trial":false,"path_per_floor":["M","M","M","M","?","R","$","E","T","R","M","M","E","?","R","B",null,"M","?","?","M","?","R","E","M","T","R","M","M","E","$","R","B",null,"M","M","$","?","M","R","M","M","T","M","?","$","R","E","R","B",null],"character_chosen":"THE_SILENT","items_purchased":["Well Laid Plans","GhostInAJar","Mayhem","Finesse+1","Footwork"],"campfire_rested":6,"item_purchase_floors":[7,31,31,37,46],"current_hp_per_floor":[58,58,56,55,55,55,55,37,37,37,36,36,34,23,42,17,54,54,54,33,32,32,32,17,17,17,36,36,26,14,14,33,30,57,46,45,45,35,15,34,28,15,15,14,27,27,46,22,41,21],"gold":111,"neow_bonus":"RANDOM_COMMON_RELIC","is_prod":false,"is_daily":false,"chose_seed":false,"campfire_upgraded":3,"win_rate":0,"timestamp":1545201808,"path_taken":["M","M","M","M","?","R","$","E","T","R","?","M","E","?","R","BOSS","M","?","?","M","?","R","E","M","T","R","M","M","E","$","R","BOSS","M","M","$","?","M","R","M","M","T","M","?","?","R","E","R","BOSS"],"build_version":"2018-12-17","purchased_purges":1,"victory":true,"max_hp_per_floor":[66,66,66,66,66,66,66,66,66,66,66,66,66,66,66,66,66,66,66,66,66,66,66,66,66,66,66,66,66,66,66,66,66,66,66,66,66,66,66,66,66,66,66,66,66,66,66,66,66,66],"card_choices":[{"not_picked":["Acrobatics","Concentrate"],"picked":"All Out Attack","floor":1.0},{"not_picked":["Quick Slash","Flechettes"],"picked":"Footwork","floor":2.0},{"not_picked":["Dagger Throw","Predator"],"picked":"Cloak And Dagger","floor":3.0},{"not_picked":["Slice","Prepared"],"picked":"Riddle With Holes","floor":4.0},{"not_picked":["Finisher","Flying Knee"],"picked":"Calculated Gamble","floor":8},{"not_picked":["Poisoned Stab","PiercingWail+1"],"picked":"Acrobatics+1","floor":11},{"not_picked":["Deflect+1","Outmaneuver+1"],"picked":"Cloak And Dagger+1","floor":12},{"not_picked":["Outmaneuver+1","Quick Slash"],"picked":"Sucker Punch","floor":13},{"not_picked":["Burst+1","Adrenaline+1"],"picked":"After Image","floor":16},{"not_picked":["Reflex+1","PiercingWail+1"],"picked":"Terror+1","floor":18},{"not_picked":["Deflect+1","Bane","Underhanded Strike"],"picked":"SKIP","floor":21},{"not_picked":["Accuracy","Crippling Poison+1"],"picked":"Backflip+1","floor":24},{"not_picked":["Deflect+1","Caltrops","Riddle With Holes"],"picked":"SKIP","floor":25},{"not_picked":["Poisoned Stab","Underhanded Strike"],"picked":"Predator","floor":28},{"not_picked":["Dagger Spray","Dodge and Roll+1"],"picked":"Leg Sweep+1","floor":29},{"not_picked":["All Out Attack+1","Choke","Blade Dance+1"],"picked":"SKIP","floor":30},{"not_picked":["Corpse Explosion+1","Phantasmal Killer+1"],"picked":"A Thousand Cuts","floor":33},{"not_picked":["Terror+1"],"picked":"SKIP","floor":35},{"not_picked":["PiercingWail+1"],"picked":"SKIP","floor":36},{"not_picked":["All Out Attack+1"],"picked":"SKIP","floor":39},{"not_picked":[],"picked":"Concentrate+1","floor":41},{"not_picked":[],"picked":"Dash","floor":42},{"not_picked":[],"picked":"Blur+1","floor":44},{"not_picked":[],"picked":"Infinite Blades","floor":48}],"player_experience":972762,"relics_obtained":[{"floor":8,"key":"Matryoshka"},{"floor":9,"key":"Toxic Egg 2"},{"floor":9,"key":"Torii"},{"floor":13,"key":"War Paint"},{"floor":20,"key":"Necronomicon"},{"floor":24,"key":"Omamori"},{"floor":26,"key":"Bottled Lightning"},{"floor":26,"key":"PreservedInsect"},{"floor":30,"key":"Tiny Chest"},{"floor":43,"key":"Centennial Puzzle"},{"floor":48,"key":"Lantern"}],"event_choices":[{"damage_healed":0,"gold_gain":0,"player_choice":"1 cards matched","damage_taken":0,"max_hp_gain":0,"max_hp_loss":0,"event_name":"Match and Keep!","floor":5,"gold_loss":0,"cards_obtained":["Caltrops"]},{"damage_healed":0,"gold_gain":0,"player_choice":"1 cards matched","damage_taken":0,"max_hp_gain":0,"max_hp_loss":0,"event_name":"Match and Keep!","floor":5,"gold_loss":0,"cards_obtained":["Caltrops"]},{"damage_healed":0,"gold_gain":0,"player_choice":"Success","damage_taken":11,"relics_obtained":["Happy Flower"],"max_hp_gain":0,"max_hp_loss":0,"event_name":"Scrap Ooze","floor":14,"gold_loss":0},{"damage_healed":0,"gold_gain":0,"player_choice":"Simplicity","damage_taken":0,"max_hp_gain":0,"max_hp_loss":0,"event_name":"Back to Basics","floor":19,"gold_loss":0,"cards_upgraded":["Defend_G","Defend_G","Defend_G","Strike_G","Strike_G"]},{"damage_healed":0,"gold_gain":0,"player_choice":"Obtained Book","damage_taken":21,"max_hp_gain":0,"max_hp_loss":0,"event_name":"Cursed Tome","floor":20,"gold_loss":0},{"damage_healed":0,"gold_gain":0,"player_choice":"Fought Bandits","damage_taken":0,"max_hp_gain":0,"max_hp_loss":0,"event_name":"Masked Bandits","floor":22,"gold_loss":0},{"damage_healed":0,"gold_gain":0,"player_choice":"Memory 3","damage_taken":10,"max_hp_gain":0,"max_hp_loss":0,"event_name":"SensoryStone","floor":38,"gold_loss":0},{"damage_healed":13,"gold_gain":0,"player_choice":"Writhe","damage_taken":0,"max_hp_gain":0,"max_hp_loss":0,"event_name":"Winding Halls","floor":45,"gold_loss":0,"cards_obtained":["Writhe"]}],"is_beta":true,"boss_relics":[{"not_picked":["White Beast Statue","Fusion Hammer"],"picked":"Empty Cage"},{"not_picked":["Runic Dome","Pandora\u0027s Box"],"picked":"Busted Crown"}],"items_purged_floors":[7],"is_endless":false,"potions_floor_spawned":[2,4,8,16,21,22,25,29,35,41,42],"ascension_level":18}