{"path_per_floor":["M","$","T","M","$","R","M","R","T","R","E","M","?","M","R","B",null,"M","?","$","M","M","R","M","R","T","E","?","?","E","$","R","B",null,"M","M","?","?","$","R","E","R","T","$","R","M","M","?","R"],"character_chosen":"DEFECT","items_purchased":["Regal Pillow","Shovel","Lantern","Trip"],"gold_per_floor":[112,112,159,173,98,98,113,113,191,191,222,238,338,358,358,461,461,472,503,403,413,426,426,440,440,511,545,545,545,576,108,108,213,213,227,237,237,237,237,237,264,264,319,66,66,77,91,140,140,140],"floor_reached":50,"campfire_rested":2,"playtime":6079,"item_purchase_floors":[],"current_hp_per_floor":[74,74,81,79,79,79,79,79,79,79,58,42,42,42,42,38,82,68,68,68,52,44,44,41,41,41,41,41,25,21,21,60,44,82,82,75,75,65,65,65,34,34,34,34,34,30,35,25,64,0],"items_purged":["Strike_B","Strike_B"],"gold":140,"score":584,"play_id":"854d4b1c-410c-4fb1-8399-d5541111d21b","local_time":"20180620145605","is_prod":false,"is_daily":false,"chose_seed":false,"is_ascension_mode":true,"campfire_upgraded":7,"win_rate":0,"timestamp":1529531765,"campfire_choices":[{"data":"Sunder","floor":6.0,"key":"SMITH"},{"data":"Zap","floor":8.0,"key":"SMITH"},{"data":"Ball Lightning","floor":10.0,"key":"SMITH"},{"data":"Conserve Battery","floor":15.0,"key":"SMITH"},{"data":"Stack","floor":23.0,"key":"SMITH"},{"data":"Hologram","floor":25.0,"key":"SMITH"},{"floor":32.0,"key":"REST"},{"data":"Secret Weapon","floor":40.0,"key":"SMITH"},{"floor":42.0,"key":"DIG"},{"floor":45.0,"key":"DIG"},{"floor":49.0,"key":"REST"}],"path_taken":["M","?","?","M","$","R","M","R","T","R","E","M","?","?","R","BOSS","M","?","$","M","M","R","M","R","T","E","?","?","E","$","R","BOSS","M","M","?","?","$","R","E","R","T","$","R","M","M","?","R","BOSS"],"build_version":"2018-06-14v2","seed_source_timestamp":0,"purchased_purges":2,"victory":false,"master_deck":["Defend_B+1","Defend_B+1","Defend_B+1","Zap+1","Dualcast","Seek","Doom and Gloom","Sunder+1","Ball Lightning+1","Conserve Battery+1","Cold Snap","Creative AI","Hologram+1","Turbo","Beam Cell","Stack+1","Streamline+1","Go for the Eyes","Stack+1","Seek","Coolheaded+1","Multi-Cast+1","Ball Lightning+1","Redo+1","Panacea","Secret Weapon+1","Thinking Ahead","Trip","Leap+1","BootSequence+1"],"max_hp_per_floor":[75,75,82,82,82,82,82,82,82,82,82,82,82,82,82,82,82,82,82,82,82,82,82,82,82,82,82,82,82,82,82,82,82,82,82,82,82,82,82,82,82,82,82,82,82,82,82,82,82,82],"special_seed":0,"relics":["Cracked Core","Strawberry","Darkstone Periapt","Happy Flower","Sozu","Red Mask","Bottled Lightning","Prayer Wheel","Enchiridion","Dream Catcher","Regal Pillow","Shovel","Astrolabe","Juzu Bracelet","Mummified Hand","Tiny Chest","Lantern","Ancient Tea Set","Gambling Chip"],"card_choices":[{"not_picked":["Force Field","Coolheaded"],"picked":"Doom and Gloom","floor":1.0},{"not_picked":["Auto Shields","Force Field"],"picked":"Sunder","floor":4.0},{"not_picked":["Rebound","Gash"],"picked":"Ball Lightning","floor":7.0},{"not_picked":["Multi-Cast","Doom and Gloom"],"picked":"Heatsinks","floor":11.0},{"not_picked":["Sweeping Beam","Stack"],"picked":"Conserve Battery","floor":12.0},{"not_picked":["Hologram","Barrage"],"picked":"Cold Snap","floor":14.0},{"not_picked":["Reboot","Core Surge"],"picked":"Creative AI","floor":16.0},{"not_picked":["Heatsinks","Compile Driver"],"picked":"Hologram","floor":18.0},{"not_picked":["Barrage","Force Field"],"picked":"Turbo","floor":19.0},{"not_picked":["Gash","Blizzard"],"picked":"Beam Cell","floor":21.0},{"not_picked":["Biased Cognition","Doom and Gloom"],"picked":"Stack","floor":22.0},{"not_picked":["Steam","Static Discharge"],"picked":"Streamline+1","floor":24.0},{"not_picked":["Coolheaded+1","Fusion"],"picked":"Go for the Eyes","floor":27.0},{"not_picked":["Rip and Tear","Machine Learning","Fusion+1"],"picked":"SKIP","floor":30.0},{"not_picked":["Compile Driver","Sunder"],"picked":"Stack+1","floor":32.0},{"not_picked":["Meteor Strike","Biased Cognition"],"picked":"Seek","floor":33.0},{"not_picked":["Reprogram","Barrage+1"],"picked":"Redo+1","floor":35.0},{"not_picked":["Compile Driver","Consume","Double Energy"],"picked":"SKIP","floor":35.0},{"not_picked":["Go for the Eyes+1","Beam Cell","Rebound"],"picked":"SKIP","floor":36.0},{"not_picked":["Stack+1","Streamline","Darkness"],"picked":"SKIP","floor":36.0},{"not_picked":["Bandage Up","Jack Of All Trades"],"picked":"Panacea","floor":38.0},{"not_picked":["Bandage Up","Panacea"],"picked":"Secret Weapon","floor":38.0},{"not_picked":["Transmutation","Secret Technique"],"picked":"Thinking Ahead","floor":38.0},{"not_picked":["Stack","Beam Cell+1","Streamline+1"],"picked":"SKIP","floor":41.0},{"not_picked":["Turbo","Self Repair","Darkness"],"picked":"SKIP","floor":46.0},{"not_picked":["Steam+1","Rebound","Turbo+1"],"picked":"SKIP","floor":46.0},{"not_picked":["Steam","Compile Driver+1"],"picked":"Leap+1","floor":47.0},{"not_picked":["Ball Lightning+1","Hologram","Genetic Algorithm+1"],"picked":"SKIP","floor":47.0},{"not_picked":["Reprogram","Genetic Algorithm"],"picked":"BootSequence+1","floor":49.0}],"player_experience":902425,"potions_floor_usage":[],"damage_taken":[{"damage":1.0,"enemies":"Cultist","floor":1.0,"turns":3.0},{"damage":2.0,"enemies":"Jaw Worm","floor":4.0,"turns":3.0},{"damage":0.0,"enemies":"2 Louse","floor":7.0,"turns":1.0},{"damage":21.0,"enemies":"Lagavulin","floor":11.0,"turns":4.0},{"damage":16.0,"enemies":"Blue Slaver","floor":12.0,"turns":3.0},{"damage":0.0,"enemies":"Large Slime","floor":14.0,"turns":3.0},{"damage":4.0,"enemies":"Hexaghost","floor":16.0,"turns":7.0},{"damage":14.0,"enemies":"Shell Parasite","floor":18.0,"turns":5.0},{"damage":0.0,"floor":19.0,"turns":2.0},{"damage":16.0,"enemies":"Chosen","floor":21.0,"turns":5.0},{"damage":8.0,"enemies":"Snake Plant","floor":22.0,"turns":4.0},{"damage":3.0,"enemies":"Centurion and Healer","floor":24.0,"turns":6.0},{"damage":0.0,"enemies":"Slavers","floor":27.0,"turns":4.0},{"damage":4.0,"enemies":"Book of Stabbing","floor":30.0,"turns":5.0},{"damage":16.0,"enemies":"Automaton","floor":33.0,"turns":10.0},{"damage":0.0,"enemies":"Orb Walker","floor":35.0,"turns":3.0},{"damage":7.0,"enemies":"3 Shapes","floor":36.0,"turns":4.0},{"damage":31.0,"enemies":"2 Orb Walkers","floor":41.0,"turns":5.0},{"damage":4.0,"enemies":"Sphere and 2 Shapes","floor":46.0,"turns":3.0},{"damage":2.0,"enemies":"4 Shapes","floor":47.0,"turns":5.0},{"damage":10.0,"floor":48.0,"turns":5.0},{"damage":80,"enemies":"Donu and Deca","floor":50,"turns":7}],"relics_obtained":[{"floor":3.0,"key":"Strawberry"},{"floor":9.0,"key":"Darkstone Periapt"},{"floor":11.0,"key":"Happy Flower"},{"floor":19.0,"key":"Red Mask"},{"floor":26.0,"key":"Bottled Lightning"},{"floor":27.0,"key":"Prayer Wheel"},{"floor":29.0,"key":"Enchiridion"},{"floor":30.0,"key":"Dream Catcher"},{"floor":41.0,"key":"Juzu Bracelet"},{"floor":42.0,"key":"Mummified Hand"},{"floor":43.0,"key":"Tiny Chest"},{"floor":45.0,"key":"Ancient Tea Set"},{"floor":48.0,"key":"Gambling Chip"}],"event_choices":[{"event_name":"Golden Shrine","player_choice":"Pray","floor":13.0,"damage_taken":0.0},{"event_name":"Masked Bandits","player_choice":"Fought over 472 gold","floor":19.0,"damage_taken":0.0},{"event_name":"Back to Basics","player_choice":"Simplicity","floor":28.0,"damage_taken":0.0},{"event_name":"Cursed Tome","player_choice":"Obtained Book","floor":29.0,"damage_taken":0.0},{"event_name":"Falling","player_choice":"Removed Power","floor":37.0,"damage_taken":0.0},{"event_name":"SensoryStone","player_choice":"Memory 3","floor":38.0,"damage_taken":0.0},{"event_name":"Mysterious Sphere","player_choice":"Fight","floor":48.0,"damage_taken":0.0}],"boss_relics":[{"not_picked":["Pandora\u0027s Box","Runic Dome"],"picked":"Sozu"},{"not_picked":["Orrery","Fusion Hammer"],"picked":"Astrolabe"}],"items_purged_floors":[],"is_endless":false,"potions_floor_spawned":[1,11,12,16,19,22,27,36,41,46],"seed_played":"-4862043861866923146","killed_by":"Donu and Deca","ascension_level":2,"potions_obtained":[{"floor":1.0,"key":"Poison Potion"},{"floor":11.0,"key":"EssenceOfSteel"},{"floor":12.0,"key":"Weak Potion"},{"floor":16.0,"key":"SneckoOil"}],"is_trial":false}