{"gold_per_floor":[110,129,129,129,148,148,181,191,221,256,256,291,305,305],"floor_reached":14,"playtime":483,"items_purged":[],"score":220,"play_id":"26c5f83c-f5b4-4ca3-bb6b-f36336a73538","local_time":"20181209152026","is_ascension_mode":true,"campfire_choices":[{"floor":6,"key":"REST"}],"neow_cost":"NONE","seed_source_timestamp":179809024069592,"circlet_count":0,"master_deck":["AscendersBane","Strike_R","Strike_R","Strike_R","Strike_R","Strike_R","Defend_R","Defend_R+1","Defend_R+1","Bash","Perfected Strike","Iron Wave+1","Armaments+1","Body Slam","Dark Embrace","Entrench+1","Inflame"],"relics":["Burning Blood","War Paint","Toxic Egg 2","Tiny Chest","Vajra","Bottled Flame"],"potions_floor_usage":[10,12],"damage_taken":[{"damage":1,"enemies":"Cultist","floor":1,"turns":3},{"damage":3,"enemies":"Small Slimes","floor":2,"turns":3},{"damage":0,"enemies":"2 Louse","floor":5,"turns":2},{"damage":24,"enemies":"3 Sentries","floor":7,"turns":12},{"damage":10,"enemies":"Large Slime","floor":8,"turns":5},{"damage":28,"enemies":"Lagavulin","floor":10,"turns":4},{"damage":27,"enemies":"3 Sentries","floor":12,"turns":8},{"damage":0,"enemies":"Looter","floor":13,"turns":3},{"damage":21,"enemies":"Exordium Thugs","floor":14,"turns":5}],"seed_played":"5789238489545425997","potions_obtained":[{"floor":2,"key":"Poison Potion"},{"floor":7,"key":"Swift Potion"}],"is_trial":false,"path_per_floor":["M","M","?","?","M","R","E","M","T","E","?","E","M","M"],"character_chosen":"IRONCLAD","items_purchased":[],"campfire_rested":1,"item_purchase_floors":[],"current_hp_per_floor":[73,75,52,26,32,54,36,32,32,10,35,14,20,0],"gold":305,"neow_bonus":"TRANSFORM_CARD","is_prod":false,"is_daily":false,"chose_seed":false,"campfire_upgraded":0,"win_rate":0,"timestamp":1544394026,"path_taken":["M","?","?","?","M","R","E","M","T","E","?","E","M","M"],"build_version":"2018-12-06","purchased_purges":0,"victory":false,"max_hp_per_floor":[75,75,75,75,75,75,75,75,75,75,75,75,75,75],"card_choices":[{"not_picked":["Clothesline","Havoc"],"picked":"Iron Wave","floor":1},{"not_picked":["Sword Boomerang","Combust"],"picked":"Armaments","floor":2},{"not_picked":["Iron Wave","Hemokinesis"],"picked":"Body Slam","floor":5},{"not_picked":["Clothesline","Bloodletting","Iron Wave"],"picked":"SKIP","floor":7},{"not_picked":["Sword Boomerang","Twin Strike","Iron Wave"],"picked":"SKIP","floor":8},{"not_picked":["Combust","Iron Wave"],"picked":"Dark Embrace","floor":10},{"not_picked":["Twin Strike","Iron Wave"],"picked":"Entrench+1","floor":12},{"not_picked":["Clothesline","Searing Blow"],"picked":"Inflame","floor":13}],"player_experience":558492,"relics_obtained":[{"floor":7,"key":"Toxic Egg 2"},{"floor":9,"key":"Tiny Chest"},{"floor":10,"key":"Vajra"},{"floor":12,"key":"Bottled Flame"}],"event_choices":[{"damage_healed":0,"gold_gain":0,"player_choice":"Entered Light","damage_taken":23,"max_hp_gain":0,"max_hp_loss":0,"event_name":"Shining Light","floor":3,"gold_loss":0,"cards_upgraded":["Defend_R","Iron Wave"]},{"damage_healed":0,"gold_gain":0,"player_choice":"Success","damage_taken":26,"relics_obtained":["War Paint"],"max_hp_gain":0,"max_hp_loss":0,"event_name":"Scrap Ooze","floor":4,"gold_loss":0},{"damage_healed":25,"gold_gain":0,"player_choice":"Banana","damage_taken":0,"max_hp_gain":0,"max_hp_loss":0,"event_name":"Big Fish","floor":11,"gold_loss":0}],"is_beta":false,"boss_relics":[],"items_purged_floors":[],"is_endless":false,"potions_floor_spawned":[2,7,8],"killed_by":"Exordium Thugs","ascension_level":20}