{"path_per_floor":["M","?","?","M","T","E","R","$","T","R","E","$","T","$","R","B",null,"M","T","M","?","M","E","R","?","T","$","M","M","M","M","R","B",null,"M","?","?","T","?","R","M","M","T"],"character_chosen":"IRONCLAD","items_purchased":["Vajra","Thunderclap","Heavy Blade","Disarm"],"gold_per_floor":[115,115,190,204,204,231,231,63,63,63,120,71,71,35,35,135,135,154,179,198,98,109,137,137,62,62,62,74,91,109,128,128,226,256,272,272,324,324,424,424,442,453,453],"floor_reached":44,"campfire_rested":2,"playtime":6219,"current_hp_per_floor":[80,73,62,68,68,74,74,74,74,74,61,61,61,61,61,35,80,59,59,65,65,68,63,63,63,63,63,53,53,43,31,58,36,98,87,87,55,55,55,86,59,24,24],"items_purged":[],"gold":453,"score":484,"play_id":"10edac66-ab71-448c-8508-e43856d3d77e","is_prod":false,"is_daily":false,"is_ascension_mode":false,"campfire_upgraded":4,"path_taken":["M","?","?","M","?","E","R","$","T","R","E","$","?","?","R","BOSS","M","?","M","?","?","E","R","?","T","$","M","?","M","M","R","BOSS","M","?","?","?","?","R","?","M","T","E"],"build_version":"2018-02-22-PROD1","purchased_purges":0,"victory":false,"master_deck":["Strike_R","Strike_R","Strike_R","Defend_R","Defend_R","Defend_R","Defend_R","Bash","Armaments+1","Thunderclap","Flex+1","Thunderclap+1","Heavy Blade","Disarm+1","Feed","Infernal Blade+1","Twin Strike+1","J.A.X.","Limit Break+1","Infernal Blade","Seeing Red+1","Dropkick+1","Twin Strike"],"max_hp_per_floor":[80,80,80,80,80,80,80,80,80,80,80,80,80,80,80,80,80,80,80,80,80,80,84,84,84,84,84,84,87,90,93,93,93,98,101,101,104,104,104,104,104,104,104],"relics":["Burning Blood","NeowsBlessing","Self Forming Clay","Bottled Lightning","Vajra","Sundial","Tiny Chest","Oddly Smooth Stone","White Beast Statue","Bag of Preparation","Whetstone","Paper Frog","Tiny House","Ice Cream","Bottled Flame","Toolbox"],"card_choices":[{"not_picked":["Clash","Rampage"],"picked":"Armaments"},{"not_picked":["Second Wind","Flex"],"picked":"Thunderclap"},{"not_picked":["Shrug It Off","Rage"],"picked":"Flex"},{"not_picked":["Barricade","Dark Embrace"],"picked":"Feed"},{"not_picked":["Body Slam","Corruption"],"picked":"Infernal Blade"},{"not_picked":["Bloodletting","Wild Strike"],"picked":"Twin Strike"},{"not_picked":["Wild Strike","Body Slam"],"picked":"Limit Break"},{"not_picked":["Perfected Strike","Twin Strike"],"picked":"Infernal Blade"},{"not_picked":["True Grit","Anger"],"picked":"Seeing Red"},{"not_picked":["Sever Soul","Heavy Blade"],"picked":"Dropkick"},{"not_picked":["Brutality","Fiend Fire"],"picked":"Offering"},{"not_picked":["Immolate","Havoc"],"picked":"Twin Strike"}],"player_experience":251782,"potions_floor_usage":[20,22,22,22,33,33,37,41,44],"damage_taken":[{"damage":0,"enemies":"Jaw Worm","floor":1,"turns":1},{"damage":0,"enemies":"2 Louse","floor":4,"turns":1},{"damage":0,"enemies":"Lagavulin","floor":6,"turns":1},{"damage":19,"enemies":"3 Sentries","floor":11,"turns":5},{"damage":32,"enemies":"The Guardian","floor":16,"turns":11},{"damage":27,"enemies":"Spheric Guardian","floor":18,"turns":5},{"damage":0,"enemies":"Chosen","floor":20,"turns":4},{"damage":3,"enemies":"Centurion and Healer","floor":22,"turns":4},{"damage":15,"enemies":"Book of Stabbing","floor":23,"turns":5},{"damage":16,"enemies":"Slaver and Parasite","floor":28,"turns":4},{"damage":9,"enemies":"3 Cultists","floor":29,"turns":4},{"damage":43,"enemies":"Cultist and Chosen","floor":30,"turns":4},{"damage":21,"enemies":"Centurion and Healer","floor":31,"turns":4},{"damage":28,"enemies":"Champ","floor":33,"turns":6},{"damage":20,"enemies":"3 Darklings","floor":35,"turns":3},{"damage":41,"enemies":"Mysterious Sphere","floor":37,"turns":4},{"damage":33,"enemies":"3 Shapes","floor":41,"turns":3},{"damage":41,"enemies":"Maw","floor":42,"turns":7},{"damage":41,"enemies":"Giant Head","floor":44,"turns":5}],"event_choices":[{"event_name":"Golden Wing","player_choice":"Card Removal","floor":2,"damage_taken":0},{"event_name":"World of Goop","player_choice":"Gather Gold","floor":3,"damage_taken":0},{"event_name":"Drug Dealer","player_choice":"Got JAXXED","floor":21,"damage_taken":0},{"event_name":"Beggar","player_choice":"Gave Gold","floor":25,"damage_taken":0},{"event_name":"Mysterious Sphere","player_choice":"Fight","floor":37,"damage_taken":0},{"event_name":"Golden Shrine","player_choice":"Pray","floor":39,"damage_taken":0}],"boss_relics":[{"not_picked":["Runic Dome","Lizard Tail"],"picked":"White Beast Statue"},{"not_picked":["Eternal Feather","Snecko Eye"],"picked":"Tiny House"}],"potions_floor_spawned":[11,16,18,20,22,23,28,29,30,31,33,35,37,41,42],"seed_played":"8473109823313846333","killed_by":"Giant Head","ascension_level":0,"is_trial":false}