{"gold_per_floor":[111,111,111,111,125,158,158,158,184,109,128,128,193,39,39,116,116,130,130,70,90,90,90,90],"floor_reached":24,"playtime":1460,"items_purged":["Strike_B"],"score":360,"play_id":"c07ecb7e-4bf3-4a27-9b4b-0353053c1114","local_time":"20181120175710","is_ascension_mode":true,"campfire_choices":[{"floor":7,"key":"REST"},{"data":"Defragment","floor":12,"key":"SMITH"},{"data":"Coolheaded","floor":15,"key":"SMITH"},{"data":"Zap","floor":23,"key":"SMITH"}],"neow_cost":"NONE","seed_source_timestamp":37658589271238,"circlet_count":0,"master_deck":["AscendersBane","Defend_B+1","Defend_B","Defend_B","Zap+1","Dualcast+1","Madness","Lockon","Coolheaded+1","Machine Learning","Defragment+1","Storm","Force Field","All For One","Chill+1","Fusion+1","Reprogram+1","Scrape","Gash"],"relics":["Cracked Core","Sundial","PreservedInsect","Tiny Chest","Astrolabe","Mummified Hand"],"potions_floor_usage":[6,13,24],"damage_taken":[{"damage":13,"enemies":"Small Slimes","floor":1,"turns":3},{"damage":2,"enemies":"Jaw Worm","floor":5,"turns":3},{"damage":18,"enemies":"Lagavulin","floor":6,"turns":6},{"damage":3,"enemies":"2 Louse","floor":11,"turns":2},{"damage":16,"enemies":"3 Sentries","floor":13,"turns":5},{"damage":1,"enemies":"The Guardian","floor":16,"turns":9},{"damage":7,"enemies":"3 Byrds","floor":18,"turns":3},{"damage":18,"enemies":"2 Thieves","floor":20,"turns":4},{"damage":17,"enemies":"Snecko","floor":21,"turns":6},{"damage":16,"enemies":"Slavers","floor":24,"turns":4}],"seed_played":"-9187135653782581182","potions_obtained":[{"floor":1,"key":"SteroidPotion"},{"floor":5,"key":"FearPotion"},{"floor":11,"key":"Block Potion"},{"floor":18,"key":"Energy Potion"}],"is_trial":false,"path_per_floor":["M","?","?","?","M","E","R","?","T","?","M","R","E","$","R","B",null,"M","?","M","M","?","R","E"],"character_chosen":"DEFECT","items_purchased":["Force Field"],"campfire_rested":1,"item_purchase_floors":[14],"current_hp_per_floor":[51,44,23,23,21,3,24,41,41,41,38,38,22,22,22,21,56,49,49,31,14,14,14,0],"gold":90,"neow_bonus":"RANDOM_COLORLESS","is_prod":false,"is_daily":false,"chose_seed":false,"campfire_upgraded":3,"win_rate":0,"timestamp":1542697030,"path_taken":["M","?","?","?","?","E","R","?","T","?","M","R","E","?","R","BOSS","M","?","M","M","?","R","E"],"build_version":"2018-11-15","purchased_purges":1,"victory":false,"max_hp_per_floor":[71,71,71,71,71,71,71,71,71,68,68,68,68,68,68,68,68,68,68,68,68,68,68,68],"card_choices":[{"not_picked":["Recycle","Turbo"],"picked":"Lockon","floor":1},{"not_picked":["Beam Cell","Go for the Eyes"],"picked":"Coolheaded","floor":5},{"not_picked":["Compile Driver","Darkness"],"picked":"Machine Learning","floor":6},{"not_picked":["Ball Lightning","Glacier"],"picked":"Defragment","floor":11},{"not_picked":["Sweeping Beam","Rebound"],"picked":"Storm","floor":13},{"not_picked":["Rainbow","Hyperbeam"],"picked":"All For One","floor":16},{"not_picked":["Gash","Turbo+1","Genetic Algorithm"],"picked":"SKIP","floor":18},{"not_picked":["Chaos","Darkness"],"picked":"Scrape","floor":20},{"not_picked":["Compile Driver","Coolheaded"],"picked":"Gash","floor":21}],"player_experience":900205,"relics_obtained":[{"floor":6,"key":"Sundial"},{"floor":9,"key":"PreservedInsect"},{"floor":13,"key":"Tiny Chest"}],"event_choices":[{"cards_removed":["Strike_B"],"damage_healed":0,"gold_gain":0,"player_choice":"Card Removal","damage_taken":7,"max_hp_gain":0,"max_hp_loss":0,"event_name":"Golden Wing","floor":2,"gold_loss":0},{"damage_healed":0,"gold_gain":0,"player_choice":"Entered Light","damage_taken":21,"max_hp_gain":0,"max_hp_loss":0,"event_name":"Shining Light","floor":3,"gold_loss":0,"cards_upgraded":["Dualcast","Defend_B"]},{"damage_healed":0,"gold_gain":0,"player_choice":"Ignored","damage_taken":0,"max_hp_gain":0,"max_hp_loss":0,"event_name":"Golden Idol","floor":4,"gold_loss":0},{"damage_healed":17,"gold_gain":0,"player_choice":"Healed and dodged fight","damage_taken":0,"max_hp_gain":0,"max_hp_loss":0,"event_name":"Mushrooms","floor":8,"gold_loss":0,"cards_obtained":["Parasite"]},{"cards_removed":["Parasite"],"damage_healed":0,"gold_gain":0,"player_choice":"Card Removal","damage_taken":0,"max_hp_gain":0,"max_hp_loss":0,"event_name":"The Cleric","floor":10,"gold_loss":75},{"damage_healed":0,"gold_gain":0,"player_choice":"Opened","damage_taken":0,"relics_obtained":["Mummified Hand"],"max_hp_gain":0,"max_hp_loss":0,"event_name":"The Mausoleum","floor":19,"gold_loss":0,"cards_obtained":["Writhe"]},{"cards_removed":["Writhe"],"damage_healed":0,"gold_gain":0,"player_choice":"Elegance","damage_taken":0,"max_hp_gain":0,"max_hp_loss":0,"event_name":"Back to Basics","floor":22,"gold_loss":0}],"is_beta":true,"boss_relics":[{"not_picked":["Orrery","Philosopher\u0027s Stone"],"picked":"Astrolabe"}],"items_purged_floors":[14],"is_endless":false,"potions_floor_spawned":[1,5,11,18],"killed_by":"Slavers","ascension_level":16}