{"gold_per_floor":[115,40,51,51,64,102,102,116,116,116,137,156,156,18,18,144,144,168,168,5,28,42,76,97,97],"floor_reached":25,"playtime":7888,"items_purged":["Strike_B","Strike_B"],"score":349,"play_id":"6f969a5d-daac-493c-9c93-f15d2080ca70","local_time":"20181111193554","is_ascension_mode":true,"campfire_choices":[{"data":"Hologram","floor":7,"key":"SMITH"},{"data":"Zap","floor":10,"key":"SMITH"},{"data":"Coolheaded","floor":13,"key":"SMITH"},{"floor":15,"key":"REST"}],"neow_cost":"NONE","seed_source_timestamp":103202073722282,"circlet_count":0,"master_deck":["AscendersBane","Defend_B","Defend_B","Defend_B","Defend_B","Zap+1","Dualcast","Ball Lightning","Conserve Battery","Hologram+1","Coolheaded+1","Ball Lightning+1","Doom and Gloom+1","FTL+1","Electrodynamics","Necronomicurse","FTL+1","Ball Lightning+1","Conserve Battery+1","Go for the Eyes+1"],"relics":["Cracked Core","NeowsBlessing","Golden Idol","The Courier","Molten Egg 2","Empty Cage","Necronomicon","Gremlin Horn"],"potions_floor_usage":[6,6,12,12,21,25],"damage_taken":[{"damage":0,"enemies":"Jaw Worm","floor":1,"turns":1},{"damage":0,"enemies":"Small Slimes","floor":3,"turns":1},{"damage":0,"enemies":"2 Louse","floor":5,"turns":1},{"damage":30,"enemies":"3 Sentries","floor":6,"turns":8},{"damage":3,"enemies":"Blue Slaver","floor":8,"turns":4},{"damage":0,"enemies":"3 Louse","floor":11,"turns":3},{"damage":10,"enemies":"Exordium Thugs","floor":12,"turns":4},{"damage":19,"enemies":"Hexaghost","floor":16,"turns":8},{"damage":11,"enemies":"Shell Parasite","floor":18,"turns":5},{"damage":18,"enemies":"2 Thieves","floor":21,"turns":3},{"damage":7,"enemies":"Chosen and Byrds","floor":22,"turns":3},{"damage":18,"enemies":"Book of Stabbing","floor":23,"turns":4},{"damage":0,"enemies":"Snake Plant","floor":24,"turns":2},{"damage":3,"enemies":"Slavers","floor":25,"turns":1}],"seed_played":"-4986857595787559020","potions_obtained":[{"floor":3,"key":"SpeedPotion"},{"floor":5,"key":"Regen Potion"},{"floor":6,"key":"SpeedPotion"},{"floor":11,"key":"EssenceOfSteel"},{"floor":21,"key":"SteroidPotion"},{"floor":23,"key":"AttackPotion"}],"is_trial":false,"path_per_floor":["M","$","M","?","M","E","R","M","T","R","M","M","R","$","R","B",null,"M","?","$","M","M","E","M","E"],"character_chosen":"DEFECT","items_purchased":["FTL+1","FTL+1","Fire Potion","Regen Potion"],"campfire_rested":1,"item_purchase_floors":[14,20,20,20],"current_hp_per_floor":[68,68,68,50,50,35,35,32,32,32,32,22,22,22,44,25,63,52,36,36,27,20,2,2,0],"gold":97,"neow_bonus":"THREE_ENEMY_KILL","is_prod":false,"is_daily":false,"chose_seed":false,"campfire_upgraded":3,"win_rate":0,"timestamp":1541925354,"path_taken":["M","$","M","?","M","E","R","M","T","R","M","M","R","$","R","BOSS","M","?","$","M","M","E","M","E"],"build_version":"2018-11-06","purchased_purges":2,"victory":false,"max_hp_per_floor":[75,75,75,75,75,75,75,75,75,75,75,75,75,75,75,75,75,75,75,75,75,75,75,75,75],"card_choices":[{"not_picked":["Barrage","BootSequence"],"picked":"Ball Lightning","floor":1},{"not_picked":["Storm","Double Energy"],"picked":"Conserve Battery","floor":3},{"not_picked":["Steam","Barrage"],"picked":"Hologram","floor":5},{"not_picked":["Barrage","Beam Cell","Redo"],"picked":"SKIP","floor":6},{"not_picked":["Darkness","Double Energy"],"picked":"Coolheaded","floor":8},{"not_picked":["Melter+1","Self Repair"],"picked":"Ball Lightning+1","floor":11},{"not_picked":["Compile Driver+1","Seek"],"picked":"Doom and Gloom+1","floor":12},{"not_picked":["Multi-Cast","Creative AI"],"picked":"Electrodynamics","floor":16},{"not_picked":["Turbo","Barrage+1","Rebound+1"],"picked":"SKIP","floor":18},{"not_picked":["Hologram","Loop"],"picked":"Ball Lightning+1","floor":21},{"not_picked":["Redo","Fission"],"picked":"Conserve Battery+1","floor":22},{"not_picked":["Redo","Steam Power","Sweeping Beam+1"],"picked":"SKIP","floor":23},{"not_picked":["Gash+1","Rebound+1"],"picked":"Go for the Eyes+1","floor":24}],"player_experience":751898,"relics_obtained":[{"floor":6,"key":"The Courier"},{"floor":9,"key":"Molten Egg 2"},{"floor":19,"key":"Necronomicon"},{"floor":23,"key":"Gremlin Horn"}],"event_choices":[{"damage_healed":0,"gold_gain":0,"player_choice":"Take Damage","damage_taken":18,"relics_obtained":["Golden Idol"],"max_hp_gain":0,"max_hp_loss":0,"event_name":"Golden Idol","floor":4,"gold_loss":0},{"damage_healed":0,"gold_gain":0,"player_choice":"Obtained Book","damage_taken":16,"max_hp_gain":0,"max_hp_loss":0,"event_name":"Cursed Tome","floor":19,"gold_loss":0}],"is_beta":true,"boss_relics":[{"not_picked":["Fusion Hammer","White Beast Statue"],"picked":"Empty Cage"}],"items_purged_floors":[2,14],"is_endless":false,"potions_floor_spawned":[3,5,6,11,21,23,24],"killed_by":"Slavers","ascension_level":11}