{"path_per_floor":["M","?","M","?","?","E","R","M","T","M","R","M","?","M","R","B",null,"M","?","M","?","?","M","M","R","T","M","M","M","R","$","R","B",null,"M","?","M","?","$","R","E","R","T","M","R","?","T","M","R"],"character_chosen":"THE_SILENT","items_purchased":["Pantograph","Distraction","Infinite Blades","Accuracy","Blood Vial","Jack Of All Trades"],"gold_per_floor":[110,110,121,121,86,119,119,139,139,157,157,168,343,355,355,453,453,464,379,398,398,398,409,419,419,419,429,444,463,463,58,58,154,154,170,170,180,480,157,157,186,186,212,224,224,224,224,238,238,238],"floor_reached":50,"campfire_rested":9,"playtime":2981,"item_purchase_floors":[31,31,31,39,39,39],"current_hp_per_floor":[62,62,58,46,61,33,51,51,51,49,63,45,45,37,55,39,63,63,63,47,47,31,24,17,35,35,35,35,24,42,42,42,28,63,49,49,16,16,16,34,18,36,36,11,44,44,44,27,60,0],"items_purged":[],"gold":238,"score":499,"play_id":"dec3d72a-2315-4d71-b219-cacea9fd1740","local_time":"20180522101606","is_prod":false,"is_daily":false,"chose_seed":false,"is_ascension_mode":false,"campfire_upgraded":1,"timestamp":1526976966,"campfire_choices":[{"floor":7,"key":"REST"},{"floor":11,"key":"REST"},{"floor":15,"key":"REST"},{"floor":25,"key":"REST"},{"floor":30,"key":"REST"},{"data":"After Image","floor":32,"key":"SMITH"},{"floor":40,"key":"REST"},{"floor":42,"key":"REST"},{"floor":45,"key":"REST"},{"floor":49,"key":"REST"}],"path_taken":["M","?","M","?","?","E","R","M","T","?","R","M","?","M","R","BOSS","M","?","M","?","?","M","M","R","T","M","M","M","R","$","R","BOSS","M","?","M","?","$","R","E","R","T","M","R","?","?","?","R","BOSS"],"build_version":"2018-05-18","seed_source_timestamp":7569506900862,"purchased_purges":0,"victory":false,"master_deck":["Neutralize","Poisoned Stab+1","Poisoned Stab","Dagger Throw","Crippling Poison","Poisoned Stab","Deflect","After Image+1","Acrobatics","All Out Attack","Deflect","Reflex","Quick Slash","Deflect","Dodge and Roll","Backstab","Infinite Blades+1","Dash","Bane","Well Laid Plans","Distraction","Infinite Blades","After Image","Underhanded Strike+1","PiercingWail+1","Calculated Gamble+1","Accuracy","Jack Of All Trades","Footwork+1","Riddle With Holes+1","Bane+1"],"max_hp_per_floor":[63,63,63,63,63,63,63,63,63,63,63,63,63,63,63,63,63,63,63,63,63,63,63,63,63,63,63,63,63,63,63,63,63,63,63,63,63,63,63,63,63,63,63,63,63,63,63,63,63,63],"relics":["Ring of the Snake","Du-Vu Doll","Gambling Chip","Turnip","Pandora\u0027s Box","Ancient Tea Set","Enchiridion","Omamori","Pantograph","Astrolabe","Blood Vial","Art of War","Regal Pillow","Mummified Hand"],"card_choices":[{"not_picked":["Skewer","Eviscerate"],"picked":"Poisoned Stab","floor":1},{"not_picked":["Escape Plan","Heel Hook"],"picked":"Poisoned Stab","floor":3},{"not_picked":["Choke","Bouncing Flask"],"picked":"Dagger Throw","floor":6},{"not_picked":["Sucker Punch","Slice"],"picked":"Crippling Poison","floor":8},{"not_picked":["Dagger Spray","Slice"],"picked":"Poisoned Stab","floor":10},{"not_picked":["Dodge and Roll","Outmaneuver"],"picked":"Deflect","floor":12},{"not_picked":["Blade Dance","Choke","Crippling Poison"],"picked":"SKIP","floor":14},{"not_picked":["Wraith Form v2","Unload"],"picked":"After Image","floor":16},{"not_picked":["Prepared","Eviscerate"],"picked":"Backstab","floor":18},{"not_picked":["Outmaneuver","Expertise"],"picked":"PiercingWail","floor":20},{"not_picked":["Escape Plan","All Out Attack"],"picked":"Infinite Blades+1","floor":23},{"not_picked":["Deflect","Backflip"],"picked":"Dash","floor":24},{"not_picked":["Riddle With Holes+1","Sucker Punch"],"picked":"Bane","floor":27},{"not_picked":["Dash","Expertise"],"picked":"Well Laid Plans","floor":28},{"not_picked":["Sucker Punch","Predator","Deadly Poison"],"picked":"SKIP","floor":29},{"not_picked":["Burst","Envenom"],"picked":"After Image","floor":33},{"not_picked":["Cloak And Dagger","Escape Plan+1"],"picked":"Flechettes","floor":35},{"not_picked":["Endless Agony","Prepared"],"picked":"Calculated Gamble+1","floor":37},{"not_picked":["Flechettes","Deflect"],"picked":"Footwork+1","floor":41},{"not_picked":["Slice","Blade Dance"],"picked":"Riddle With Holes+1","floor":44},{"not_picked":["Bouncing Flask+1","Outmaneuver"],"picked":"Bane+1","floor":48}],"player_experience":145167,"potions_floor_usage":[16,16,24,28,29,33,35,41,48,48],"damage_taken":[{"damage":1,"enemies":"Jaw Worm","floor":1,"turns":5},{"damage":4,"enemies":"Cultist","floor":3,"turns":3},{"damage":28,"enemies":"Lagavulin","floor":6,"turns":5},{"damage":0,"enemies":"2 Louse","floor":8,"turns":2},{"damage":2,"enemies":"Looter","floor":10,"turns":3},{"damage":18,"enemies":"Large Slime","floor":12,"turns":4},{"damage":8,"enemies":"2 Fungi Beasts","floor":14,"turns":3},{"damage":16,"enemies":"Hexaghost","floor":16,"turns":8},{"damage":0,"enemies":"Shell Parasite","floor":18,"turns":5},{"damage":16,"enemies":"Spheric Guardian","floor":20,"turns":4},{"damage":7,"enemies":"Chosen and Byrds","floor":23,"turns":7},{"damage":7,"enemies":"Snake Plant","floor":24,"turns":4},{"damage":0,"enemies":"Snecko","floor":27,"turns":4},{"damage":0,"enemies":"Chosen and Byrds","floor":28,"turns":4},{"damage":11,"enemies":"Centurion and Healer","floor":29,"turns":5},{"damage":35,"enemies":"Champ","floor":33,"turns":11},{"damage":14,"enemies":"3 Darklings","floor":35,"turns":4},{"damage":33,"enemies":"3 Shapes","floor":37,"turns":5},{"damage":18,"enemies":"Nemesis","floor":41,"turns":9},{"damage":27,"enemies":"Spire Growth","floor":44,"turns":7},{"damage":19,"enemies":"Sphere and 2 Shapes","floor":48,"turns":6},{"damage":65,"enemies":"Donu and Deca","floor":50,"turns":8}],"relics_obtained":[{"floor":6,"key":"Gambling Chip"},{"floor":9,"key":"Turnip"},{"floor":22,"key":"Enchiridion"},{"floor":26,"key":"Omamori"},{"floor":41,"key":"Art of War"},{"floor":43,"key":"Regal Pillow"},{"floor":47,"key":"Mummified Hand"}],"event_choices":[{"event_name":"Accursed Blacksmith","player_choice":"Forge","floor":2,"damage_taken":0},{"event_name":"Scrap Ooze","player_choice":"success","floor":4,"damage_taken":12},{"event_name":"The Cleric","player_choice":"Healed","floor":5,"damage_taken":0},{"event_name":"Liars Game","player_choice":"agreed","floor":13,"damage_taken":0},{"event_name":"Addict","player_choice":"Obtained Relic","floor":19,"damage_taken":0},{"event_name":"Ghosts","player_choice":"Ignored","floor":21,"damage_taken":0},{"event_name":"Cursed Tome","player_choice":"Obtained Book","floor":22,"damage_taken":0},{"event_name":"Wheel of Change","player_choice":"Gold","floor":38,"damage_taken":0},{"event_name":"Purifier","player_choice":"One Purge","floor":46,"damage_taken":0}],"boss_relics":[{"not_picked":["Eternal Feather","White Beast Statue"],"picked":"Pandora\u0027s Box"},{"not_picked":["Orrery","Lizard Tail"],"picked":"Astrolabe"}],"items_purged_floors":[],"potions_floor_spawned":[1,10,12,16,20,24,27,28,33,37,44],"seed_played":"6107863794430679913","killed_by":"Donu and Deca","ascension_level":0,"potions_obtained":[{"floor":1,"key":"GamblersBrew"},{"floor":10,"key":"Dexterity Potion"},{"floor":12,"key":"SteroidPotion"},{"floor":16,"key":"GamblersBrew"},{"floor":20,"key":"SkillPotion"},{"floor":24,"key":"Explosive Potion"},{"floor":27,"key":"Energy Potion"},{"floor":28,"key":"Fire Potion"},{"floor":33,"key":"GamblersBrew"},{"floor":37,"key":"GhostInAJar"},{"floor":44,"key":"Swift Potion"}],"is_trial":false}