{"gold_per_floor":[110,110,125,200,150,183,183,31,31,31,131,165,182,82,82,178,178,133,133,133,58,58,58,58,0,0,0,0,0,0,0,0,0,0,0,0,0,0,0,0,0,0,0,0,0,0,0,0,0,0],"floor_reached":50,"playtime":2423,"items_purged":["Strike_R","Strike_R"],"score":602,"play_id":"01246725-5283-4d92-b822-4fcdcb13ef4e","local_time":"20190128190837","is_ascension_mode":true,"campfire_choices":[{"data":"Bash","floor":7.0,"key":"SMITH"},{"data":"Inflame","floor":10.0,"key":"SMITH"},{"data":"Sword Boomerang","floor":15.0,"key":"SMITH"},{"floor":24,"key":"REST"},{"floor":28,"key":"REST"},{"floor":32,"key":"REST"},{"data":"Limit Break","floor":40,"key":"SMITH"},{"data":"Whirlwind","floor":42,"key":"SMITH"},{"data":"Dark Embrace","floor":44,"key":"SMITH"},{"floor":49,"key":"REST"}],"neow_cost":"NONE","seed_source_timestamp":0,"circlet_count":0,"master_deck":["Defend_R","Defend_R","Defend_R","Defend_R","Bash+1","Sword Boomerang+1","Inflame+1","Twin Strike","Flame Barrier","Ghostly Armor","Reckless Charge","Cleave","Limit Break+1","Impervious","Feel No Pain+1","Dark Embrace+1","Armaments+1","True Grit+1","Whirlwind+1","Burning Pact","Seeing Red","Shrug It Off+1","Decay","Seeing Red"],"special_seed":0,"relics":["Burning Blood","Strawberry","Pantograph","Peace Pipe","Ectoplasm","Mercury Hourglass","Meat on the Bone","Paper Frog","Kunai","Question Card","Orrery","Orichalcum"],"potions_floor_usage":[31,50],"damage_taken":[{"damage":17.0,"enemies":"Small Slimes","floor":1.0,"turns":4.0},{"damage":2.0,"enemies":"Jaw Worm","floor":3.0,"turns":3.0},{"damage":32.0,"enemies":"Gremlin Nob","floor":6.0,"turns":4.0},{"damage":20.0,"enemies":"3 Sentries","floor":12.0,"turns":7.0},{"damage":1.0,"enemies":"2 Louse","floor":13.0,"turns":3.0},{"damage":28.0,"enemies":"Hexaghost","floor":16.0,"turns":8.0},{"damage":16.0,"enemies":"2 Thieves","floor":18.0,"turns":4.0},{"damage":6.0,"enemies":"Shell Parasite","floor":19.0,"turns":3.0},{"damage":28.0,"enemies":"Snake Plant","floor":20.0,"turns":4.0},{"damage":22.0,"enemies":"Colosseum Slavers","floor":22.0,"turns":5.0},{"damage":30.0,"enemies":"Gremlin Leader","floor":23.0,"turns":3.0},{"damage":50,"enemies":"Book of Stabbing","floor":29,"turns":5},{"damage":33,"enemies":"Slavers","floor":31,"turns":7},{"damage":51,"enemies":"Automaton","floor":33,"turns":10},{"damage":0,"enemies":"3 Shapes","floor":35,"turns":7},{"damage":3,"enemies":"Orb Walker","floor":41,"turns":5},{"damage":10,"enemies":"Sphere and 2 Shapes","floor":46,"turns":5},{"damage":49,"enemies":"Maw","floor":47,"turns":9},{"damage":19,"enemies":"3 Darklings","floor":48,"turns":5},{"damage":97,"enemies":"Time Eater","floor":50,"turns":12}],"seed_played":"1239986529221922060","potions_obtained":[{"floor":1.0,"key":"Energy Potion"},{"floor":6.0,"key":"Fire Potion"},{"floor":13.0,"key":"Strength Potion"},{"floor":18.0,"key":"FearPotion"},{"floor":23,"key":"Poison Potion"},{"floor":48,"key":"Strength Potion"}],"is_trial":false,"path_per_floor":["M","?","M","?","?","E","R","$","T","R","?","E","M","$","R","B",null,"M","M","M","?","?","E","R","?","T","?","R","E","T","E","R","B",null,"M","$","T","?","$","R","M","R","T","R","?","M","M","M","R","B"],"character_chosen":"IRONCLAD","items_purchased":["Ghostly Armor"],"campfire_rested":4,"item_purchase_floors":[8],"current_hp_per_floor":[69,69,73,62,62,43,43,43,43,43,43,29,34,34,34,37,87,77,77,55,55,39,15,41,41,41,41,67,35,35,20,46,38,87,87,87,87,87,87,87,87,87,87,87,87,83,52,51,77,0],"gold":0,"neow_bonus":"THREE_CARDS","is_prod":false,"is_daily":false,"chose_seed":false,"campfire_upgraded":6,"win_rate":0,"timestamp":1548670117,"path_taken":["M","?","M","?","?","E","R","$","T","R","?","E","M","$","R","BOSS","M","M","?","?","?","E","R","?","T","?","R","E","?","E","R","BOSS","M","$","?","?","?","R","?","R","T","R","?","M","M","M","R","BOSS"],"build_version":"2019-01-23","purchased_purges":2,"victory":false,"max_hp_per_floor":[80,80,80,80,80,87,87,87,87,87,87,87,87,87,87,87,87,87,87,87,87,87,87,87,87,87,87,87,87,87,87,87,87,87,87,87,87,87,87,87,87,87,87,87,87,87,87,87,87,87],"card_choices":[{"not_picked":["Havoc","Perfected Strike"],"picked":"Sword Boomerang","floor":0.0},{"not_picked":["Shrug It Off","Anger"],"picked":"Inflame","floor":1.0},{"not_picked":["Perfected Strike","Clash"],"picked":"Twin Strike","floor":3.0},{"not_picked":["Entrench","Feed"],"picked":"Flame Barrier","floor":6.0},{"not_picked":["Inflame","Havoc"],"picked":"Reckless Charge","floor":12.0},{"not_picked":["Warcry","Sword Boomerang"],"picked":"Cleave","floor":13.0},{"not_picked":["Berserk","Feed"],"picked":"Limit Break","floor":16.0},{"not_picked":["Flex","Hemokinesis+1","Anger"],"picked":"SKIP","floor":18.0},{"not_picked":["Feel No Pain","Heavy Blade","Intimidate"],"picked":"SKIP","floor":19.0},{"not_picked":["Flex+1","Perfected Strike","Pommel Strike"],"picked":"SKIP","floor":20.0},{"not_picked":["Reckless Charge","Dropkick"],"picked":"Impervious","floor":23},{"not_picked":["Combust","Armaments","Iron Wave"],"picked":"SKIP","floor":29},{"not_picked":["Rampage","Disarm"],"picked":"Feel No Pain+1","floor":31},{"not_picked":["Demon Form","Bludgeon","Exhume"],"picked":"Dark Embrace","floor":33},{"not_picked":["Sword Boomerang","True Grit","Corruption"],"picked":"Armaments+1","floor":34},{"not_picked":["Body Slam","Clash","Uppercut"],"picked":"True Grit+1","floor":34},{"not_picked":["Body Slam+1","Hemokinesis","Armaments"],"picked":"Whirlwind","floor":34},{"not_picked":["Feel No Pain","Second Wind","Havoc"],"picked":"Burning Pact","floor":34},{"not_picked":["Anger+1","Twin Strike","Bloodletting"],"picked":"Seeing Red","floor":34},{"not_picked":["Blood for Blood","Feed","Shockwave","Pummel"],"picked":"SKIP","floor":35},{"not_picked":["Dual Wield","Disarm+1","Sword Boomerang+1"],"picked":"Shrug It Off+1","floor":41},{"not_picked":["Anger+1","Twin Strike+1","Havoc","Rage+1"],"picked":"SKIP","floor":46},{"not_picked":["Iron Wave+1","Sever Soul","Corruption+1","Body Slam+1"],"picked":"SKIP","floor":47},{"not_picked":["Havoc+1","Power Through+1","Cleave+1"],"picked":"Seeing Red","floor":48}],"player_experience":715445,"relics_obtained":[{"floor":6.0,"key":"Strawberry"},{"floor":9.0,"key":"Pantograph"},{"floor":12.0,"key":"Peace Pipe"},{"floor":26,"key":"Mercury Hourglass"},{"floor":29,"key":"Paper Frog"},{"floor":30,"key":"Kunai"},{"floor":31,"key":"Question Card"},{"floor":43,"key":"Orichalcum"}],"event_choices":[{"cards_removed":["Strike_R"],"damage_healed":0.0,"max_hp_gain":0.0,"max_hp_loss":0.0,"gold_gain":0.0,"event_name":"Living Wall","player_choice":"Forget","floor":2.0,"gold_loss":0.0,"damage_taken":0.0},{"damage_healed":0.0,"max_hp_gain":0.0,"max_hp_loss":0.0,"gold_gain":75.0,"event_name":"World of Goop","player_choice":"Gather Gold","floor":4.0,"gold_loss":0.0,"damage_taken":11.0},{"cards_removed":["Strike_R"],"damage_healed":0.0,"max_hp_gain":0.0,"max_hp_loss":0.0,"gold_gain":0.0,"event_name":"The Cleric","player_choice":"Card Removal","floor":5.0,"gold_loss":50.0,"damage_taken":0.0},{"damage_healed":0.0,"max_hp_gain":0.0,"max_hp_loss":0.0,"gold_gain":100.0,"event_name":"Golden Shrine","player_choice":"Pray","floor":11.0,"gold_loss":0.0,"damage_taken":0.0},{"cards_removed":["Strike_R"],"damage_healed":0.0,"max_hp_gain":0.0,"max_hp_loss":0.0,"gold_gain":0.0,"event_name":"Beggar","player_choice":"Gave Gold","floor":21.0,"gold_loss":75.0,"damage_taken":0.0},{"damage_healed":0.0,"max_hp_gain":0.0,"max_hp_loss":0.0,"gold_gain":0.0,"event_name":"Colosseum","player_choice":"Fight","floor":22.0,"gold_loss":0.0,"damage_taken":0.0},{"damage_healed":0.0,"max_hp_gain":0.0,"max_hp_loss":0.0,"gold_gain":0.0,"event_name":"Colosseum","player_choice":"Fled From Nobs","floor":22.0,"gold_loss":0.0,"damage_taken":0.0},{"damage_healed":0,"gold_gain":0,"player_choice":"Paid Fearfully","damage_taken":0,"max_hp_gain":0,"max_hp_loss":0,"event_name":"Masked Bandits","floor":25,"gold_loss":58},{"damage_healed":0,"gold_gain":0,"player_choice":"Opened","damage_taken":0,"relics_obtained":["Meat on the Bone"],"max_hp_gain":0,"max_hp_loss":0,"event_name":"The Mausoleum","floor":27,"gold_loss":0},{"damage_healed":0,"gold_gain":0,"player_choice":"Ignored","damage_taken":0,"max_hp_gain":0,"max_hp_loss":0,"event_name":"Mysterious Sphere","floor":38,"gold_loss":0},{"damage_healed":0,"gold_gain":0,"player_choice":"Cursed","damage_taken":0,"max_hp_gain":0,"max_hp_loss":0,"event_name":"Wheel of Change","floor":45,"gold_loss":0,"cards_obtained":["Decay"]}],"is_beta":false,"boss_relics":[{"not_picked":["Pandora\u0027s Box","Cursed Key"],"picked":"Ectoplasm"},{"not_picked":["Tiny House","Black Star"],"picked":"Orrery"}],"items_purged_floors":[8,14],"is_endless":false,"potions_floor_spawned":[1,6,13,18,22,23,48],"killed_by":"Time Eater","ascension_level":3}