{"path_per_floor":["M","M","?","?","$","E","R","E","T","M","E","M","R","$","R","B",null,"M","?","M","?","?","E","M","E","T","M","M","M","E","T","R"],"character_chosen":"THE_SILENT","items_purchased":["Bag of Marbles","Well Laid Plans"],"gold_per_floor":[112,127,77,145,1,26,26,60,141,161,196,215,215,128,128,223,223,233,233,244,244,344,374,393,425,479,490,504,517,550,550,550,550],"floor_reached":33,"campfire_rested":2,"playtime":1678,"current_hp_per_floor":[67,67,67,67,67,52,52,29,29,29,27,27,48,48,48,24,70,59,59,34,34,34,8,8,6,6,6,6,6,4,4,25,0],"items_purged":["Strike_G"],"gold":550,"score":390,"play_id":"07bc3e95-1111-4586-a2a4-f11b4916f7ea","local_time":"20180415162538","is_prod":false,"is_daily":false,"chose_seed":false,"is_ascension_mode":true,"campfire_upgraded":2,"timestamp":1523827538,"path_taken":["M","M","?","?","$","E","R","E","T","M","E","M","R","$","R","BOSS","M","?","?","?","?","E","M","E","T","M","?","M","E","?","R","BOSS"],"build_version":"2018-04-12","seed_source_timestamp":1800123809788556,"purchased_purges":1,"victory":false,"master_deck":["Defend_G","Defend_G","Defend_G","Strike_G","Strike_G","Survivor","Neutralize+1","Die Die Die","Dagger Throw","Backflip","Cloak And Dagger","Bane","Slice","Die Die Die","Quick Slash","Well Laid Plans+1","Die Die Die","Dagger Throw+1","Blur+1","Dash","Blur","Reflex+1","Poisoned Stab","Poisoned Stab+1","Bane","Infinite Blades","Noxious Fumes","Poisoned Stab+1","Bane"],"max_hp_per_floor":[70,70,70,70,70,70,70,70,70,70,70,70,70,70,70,70,70,70,70,70,70,70,70,70,70,70,70,70,70,70,70,70,70],"relics":["Ring of the Snake","Bag of Marbles","The Courier","Lantern","Tiny Chest","Bronze Scales","Black Star","Anchor","Bag of Preparation","Question Card","Matryoshka","Prayer Wheel","Vajra","Tingsha","Gambling Chip","Dream Catcher","Shuriken"],"card_choices":[{"not_picked":["Sucker Punch","Dodge and Roll"],"picked":"Dagger Throw","floor":1},{"not_picked":["Quick Slash","Leg Sweep"],"picked":"Backflip","floor":2},{"not_picked":["Dodge and Roll","Bouncing Flask"],"picked":"Cloak And Dagger","floor":6},{"not_picked":["Dash","Deadly Poison"],"picked":"Bane","floor":8},{"not_picked":["Dagger Spray","Setup"],"picked":"Slice","floor":10},{"not_picked":["Escape Plan","Underhanded Strike"],"picked":"Die Die Die","floor":11},{"not_picked":["Bouncing Flask","Blur"],"picked":"Quick Slash","floor":12},{"not_picked":["Corpse Explosion","Night Terror"],"picked":"Die Die Die","floor":16},{"not_picked":["Noxious Fumes","Dagger Spray"],"picked":"Dagger Throw","floor":18},{"not_picked":["Distraction","Masterful Stab"],"picked":"Blur","floor":20},{"not_picked":["Bane","Concentrate"],"picked":"Blur","floor":23},{"not_picked":["Cloak And Dagger","Quick Slash"],"picked":"Reflex","floor":24},{"not_picked":["Dagger Spray","Calculated Gamble"],"picked":"Poisoned Stab","floor":25},{"not_picked":["Slice","Crippling Poison","Corpse Explosion"],"picked":"Poisoned Stab","floor":27},{"not_picked":["Dagger Throw","Underhanded Strike","Dagger Spray"],"picked":"Bane","floor":28},{"not_picked":["Dash","Dagger Spray","Blade Dance"],"picked":"Infinite Blades","floor":29},{"not_picked":["Deflect","Blur","Flying Knee"],"picked":"Noxious Fumes","floor":30},{"not_picked":["Outmaneuver","Deadly Poison","Sucker Punch"],"picked":"Poisoned Stab","floor":31},{"not_picked":["Dagger Throw","Well Laid Plans","Caltrops"],"picked":"Bane","floor":32}],"player_experience":159426,"potions_floor_usage":[8,23,25,25],"damage_taken":[{"damage":3,"enemies":"Jaw Worm","floor":1,"turns":4},{"damage":0,"enemies":"2 Louse","floor":2,"turns":1},{"damage":15,"enemies":"Gremlin Nob","floor":6,"turns":4},{"damage":23,"enemies":"Lagavulin","floor":8,"turns":5},{"damage":0,"enemies":"Cultist","floor":10,"turns":1},{"damage":2,"enemies":"Gremlin Nob","floor":11,"turns":3},{"damage":0,"enemies":"2 Fungi Beasts","floor":12,"turns":2},{"damage":24,"enemies":"Slime Boss","floor":16,"turns":10},{"damage":11,"enemies":"Spheric Guardian","floor":18,"turns":3},{"damage":25,"enemies":"Shell Parasite","floor":20,"turns":4},{"damage":26,"enemies":"Book of Stabbing","floor":23,"turns":5},{"damage":0,"enemies":"Centurion and Healer","floor":24,"turns":3},{"damage":2,"enemies":"Slavers","floor":25,"turns":2},{"damage":0,"enemies":"Snecko","floor":27,"turns":3},{"damage":0,"enemies":"Slaver and Parasite","floor":28,"turns":4},{"damage":0,"enemies":"Chosen and Byrds","floor":29,"turns":3},{"damage":2,"enemies":"Gremlin Leader","floor":30,"turns":4},{"damage":27,"enemies":"Collector","floor":33,"turns":6}],"event_choices":[{"event_name":"The Cleric","player_choice":"Card Removal","floor":3,"damage_taken":0},{"event_name":"Golden Wing","player_choice":"Gained Gold","floor":4,"damage_taken":0},{"event_name":"Bonfire Elementals","player_choice":"BASIC","floor":19,"damage_taken":0},{"event_name":"Transmorgrifier","player_choice":"Transform","floor":21,"damage_taken":0},{"event_name":"Golden Shrine","player_choice":"Pray","floor":22,"damage_taken":0}],"boss_relics":[{"not_picked":["Calling Bell","Ectoplasm"],"picked":"Black Star"}],"potions_floor_spawned":[2,8,12,16,20,24,30],"seed_played":"-4169928901435896426","killed_by":"Collector","ascension_level":4,"is_trial":false}