{"gold_per_floor":[114,129,304,319,334,394,394,424,424,454,469,484,514,529,529,629,629,644,165,80,95,110,140,155,155],"floor_reached":25,"playtime":1610,"items_purged":[],"score":432,"play_id":"71b4e35d-6d0d-451b-be1c-245a6b4a73df","local_time":"20180903082054","daily_mods":["Insanity","Elite Swarm","Binary"],"is_ascension_mode":false,"campfire_choices":[{"data":"BootSequence","floor":15,"key":"SMITH"}],"neow_cost":"","seed_source_timestamp":0,"circlet_count":0,"master_deck":["Thunder Strike","Machine Learning","Core Surge","Blizzard","Core Surge+1","Redo","Barrage+1","Auto Shields","Defragment","Melter","Glacier","Reprogram","Dualcast","Loop","Consume","Fission","Stack","Echo Form","Coolheaded","Fission","Dualcast","Self Repair","Go for the Eyes","Reinforced Body","Turbo","Compile Driver","Defragment","Steam","Force Field","Beam Cell","Meteor Strike","Compile Driver","Streamline","BootSequence+1","Chaos","Barrage","Undo","Aggregate","Amplify","Amplify","Defragment","Seek","Beam Cell","Echo Form","Heatsinks","Cold Snap","Reinforced Body","Thunder Strike","Conserve Battery","Loop","Double Energy","Steam","Doubt","Coolheaded","Stack","Electrodynamics","Biased Cognition","Biased Cognition","Turbo","Cold Snap","Electrodynamics","Darkness","All For One","Force Field+1","Defragment+1","Darkness+1","Hologram+1","Reboot","Compile Driver"],"special_seed":17777,"relics":["Cracked Core","Tiny Chest","Bottled Tornado","Pear","Darkstone Periapt","Symbiotic Virus","Black Star","MawBank","Frozen Egg 2","Strawberry","Omamori","Oddly Smooth Stone"],"potions_floor_usage":[5,5,5,12,16,24],"damage_taken":[{"damage":0,"enemies":"Cultist","floor":1,"turns":4},{"damage":0,"enemies":"2 Louse","floor":2,"turns":3},{"damage":0,"enemies":"Small Slimes","floor":4,"turns":4},{"damage":0,"enemies":"Red Slaver","floor":5,"turns":2},{"damage":0,"enemies":"Lagavulin","floor":6,"turns":9},{"damage":13,"enemies":"Gremlin Nob","floor":8,"turns":4},{"damage":0,"enemies":"Lagavulin","floor":10,"turns":7},{"damage":0,"enemies":"3 Louse","floor":11,"turns":5},{"damage":0,"enemies":"Large Slime","floor":12,"turns":5},{"damage":0,"enemies":"3 Sentries","floor":13,"turns":6},{"damage":0,"enemies":"Looter","floor":14,"turns":2},{"damage":17,"enemies":"Slime Boss","floor":16,"turns":6},{"damage":0,"enemies":"Chosen","floor":18,"turns":6},{"damage":43,"enemies":"2 Thieves","floor":21,"turns":5},{"damage":6,"enemies":"Snecko","floor":22,"turns":6},{"damage":52,"enemies":"Book of Stabbing","floor":23,"turns":6},{"damage":3,"enemies":"Centurion and Healer","floor":24,"turns":6},{"damage":28,"enemies":"Slavers","floor":25,"turns":2}],"seed_played":"5443678004288961897","potions_obtained":[{"floor":4,"key":"EntropicBrew"},{"floor":6,"key":"GamblersBrew"},{"floor":10,"key":"GamblersBrew"},{"floor":11,"key":"Strength Potion"},{"floor":12,"key":"Dexterity Potion"},{"floor":21,"key":"Swift Potion"}],"is_trial":false,"path_per_floor":["M","M","?","M","M","E","?","E","T","E","M","M","E","M","R","B",null,"M","$","?","M","M","E","M"],"character_chosen":"DEFECT","items_purchased":["MawBank","Frozen Egg 2","Defragment+1"],"campfire_rested":0,"item_purchase_floors":[19,19,19],"current_hp_per_floor":[75,75,75,75,75,75,60,47,57,57,57,64,78,78,78,61,85,85,85,92,63,57,19,23,0],"gold":155,"neow_bonus":"","is_prod":false,"is_daily":true,"chose_seed":false,"campfire_upgraded":1,"win_rate":0,"timestamp":1535955654,"path_taken":["M","M","?","M","?","E","?","E","T","E","M","M","E","M","R","BOSS","M","$","?","M","M","E","M","E"],"build_version":"2018-08-30","purchased_purges":0,"victory":false,"max_hp_per_floor":[75,75,75,75,75,75,75,75,85,85,85,85,85,85,85,85,85,85,85,92,92,92,92,92,92],"card_choices":[{"not_picked":["Barrage"],"picked":"Double Energy","floor":1},{"not_picked":["Rebound"],"picked":"Steam","floor":2},{"not_picked":["Melter"],"picked":"Coolheaded","floor":4},{"not_picked":["Redo"],"picked":"Stack","floor":5},{"not_picked":["Fission"],"picked":"Electrodynamics","floor":6},{"not_picked":["Fission"],"picked":"Biased Cognition","floor":8},{"not_picked":["Amplify"],"picked":"Biased Cognition","floor":10},{"not_picked":["Steam"],"picked":"Turbo","floor":11},{"not_picked":["Consume"],"picked":"Cold Snap","floor":12},{"not_picked":["Hyperbeam"],"picked":"Electrodynamics","floor":13},{"not_picked":["Undo"],"picked":"Darkness","floor":14},{"not_picked":["Thunder Strike"],"picked":"All For One","floor":16},{"not_picked":["Barrage"],"picked":"Force Field+1","floor":18},{"not_picked":["Barrage"],"picked":"Darkness+1","floor":21},{"not_picked":["Genetic Algorithm"],"picked":"Hologram+1","floor":22},{"not_picked":["Core Surge"],"picked":"Reboot","floor":23},{"not_picked":["Redo"],"picked":"Compile Driver","floor":24}],"player_experience":99092,"relics_obtained":[{"floor":6,"key":"Tiny Chest"},{"floor":8,"key":"Bottled Tornado"},{"floor":9,"key":"Pear"},{"floor":10,"key":"Darkstone Periapt"},{"floor":13,"key":"Symbiotic Virus"},{"floor":23,"key":"Omamori"},{"floor":23,"key":"Oddly Smooth Stone"}],"event_choices":[{"event_name":"Liars Game","player_choice":"agreed","floor":3,"damage_taken":0},{"event_name":"Shining Light","player_choice":"Entered Light","floor":7,"damage_taken":0},{"event_name":"Addict","player_choice":"Obtained Relic","floor":20,"damage_taken":0}],"is_beta":true,"boss_relics":[{"not_picked":["Pandora\u0027s Box","Cursed Key"],"picked":"Black Star"}],"items_purged_floors":[],"is_endless":false,"potions_floor_spawned":[4,6,10,11,12,21,23],"killed_by":"Slavers","ascension_level":0}