{"gold_per_floor":[16,30,30,30,30,30,57,57,57,83,63,75,75,139,139,212,212,222,172,196,146,146,146,157,79,102,102,102,102,102,102],"floor_reached":31,"playtime":1279,"items_purged":["Strike_R","Strike_R","Decay"],"score":441,"play_id":"6ea595b4-a58c-4228-81d2-9fd9fb466d09","local_time":"20181114085404","is_ascension_mode":true,"campfire_choices":[{"data":"Sword Boomerang","floor":6,"key":"SMITH"},{"floor":8,"key":"REST"},{"data":"Inflame","floor":13,"key":"SMITH"},{"floor":15,"key":"REST"},{"data":"Barricade","floor":23,"key":"SMITH"},{"data":"True Grit","floor":27,"key":"SMITH"},{"data":"Armaments","floor":29,"key":"SMITH"}],"neow_cost":"NO_GOLD","seed_source_timestamp":1362732194268310,"circlet_count":0,"master_deck":["AscendersBane","Strike_R","Strike_R","Strike_R","Defend_R","Defend_R","Defend_R+1","Defend_R+1","Bash+1","Sword Boomerang+1","Feel No Pain","Inflame+1","Pummel","Clothesline","Havoc","Barricade+1","Shrug It Off","Iron Wave","True Grit+1","Juggernaut","Rage","Armaments+1","Battle Trance+1","Warcry","Inflame+1"],"relics":["Burning Blood","Calipers","Smiling Mask","Art of War","Juzu Bracelet","Tiny Chest","Orrery","Bronze Scales","Lantern"],"potions_floor_usage":[10],"damage_taken":[{"damage":15,"enemies":"2 Louse","floor":1,"turns":3},{"damage":0,"enemies":"Small Slimes","floor":2,"turns":3},{"damage":37,"enemies":"Gremlin Nob","floor":7,"turns":5},{"damage":12,"enemies":"Lagavulin","floor":10,"turns":5},{"damage":1,"enemies":"Cultist","floor":12,"turns":3},{"damage":18,"enemies":"Gremlin Nob","floor":14,"turns":4},{"damage":37,"enemies":"Slime Boss","floor":16,"turns":9},{"damage":23,"enemies":"Shell Parasite","floor":18,"turns":7},{"damage":15,"enemies":"Spheric Guardian","floor":24,"turns":5},{"damage":51,"enemies":"3 Cultists","floor":31,"turns":5}],"seed_played":"1766127273341710987","potions_obtained":[{"floor":2,"key":"Ancient Potion"},{"floor":7,"key":"Block Potion"},{"floor":11,"key":"GamblersBrew"},{"floor":12,"key":"Dexterity Potion"}],"is_trial":false,"path_per_floor":["M","M","?","?","?","R","E","R","T","E","?","M","R","E","R","B",null,"M","$","T","$","?","R","M","$","T","R","?","R","?","M"],"character_chosen":"IRONCLAD","items_purchased":["Warcry"],"campfire_rested":2,"item_purchase_floors":[25],"current_hp_per_floor":[59,65,70,46,46,46,15,39,39,33,33,38,38,26,50,19,65,48,48,48,48,48,48,39,39,39,39,39,39,39,0],"gold":102,"neow_bonus":"ONE_RARE_RELIC","is_prod":false,"is_daily":false,"chose_seed":false,"campfire_upgraded":5,"win_rate":0,"timestamp":1542214444,"path_taken":["M","M","?","?","?","R","E","R","T","E","?","M","R","E","R","BOSS","M","?","?","$","?","R","M","$","T","R","?","R","?","M"],"build_version":"2018-11-08","purchased_purges":3,"victory":false,"max_hp_per_floor":[75,75,80,80,80,80,80,80,80,80,80,80,80,80,80,80,80,80,80,80,80,80,80,80,80,80,80,80,80,80,80],"card_choices":[{"not_picked":["Heavy Blade","Flex"],"picked":"Sword Boomerang","floor":1},{"not_picked":["Sever Soul","Searing Blow"],"picked":"Feel No Pain","floor":2},{"not_picked":["Combust","Anger"],"picked":"Inflame","floor":7},{"not_picked":["Iron Wave","Brutality"],"picked":"Pummel","floor":10},{"not_picked":["Fire Breathing","Warcry"],"picked":"Clothesline","floor":12},{"not_picked":["Whirlwind","Thunderclap"],"picked":"Havoc","floor":14},{"not_picked":["Exhume","Juggernaut"],"picked":"Barricade","floor":16},{"not_picked":["Body Slam","Clothesline"],"picked":"Shrug It Off","floor":17},{"not_picked":["Clash","Wild Strike"],"picked":"Iron Wave","floor":17},{"not_picked":["Combust","Cleave"],"picked":"True Grit","floor":17},{"not_picked":["Rupture","Warcry"],"picked":"Juggernaut","floor":17},{"not_picked":["Combust","Pommel Strike"],"picked":"Rage","floor":17},{"not_picked":["Headbutt","Heavy Blade"],"picked":"Armaments","floor":18},{"not_picked":["Anger","Clash"],"picked":"Battle Trance+1","floor":24}],"player_experience":1277100,"relics_obtained":[{"floor":7,"key":"Smiling Mask"},{"floor":9,"key":"Art of War"},{"floor":10,"key":"Juzu Bracelet"},{"floor":14,"key":"Tiny Chest"},{"floor":20,"key":"Bronze Scales"},{"floor":26,"key":"Lantern"}],"event_choices":[{"damage_healed":0,"gold_gain":0,"player_choice":"Donut","damage_taken":0,"max_hp_gain":5,"max_hp_loss":0,"event_name":"Big Fish","floor":3,"gold_loss":0},{"damage_healed":0,"gold_gain":0,"player_choice":"Entered Light","damage_taken":24,"max_hp_gain":0,"max_hp_loss":0,"event_name":"Shining Light","floor":4,"gold_loss":0,"cards_upgraded":["Defend_R","Defend_R"]},{"damage_healed":0,"gold_gain":0,"player_choice":"Grow","damage_taken":0,"max_hp_gain":0,"max_hp_loss":0,"event_name":"Living Wall","floor":5,"gold_loss":0,"cards_upgraded":["Bash"]},{"damage_healed":0,"gold_gain":0,"player_choice":"Bought 1 Potion","damage_taken":0,"max_hp_gain":0,"max_hp_loss":0,"event_name":"The Woman in Blue","floor":11,"gold_loss":0},{"damage_healed":0,"gold_gain":0,"player_choice":"Cursed","damage_taken":0,"max_hp_gain":0,"max_hp_loss":0,"event_name":"Wheel of Change","floor":22,"gold_loss":0,"cards_obtained":["Decay"]},{"damage_healed":0,"gold_gain":0,"player_choice":"Ignored","damage_taken":0,"max_hp_gain":0,"max_hp_loss":0,"event_name":"Vampires","floor":28,"gold_loss":0},{"damage_healed":0,"gold_gain":0,"player_choice":"Copied","damage_taken":0,"max_hp_gain":0,"max_hp_loss":0,"event_name":"Duplicator","floor":30,"gold_loss":0,"cards_obtained":["Inflame"]}],"is_beta":false,"boss_relics":[{"not_picked":["Lizard Tail","Calling Bell"],"picked":"Orrery"}],"items_purged_floors":[19,21,25],"is_endless":false,"potions_floor_spawned":[2,7,12,16,24],"killed_by":"3 Cultists","ascension_level":16}