{"gold_per_floor":[12,187,187,203,203,229,229,262,262,227,239,239,239,250,250,346,346,365,365,382,397,411,411,49,78,161,161,178,192,192,223,235,344,356,387,399,411,443,471,483,543,555,567,579,611,36,36,49,49,49],"floor_reached":50,"playtime":3368,"items_purged":[],"score":714,"play_id":"e19aba32-1444-40ae-b338-7ec404838c53","local_time":"20180902230227","is_ascension_mode":true,"campfire_choices":[{"data":"Zap","floor":7,"key":"SMITH"},{"floor":13,"key":"REST"},{"data":"Dualcast","floor":15,"key":"SMITH"},{"floor":23,"key":"DIG"},{"floor":27,"key":"DIG"},{"floor":32,"key":"REST"},{"floor":40,"key":"REST"},{"floor":42,"key":"REST"},{"floor":44,"key":"DIG"},{"floor":49,"key":"REST"}],"neow_cost":"NO_GOLD","seed_source_timestamp":1570637751471442,"circlet_count":0,"master_deck":["Strike_B","Strike_B","Strike_B","Defend_B","Defend_B","Defend_B+1","Defend_B","Zap+1","Dualcast+1","Gash","Beam Cell","Scrape+1","Scrape+1","Gash","BootSequence","Electrodynamics","Self Repair","Scrape+1","Scrape","Steam Power+1","Capacitor+1","Gash","Master of Strategy","Flash of Steel","Creative AI+1","Self Repair","Steam+1","All For One","Seek","Go for the Eyes","Panache","Secret Weapon","Impatience","Fusion+1","Barrage+1","Go for the Eyes+1","Steam+1","Go for the Eyes","Sadistic Nature","Swift Strike","Bandage Up","Swift Strike","Force Field","Madness","Madness","Go for the Eyes"],"relics":["Cracked Core","Emotion Chip","Gremlin Horn","Shovel","The Courier","Nuclear Battery","Pear","Vajra","Oddly Smooth Stone","Tiny Chest","Peace Pipe","War Paint","MawBank","Empty Cage","Torii","Letter Opener","Ancient Tea Set","Bag of Preparation"],"potions_floor_usage":[16,16,31,38,39,39,48,50],"damage_taken":[{"damage":0,"enemies":"Small Slimes","floor":1,"turns":3},{"damage":7,"enemies":"Jaw Worm","floor":4,"turns":3},{"damage":25,"enemies":"Lagavulin","floor":6,"turns":5},{"damage":30,"enemies":"3 Sentries","floor":8,"turns":6},{"damage":0,"enemies":"2 Louse","floor":11,"turns":1},{"damage":0,"enemies":"Lots of Slimes","floor":14,"turns":2},{"damage":28,"enemies":"Hexaghost","floor":16,"turns":7},{"damage":0,"enemies":"3 Byrds","floor":18,"turns":3},{"damage":23,"enemies":"2 Thieves","floor":20,"turns":3},{"damage":0,"enemies":"Snecko","floor":21,"turns":3},{"damage":22,"enemies":"Shelled Parasite and Fungi","floor":22,"turns":4},{"damage":19,"enemies":"Slavers","floor":25,"turns":2},{"damage":7,"enemies":"Snake Plant","floor":28,"turns":2},{"damage":11,"enemies":"Sentry and Sphere","floor":29,"turns":3},{"damage":28,"enemies":"Gremlin Leader","floor":31,"turns":5},{"damage":22,"enemies":"Champ","floor":33,"turns":7},{"damage":2,"enemies":"Orb Walker","floor":35,"turns":2},{"damage":43,"enemies":"3 Darklings","floor":38,"turns":4},{"damage":37,"enemies":"Transient","floor":39,"turns":5},{"damage":18,"enemies":"Mysterious Sphere","floor":41,"turns":2},{"damage":15,"enemies":"Reptomancer","floor":45,"turns":3},{"damage":12,"enemies":"Spire Growth","floor":48,"turns":3},{"damage":81,"enemies":"Awakened One","floor":50,"turns":11}],"seed_played":"-8024898160252458552","potions_obtained":[{"floor":1,"key":"Energy Potion"},{"floor":3,"key":"LiquidBronze"},{"floor":3,"key":"Dexterity Potion"},{"floor":3,"key":"FearPotion"},{"floor":8,"key":"Fruit Juice"},{"floor":18,"key":"SpeedPotion"},{"floor":21,"key":"Weak Potion"},{"floor":31,"key":"Block Potion"},{"floor":35,"key":"SkillPotion"},{"floor":38,"key":"Swift Potion"},{"floor":48,"key":"Regen Potion"}],"is_trial":false,"path_per_floor":["M","?","?","M","?","E","R","E","T","?","M","?","R","M","R","B",null,"M","?","M","M","M","R","$","E","T","R","M","M","?","E","R","B",null,"M","?","?","M","M","R","?","R","T","R","M","$","?","M","R"],"character_chosen":"DEFECT","items_purchased":["Gash","Master of Strategy","Flash of Steel","Vajra","Go for the Eyes","Bag of Preparation","Sadistic Nature","Swift Strike","Bandage Up","Swift Strike","Force Field"],"campfire_rested":5,"item_purchase_floors":[24,24,24,24,46,46,46,46,46,46,46],"current_hp_per_floor":[75,75,75,68,61,36,36,6,6,24,24,9,31,31,31,8,80,80,80,64,71,56,66,66,47,47,47,47,43,43,22,49,41,90,90,90,80,51,14,41,30,57,57,57,49,49,38,30,57,0],"gold":49,"neow_bonus":"ONE_RARE_RELIC","is_prod":false,"is_daily":false,"chose_seed":false,"campfire_upgraded":2,"win_rate":0,"timestamp":1535947347,"path_taken":["M","?","?","?","?","E","R","E","T","?","M","?","R","M","R","BOSS","M","?","M","?","M","R","?","E","T","R","?","?","?","E","R","BOSS","M","?","?","M","?","R","?","R","T","R","M","$","?","M","R","BOSS"],"build_version":"2018-08-30","purchased_purges":0,"victory":false,"max_hp_per_floor":[75,75,75,75,75,75,75,75,75,75,75,75,75,75,75,80,80,80,80,80,80,80,90,90,90,90,90,90,90,90,90,90,90,90,90,90,90,90,90,90,90,90,90,90,90,90,90,90,90,90],"card_choices":[{"not_picked":["Rip and Tear","Go for the Eyes"],"picked":"Gash","floor":1},{"not_picked":["Streamline","Consume"],"picked":"Beam Cell","floor":4},{"not_picked":["Defragment","Rebound"],"picked":"Scrape","floor":6},{"not_picked":["Chill","Hello World"],"picked":"Scrape","floor":8},{"not_picked":["Coolheaded","Go for the Eyes"],"picked":"Gash","floor":11},{"not_picked":["Sweeping Beam","Leap"],"picked":"BootSequence","floor":14},{"not_picked":["Thunder Strike","Hyperbeam"],"picked":"Electrodynamics","floor":16},{"not_picked":["Stack","Streamline"],"picked":"Self Repair","floor":18},{"not_picked":["Stack","Leap"],"picked":"Scrape","floor":20},{"not_picked":["Stack","Cold Snap"],"picked":"Steam Power","floor":21},{"not_picked":["Undo","Redo"],"picked":"Capacitor+1","floor":22},{"not_picked":["Rebound","Conserve Battery"],"picked":"Creative AI","floor":25},{"not_picked":["Heatsinks","Cold Snap"],"picked":"Self Repair","floor":28},{"not_picked":["Go for the Eyes","Capacitor+1"],"picked":"Steam+1","floor":29},{"not_picked":["Ball Lightning+1","Genetic Algorithm"],"picked":"All For One","floor":31},{"not_picked":["Biased Cognition","Reboot"],"picked":"Seek","floor":33},{"not_picked":["Sweeping Beam+1","Leap"],"picked":"Go for the Eyes","floor":35},{"not_picked":["Bandage Up","Enlightenment"],"picked":"Panache","floor":37},{"not_picked":["Purity","Dramatic Entrance"],"picked":"Secret Weapon","floor":37},{"not_picked":["Dramatic Entrance","Swift Strike"],"picked":"Impatience","floor":37},{"not_picked":["Coolheaded+1","Undo+1"],"picked":"Fusion+1","floor":38},{"not_picked":["Leap+1","Cold Snap+1"],"picked":"Barrage+1","floor":39},{"not_picked":["Beam Cell","Glacier"],"picked":"Go for the Eyes+1","floor":41},{"not_picked":["Self Repair","Stack"],"picked":"Steam+1","floor":45},{"not_picked":["Conserve Battery+1","Hello World"],"picked":"Go for the Eyes","floor":48}],"player_experience":279792,"relics_obtained":[{"floor":6,"key":"Gremlin Horn"},{"floor":8,"key":"Shovel"},{"floor":9,"key":"The Courier"},{"floor":23,"key":"Pear"},{"floor":25,"key":"Oddly Smooth Stone"},{"floor":26,"key":"Tiny Chest"},{"floor":27,"key":"Peace Pipe"},{"floor":31,"key":"MawBank"},{"floor":41,"key":"Torii"},{"floor":43,"key":"Letter Opener"},{"floor":44,"key":"Ancient Tea Set"}],"event_choices":[{"event_name":"Liars Game","player_choice":"agreed","floor":2,"damage_taken":0},{"event_name":"The Lab","player_choice":"Got Potions","floor":3,"damage_taken":0},{"event_name":"Golden Wing","player_choice":"Card Removal","floor":5,"damage_taken":0},{"event_name":"The Cleric","player_choice":"Healed","floor":10,"damage_taken":0},{"event_name":"Shining Light","player_choice":"Entered Light","floor":12,"damage_taken":0},{"event_name":"Duplicator","player_choice":"One dupe","floor":19,"damage_taken":0},{"event_name":"Addict","player_choice":"Stole Relic","floor":30,"damage_taken":0},{"event_name":"Accursed Blacksmith","player_choice":"Forge","floor":36,"damage_taken":0},{"event_name":"SensoryStone","player_choice":"Memory 3","floor":37,"damage_taken":0},{"event_name":"Mysterious Sphere","player_choice":"Fight","floor":41,"damage_taken":0},{"event_name":"Winding Halls","player_choice":"Embrace Madness","floor":47,"damage_taken":0}],"is_beta":false,"boss_relics":[{"not_picked":["Cursed Key","Busted Crown"],"picked":"Nuclear Battery"},{"not_picked":["Tiny House","Snecko Eye"],"picked":"Empty Cage"}],"items_purged_floors":[],"is_endless":false,"potions_floor_spawned":[1,8,11,18,21,28,31,35,38,48],"killed_by":"Awakened One","ascension_level":3}