{"gold_per_floor":[115,115,135,66,79,94,137,170,170,170,170,185,210,234,234,363,363,384,384,378,401,381,381,420,420,445,80,93,93,108,123,123,246,246,270,283,297,311,83,83,83,83,132,132,132,132,132,157,157,157],"floor_reached":50,"playtime":6235,"items_purged":["Strike_R"],"score":493,"play_id":"35167b40-d13b-4fa9-a9ff-e156087f4401","local_time":"20190202211000","is_ascension_mode":false,"campfire_choices":[{"floor":10,"key":"REST"},{"floor":15,"key":"REST"},{"floor":23,"key":"REST"},{"floor":25,"key":"REST"},{"data":"Seeing Red","floor":29,"key":"SMITH"},{"data":"Shockwave","floor":32,"key":"SMITH"},{"data":"Bludgeon","floor":40,"key":"SMITH"},{"data":"Seeing Red","floor":42,"key":"SMITH"},{"data":"Mind Blast","floor":47,"key":"SMITH"},{"floor":49,"key":"REST"}],"neow_cost":"","seed_source_timestamp":182992147862065,"circlet_count":0,"master_deck":["Strike_R","Strike_R","Defend_R","Defend_R","Defend_R","Bash","Seeing Red+1","Clash","Clash","Flex","Pommel Strike","Anger","Clothesline","Pommel Strike","Disarm","Iron Wave","Battle Trance","Demon Form","Burning Pact+1","Armaments+1","Reaper+1","Shockwave+1","Seeing Red+1","Carnage+1","Warcry","Dual Wield+1","Bludgeon+1","Clash+1","Cleave+1","Pommel Strike+1","Sever Soul","Thinking Ahead","Sadistic Nature","Mind Blast+1","Flex+1"],"relics":["Burning Blood","Golden Idol","Question Card","Odd Mushroom","Kunai","Paper Frog","Astrolabe","Unceasing Top","Strawberry","Gremlin Horn","Philosopher\u0027s Stone","Vajra"],"potions_floor_usage":[3,16,16,18,31,33,37,44,50],"damage_taken":[{"damage":20,"enemies":"Jaw Worm","floor":1,"turns":5},{"damage":0,"enemies":"2 Louse","floor":3,"turns":3},{"damage":1,"enemies":"Cultist","floor":5,"turns":3},{"damage":2,"enemies":"2 Fungi Beasts","floor":6,"turns":3},{"damage":25,"enemies":"3 Sentries","floor":7,"turns":7},{"damage":26,"enemies":"The Mushroom Lair","floor":8,"turns":4},{"damage":6,"enemies":"Lots of Slimes","floor":12,"turns":3},{"damage":0,"enemies":"3 Louse","floor":13,"turns":2},{"damage":26,"enemies":"Gremlin Gang","floor":14,"turns":4},{"damage":15,"enemies":"The Guardian","floor":16,"turns":7},{"damage":25,"enemies":"3 Byrds","floor":18,"turns":7},{"damage":22,"enemies":"2 Thieves","floor":20,"turns":4},{"damage":16,"enemies":"Snake Plant","floor":21,"turns":7},{"damage":29,"enemies":"Book of Stabbing","floor":24,"turns":5},{"damage":1,"enemies":"Chosen and Byrds","floor":28,"turns":5},{"damage":12,"enemies":"3 Cultists","floor":30,"turns":5},{"damage":13,"enemies":"Centurion and Healer","floor":31,"turns":5},{"damage":25,"enemies":"Champ","floor":33,"turns":9},{"damage":6,"enemies":"3 Shapes","floor":35,"turns":4},{"damage":23,"enemies":"3 Darklings","floor":36,"turns":7},{"damage":29,"enemies":"Sphere and 2 Shapes","floor":37,"turns":6},{"damage":25,"enemies":"4 Shapes","floor":38,"turns":7},{"damage":0,"enemies":"Spire Growth","floor":44,"turns":2},{"damage":26,"enemies":"Sphere and 2 Shapes","floor":48,"turns":4},{"damage":102,"enemies":"Awakened One","floor":50,"turns":5}],"seed_played":"-5631478158362049533","potions_obtained":[{"floor":1,"key":"Ancient Potion"},{"floor":7,"key":"FearPotion"},{"floor":8,"key":"Regen Potion"},{"floor":13,"key":"AttackPotion"},{"floor":21,"key":"SpeedPotion"},{"floor":22,"key":"Ancient Potion"},{"floor":28,"key":"Block Potion"},{"floor":35,"key":"SmokeBomb"},{"floor":48,"key":"Regen Potion"}],"is_trial":false,"path_per_floor":["M","?","M","$","M","M","E","?","T","R","T","M","M","M","R","B",null,"M","?","M","M","?","R","E","R","T","$","M","R","M","M","R","B",null,"M","M","M","M","$","R","?","R","T","M","?","?","R","M","R","B"],"character_chosen":"IRONCLAD","items_purchased":["Clash","Flex","Swift Potion","Gremlin Horn","Sever Soul","Thinking Ahead"],"campfire_rested":5,"item_purchase_floors":[4,4,27,27,39,39],"current_hp_per_floor":[66,46,52,52,57,61,42,22,22,46,46,46,52,32,56,59,80,63,63,47,37,37,61,38,62,69,69,78,78,87,87,87,84,87,87,75,62,56,56,56,56,56,56,62,57,57,57,49,75,0],"gold":157,"neow_bonus":"","is_prod":false,"is_daily":false,"chose_seed":false,"campfire_upgraded":5,"win_rate":0.0,"timestamp":1549138200,"path_taken":["M","?","M","$","M","M","E","?","T","R","?","M","M","?","R","BOSS","M","?","M","?","?","R","E","R","T","$","M","R","?","M","R","BOSS","M","M","?","M","$","R","?","R","T","M","?","?","R","M","R","BOSS"],"build_version":"2019-01-23","purchased_purges":1,"victory":false,"max_hp_per_floor":[80,80,80,80,80,80,80,80,80,80,80,80,80,80,80,80,80,80,80,80,80,80,80,80,80,87,87,87,87,87,87,87,87,87,87,87,87,87,87,87,87,87,87,87,87,87,87,87,87,87],"card_choices":[{"not_picked":["Dual Wield","Fire Breathing"],"picked":"Seeing Red","floor":1},{"not_picked":["Flex","Pommel Strike"],"picked":"Clash","floor":3},{"not_picked":["Ghostly Armor","Clothesline"],"picked":"Pommel Strike","floor":5},{"not_picked":["Perfected Strike","Body Slam"],"picked":"Anger","floor":6},{"not_picked":["Flame Barrier","Carnage"],"picked":"Clothesline","floor":7},{"not_picked":["Fiend Fire","Clothesline","Perfected Strike"],"picked":"Pommel Strike","floor":8},{"not_picked":["Reckless Charge","Armaments","Twin Strike"],"picked":"Disarm","floor":12},{"not_picked":["Perfected Strike","Flex","Disarm"],"picked":"Iron Wave","floor":13},{"not_picked":["Twin Strike","Sword Boomerang","Flex"],"picked":"Battle Trance","floor":14},{"not_picked":["Dark Embrace","Berserk","Feed"],"picked":"Demon Form","floor":16},{"not_picked":["Uppercut","Armaments+1","Cleave"],"picked":"Shockwave","floor":18},{"not_picked":["Pommel Strike","Shockwave","Bloodletting+1","Uppercut"],"picked":"SKIP","floor":20},{"not_picked":["Hemokinesis","Iron Wave","Burning Pact"],"picked":"Carnage+1","floor":21},{"not_picked":["Bloodletting","Burning Pact+1","Pommel Strike"],"picked":"Warcry","floor":24},{"not_picked":["Rampage","Clash","Flex"],"picked":"Dual Wield+1","floor":28},{"not_picked":["Warcry+1","Pommel Strike","True Grit","Corruption"],"picked":"SKIP","floor":30},{"not_picked":["Flex","Sword Boomerang","Body Slam","Rampage"],"picked":"SKIP","floor":31},{"not_picked":["Demon Form","Feed","Double Tap"],"picked":"Bludgeon","floor":33},{"not_picked":["Sword Boomerang","Hemokinesis","Iron Wave"],"picked":"Clash+1","floor":35},{"not_picked":["True Grit+1","Twin Strike","Armaments"],"picked":"Cleave+1","floor":36},{"not_picked":["Armaments+1","Twin Strike+1","True Grit+1"],"picked":"Pommel Strike+1","floor":37},{"not_picked":["Clash","Warcry+1","Shockwave+1"],"picked":"True Grit+1","floor":38},{"not_picked":["Transmutation","Panacea","Jack Of All Trades"],"picked":"Sadistic Nature","floor":45},{"not_picked":["The Bomb","Metamorphosis","Jack Of All Trades"],"picked":"Mind Blast","floor":45},{"not_picked":["Iron Wave","Clash","Searing Blow+1"],"picked":"Flex+1","floor":48}],"player_experience":0,"relics_obtained":[{"floor":7,"key":"Question Card"},{"floor":8,"key":"Odd Mushroom"},{"floor":9,"key":"Kunai"},{"floor":11,"key":"Paper Frog"},{"floor":24,"key":"Unceasing Top"},{"floor":26,"key":"Strawberry"},{"floor":43,"key":"Vajra"}],"event_choices":[{"damage_healed":0,"gold_gain":0,"player_choice":"Take Damage","damage_taken":20,"relics_obtained":["Golden Idol"],"max_hp_gain":0,"max_hp_loss":0,"event_name":"Golden Idol","floor":2,"gold_loss":0},{"damage_healed":0,"gold_gain":0,"player_choice":"Fought Mushrooms","damage_taken":0,"max_hp_gain":0,"max_hp_loss":0,"event_name":"Mushrooms","floor":8,"gold_loss":0},{"damage_healed":0,"gold_gain":0,"player_choice":"Copied","damage_taken":0,"max_hp_gain":0,"max_hp_loss":0,"event_name":"Duplicator","floor":19,"gold_loss":0,"cards_obtained":["Seeing Red"]},{"damage_healed":0,"gold_gain":0,"player_choice":"Bought 1 Potion","damage_taken":0,"max_hp_gain":0,"max_hp_loss":0,"event_name":"The Woman in Blue","floor":22,"gold_loss":0},{"cards_removed":["True Grit"],"damage_healed":0,"gold_gain":0,"player_choice":"Removed Skill","damage_taken":0,"max_hp_gain":0,"max_hp_loss":0,"event_name":"Falling","floor":41,"gold_loss":0},{"damage_healed":0,"gold_gain":0,"player_choice":"Memory 2","damage_taken":5,"max_hp_gain":0,"max_hp_loss":0,"event_name":"SensoryStone","floor":45,"gold_loss":0},{"damage_healed":0,"gold_gain":0,"player_choice":"Ignored","damage_taken":0,"max_hp_gain":0,"max_hp_loss":0,"event_name":"Tomb of Lord Red Mask","floor":46,"gold_loss":0}],"is_beta":false,"boss_relics":[{"not_picked":["Tiny House","Empty Cage"],"picked":"Astrolabe"},{"not_picked":["White Beast Statue","Fusion Hammer"],"picked":"Philosopher\u0027s Stone"}],"items_purged_floors":[27],"is_endless":false,"potions_floor_spawned":[1,7,8,13,21,28,30,35,44,48],"killed_by":"Awakened One","ascension_level":0}