{"path_per_floor":["M","?","M","$","M","R","?","R","T","E","?","R","E","$","R","B",null,"M","?","M","?","M","M","M","R","T","M","?","$","M"],"character_chosen":"IRONCLAD","items_purchased":["Molten Egg 2","Pommel Strike","Swift Strike+1","True Grit","Seeing Red"],"gold_per_floor":[119,294,304,19,32,32,32,32,58,84,159,159,194,13,13,118,118,138,138,148,148,167,186,201,201,224,243,166,73,90,90],"floor_reached":31,"campfire_rested":2,"playtime":1504,"item_purchase_floors":[4,4,14,29,29],"current_hp_per_floor":[80,80,74,74,80,80,85,85,85,87,76,76,29,29,58,13,103,90,90,78,78,16,17,27,63,63,34,34,34,11,0],"items_purged":["Doubt"],"gold":90,"score":320,"play_id":"0a560ba9-9c0c-47e4-82e9-2f0e5d3f4df0","local_time":"20180520230501","is_prod":false,"is_daily":false,"chose_seed":false,"is_ascension_mode":true,"campfire_upgraded":3,"timestamp":1526850301,"campfire_choices":[{"data":"Body Slam","floor":6,"key":"SMITH"},{"data":"Shrug It Off","floor":8,"key":"SMITH"},{"data":"Power Through","floor":12,"key":"SMITH"},{"floor":15,"key":"REST"},{"floor":25,"key":"REST"}],"path_taken":["M","?","M","$","?","R","?","R","T","E","?","R","E","$","R","BOSS","M","?","M","?","M","?","M","R","T","M","?","$","M","M"],"build_version":"2018-05-18","seed_source_timestamp":39502181076052,"purchased_purges":1,"victory":false,"master_deck":["Strike_R","Strike_R","Strike_R","Strike_R","Strike_R","Defend_R+1","Defend_R","Defend_R+1","Defend_R+1","Bash","Body Slam+1","Power Through+1","Pommel Strike+1","Shrug It Off+1","Flex","Feed+1","Swift Strike+1","Carnage+1","Impervious","Rage","Seeing Red","Rage+1","Sever Soul+1","Flex","J.A.X.","True Grit","Seeing Red","Reaper+1"],"max_hp_per_floor":[80,80,80,80,80,80,85,85,85,99,99,99,99,99,99,103,103,107,107,111,111,115,119,123,123,123,127,127,127,127,127],"relics":["Burning Blood","Molten Egg 2","War Paint","Mango","Dream Catcher","Runic Pyramid","Shuriken","Lantern"],"card_choices":[{"not_picked":["Rupture","Metallicize"],"picked":"Body Slam","floor":1},{"not_picked":["Anger","Battle Trance"],"picked":"Power Through","floor":3},{"not_picked":["Armaments","Rage"],"picked":"Shrug It Off","floor":5},{"not_picked":["Havoc","Armaments"],"picked":"Flex","floor":10},{"not_picked":["Battle Trance","Exhume"],"picked":"Feed+1","floor":13},{"not_picked":["Burning Pact","Flex"],"picked":"Carnage+1","floor":15},{"not_picked":["Limit Break","Reaper+1"],"picked":"Impervious","floor":16},{"not_picked":["Wild Strike+1","Anger+1","Sword Boomerang+1"],"picked":"SKIP","floor":18},{"not_picked":["Wild Strike+1","Disarm"],"picked":"Rage","floor":20},{"not_picked":["Shrug It Off","Shockwave","Disarm"],"picked":"SKIP","floor":22},{"not_picked":["Armaments","Pommel Strike+1"],"picked":"Seeing Red","floor":23},{"not_picked":["Power Through","Wild Strike+1"],"picked":"Rage+1","floor":24},{"not_picked":["Clash+1","Armaments+1"],"picked":"Sever Soul+1","floor":25},{"not_picked":["Hemokinesis+1","Twin Strike+1"],"picked":"Flex","floor":27},{"not_picked":["Clothesline+1","Wild Strike+1"],"picked":"Reaper+1","floor":30}],"player_experience":122430,"potions_floor_usage":[16,23,30],"damage_taken":[{"damage":3,"enemies":"Small Slimes","floor":1,"turns":4},{"damage":12,"enemies":"Jaw Worm","floor":3,"turns":3},{"damage":0,"enemies":"Cultist","floor":5,"turns":3},{"damage":18,"enemies":"Lagavulin","floor":10,"turns":7},{"damage":53,"enemies":"Gremlin Nob","floor":13,"turns":7},{"damage":55,"enemies":"Slime Boss","floor":16,"turns":12},{"damage":23,"enemies":"Shell Parasite","floor":18,"turns":4},{"damage":22,"enemies":"Spheric Guardian","floor":20,"turns":6},{"damage":72,"enemies":"Cultist and Chosen","floor":22,"turns":13},{"damage":9,"enemies":"Centurion and Healer","floor":23,"turns":6},{"damage":0,"enemies":"Snake Plant","floor":24,"turns":5},{"damage":39,"enemies":"Snecko","floor":27,"turns":8},{"damage":29,"enemies":"Slaver and Parasite","floor":30,"turns":7},{"damage":14,"enemies":"Centurion and Healer","floor":31,"turns":1}],"relics_obtained":[{"floor":9,"key":"War Paint"},{"floor":10,"key":"Mango"},{"floor":13,"key":"Dream Catcher"},{"floor":26,"key":"Lantern"}],"event_choices":[{"event_name":"Liars Game","player_choice":"agreed","floor":2,"damage_taken":0},{"event_name":"Big Fish","player_choice":"Donut","floor":7,"damage_taken":0},{"event_name":"World of Goop","player_choice":"Gather Gold","floor":11,"damage_taken":0},{"event_name":"The Mausoleum","player_choice":"Yes","floor":19,"damage_taken":0},{"event_name":"Purifier","player_choice":"One Purge","floor":21,"damage_taken":0},{"event_name":"Drug Dealer","player_choice":"Got JAXXED","floor":28,"damage_taken":0}],"boss_relics":[{"not_picked":["Velvet Choker","Black Blood"],"picked":"Runic Pyramid"}],"items_purged_floors":[14],"potions_floor_spawned":[3,16,23,30],"seed_played":"6850208318350634387","killed_by":"Centurion and Healer","ascension_level":2,"potions_obtained":[{"floor":3,"key":"Poison Potion"},{"floor":16,"key":"Swift Potion"},{"floor":23,"key":"SteroidPotion"},{"floor":30,"key":"FearPotion"}],"is_trial":false}