{"gold_per_floor":[213,227,327,327,36,36,36,52,132,148,148,187,170,185,185,308,308,332,346,346,359,374,412,426,426,450,468,468,147,147,168,168,292,292,308,218,28,42,67,67,88,103,103,138,157,182,182,206,206,206],"floor_reached":51,"playtime":4448,"items_purged":["Strike_B","Defend_B"],"score":1075,"play_id":"578fb29c-a97a-496f-bff4-15f05de643ed","local_time":"20180927155947","is_ascension_mode":true,"campfire_choices":[{"data":"Defragment","floor":6.0,"key":"SMITH"},{"floor":11.0,"key":"REST"},{"floor":15.0,"key":"REST"},{"floor":25.0,"key":"REST"},{"data":"Go for the Eyes","floor":28.0,"key":"SMITH"},{"data":"Sunder","floor":30.0,"key":"SMITH"},{"floor":32.0,"key":"REST"},{"data":"Beam Cell","floor":40.0,"key":"SMITH"},{"data":"Buffer","floor":47,"key":"SMITH"},{"data":"Heatsinks","floor":49,"key":"SMITH"}],"neow_cost":"NONE","seed_source_timestamp":1148793062008227,"circlet_count":0,"master_deck":["Defend_B","Defend_B+1","Defend_B","Zap+1","Dualcast","Defragment+1","Conserve Battery","Ball Lightning","Cold Snap","BootSequence","Auto Shields","Sunder+1","Chill","Electrodynamics","Coolheaded","Echo Form","Cold Snap+1","Conserve Battery","Coolheaded","Core Surge","Glacier","Stack+1","Self Repair","White Noise+1","Go for the Eyes+1","Heatsinks+1","Conserve Battery","Coolheaded+1","Beam Cell+1","Creative AI","Go for the Eyes+1","FTL+1","Buffer+1","Beam Cell+1"],"special_seed":0,"relics":["Cracked Core","Bronze Scales","Prayer Wheel","Golden Idol","Singing Bowl","Happy Flower","Empty Cage","Regal Pillow","Bag of Marbles","Mummified Hand","Cursed Key","Ice Cream"],"potions_floor_usage":[50,50],"damage_taken":[{"damage":7.0,"enemies":"Small Slimes","floor":1.0,"turns":3.0},{"damage":1.0,"enemies":"Cultist","floor":2.0,"turns":4.0},{"damage":1.0,"enemies":"2 Louse","floor":8.0,"turns":3.0},{"damage":16.0,"enemies":"Large Slime","floor":10.0,"turns":4.0},{"damage":21.0,"enemies":"Gremlin Nob","floor":12.0,"turns":4.0},{"damage":10.0,"enemies":"Exordium Thugs","floor":13.0,"turns":4.0},{"damage":0.0,"enemies":"Red Slaver","floor":14.0,"turns":3.0},{"damage":23.0,"enemies":"Slime Boss","floor":16.0,"turns":8.0},{"damage":7.0,"enemies":"3 Byrds","floor":18.0,"turns":3.0},{"damage":3.0,"enemies":"Spheric Guardian","floor":19.0,"turns":5.0},{"damage":8.0,"enemies":"Cultist and Chosen","floor":21.0,"turns":6.0},{"damage":5.0,"enemies":"Chosen and Byrds","floor":22.0,"turns":7.0},{"damage":18.0,"enemies":"Slavers","floor":23.0,"turns":6.0},{"damage":8.0,"enemies":"Snecko","floor":24.0,"turns":7.0},{"damage":11.0,"enemies":"Centurion and Healer","floor":27.0,"turns":7.0},{"damage":2.0,"enemies":"Snake Plant","floor":31.0,"turns":3.0},{"damage":42.0,"enemies":"Collector","floor":33.0,"turns":12.0},{"damage":0.0,"enemies":"Orb Walker","floor":35.0,"turns":4.0},{"damage":0.0,"enemies":"3 Shapes","floor":38.0,"turns":4.0},{"damage":8.0,"enemies":"Reptomancer","floor":39.0,"turns":7.0},{"damage":12.0,"enemies":"Maw","floor":41.0,"turns":7.0},{"damage":8.0,"enemies":"Spire Growth","floor":42.0,"turns":4.0},{"damage":7.0,"enemies":"Nemesis","floor":44.0,"turns":9.0},{"damage":0.0,"enemies":"Sphere and 2 Shapes","floor":45.0,"turns":4.0},{"damage":0,"enemies":"Transient","floor":46,"turns":5},{"damage":23,"enemies":"Reptomancer","floor":48,"turns":5},{"damage":0,"enemies":"Donu and Deca","floor":50,"turns":10}],"seed_played":"-5199423740295885130","potions_obtained":[{"floor":1.0,"key":"SmokeBomb"},{"floor":8.0,"key":"SpeedPotion"},{"floor":10.0,"key":"EssenceOfSteel"},{"floor":14.0,"key":"FocusPotion"},{"floor":19.0,"key":"FairyPotion"},{"floor":24.0,"key":"FocusPotion"},{"floor":33.0,"key":"FocusPotion"},{"floor":39.0,"key":"LiquidBronze"}],"is_trial":false,"path_per_floor":["M","M","?","?","$","R","?","M","T","M","R","E","M","M","R","B",null,"M","M","?","M","M","E","M","R","T","M","R","$","R","M","R","B",null,"M","?","$","M","M","R","M","M","T","E","M","M","R","M","R","B"],"character_chosen":"DEFECT","items_purchased":["Prayer Wheel","Mummified Hand","Heatsinks","Conserve Battery"],"campfire_rested":4,"item_purchase_floors":[5,29,37,37],"current_hp_per_floor":[61,60,60,48,48,48,48,47,47,31,51,30,20,20,40,17,56,51,48,48,40,37,21,13,50,50,48,48,48,48,50,81,55,76,80,80,80,89,91,91,91,85,85,85,97,99,99,87,87,94],"gold":206,"neow_bonus":"HUNDRED_GOLD","is_prod":false,"is_daily":false,"chose_seed":false,"campfire_upgraded":6,"win_rate":0,"timestamp":1538089187,"path_taken":["M","M","?","?","$","R","?","M","T","M","R","E","M","M","R","BOSS","M","M","?","?","M","E","M","R","T","M","R","?","R","M","R","BOSS","M","?","$","M","M","R","M","M","T","E","M","?","R","M","R","BOSS"],"build_version":"2018-09-20","purchased_purges":2,"victory":true,"max_hp_per_floor":[75,75,75,75,75,75,69,69,69,69,69,69,69,69,69,69,69,71,71,71,71,73,75,75,75,75,77,77,77,77,81,81,83,83,87,87,87,89,91,91,91,93,93,93,97,99,99,103,103,103],"card_choices":[{"not_picked":["Steam","Double Energy"],"picked":"Defragment","floor":1.0},{"not_picked":["Lockon","Leap"],"picked":"Conserve Battery","floor":2.0},{"not_picked":["Leap","Heatsinks"],"picked":"Ball Lightning","floor":8.0},{"not_picked":["Rebound","Go for the Eyes","Glacier"],"picked":"SKIP","floor":8.0},{"not_picked":["Barrage","BootSequence"],"picked":"Cold Snap","floor":10.0},{"not_picked":["Steam","Reprogram"],"picked":"BootSequence","floor":10.0},{"not_picked":["Steam Power","Rebound"],"picked":"Auto Shields","floor":12.0},{"not_picked":["Loop","Hologram"],"picked":"Sunder","floor":13.0},{"not_picked":["Turbo","BootSequence"],"picked":"Chill","floor":13.0},{"not_picked":["Aggregate","Force Field"],"picked":"Electrodynamics","floor":14.0},{"not_picked":["Ball Lightning","Compile Driver"],"picked":"Coolheaded","floor":14.0},{"not_picked":["Thunder Strike","Creative AI"],"picked":"Echo Form","floor":16.0},{"not_picked":["Lockon","Ball Lightning+1"],"picked":"Cold Snap+1","floor":18.0},{"not_picked":["Stack","Barrage+1","Redo"],"picked":"Singing Bowl","floor":18.0},{"not_picked":["Rebound","Hologram+1"],"picked":"Conserve Battery","floor":19.0},{"not_picked":["Barrage","Redo+1"],"picked":"Coolheaded","floor":19.0},{"not_picked":["Compile Driver","Hologram+1"],"picked":"Core Surge","floor":21.0},{"not_picked":["Leap+1","Conserve Battery"],"picked":"Glacier","floor":21.0},{"not_picked":["Rebound","Force Field+1","Beam Cell"],"picked":"Singing Bowl","floor":22.0},{"not_picked":["Streamline","Barrage"],"picked":"Stack+1","floor":22.0},{"not_picked":["Gash","Fusion+1","Steam"],"picked":"Singing Bowl","floor":23.0},{"not_picked":["White Noise","Sweeping Beam+1"],"picked":"Self Repair","floor":24.0},{"not_picked":["Barrage","Steam+1"],"picked":"White Noise+1","floor":24.0},{"not_picked":["Hello World","Multi-Cast"],"picked":"Go for the Eyes","floor":27.0},{"not_picked":["Streamline+1","Barrage","Undo"],"picked":"Singing Bowl","floor":27.0},{"not_picked":["BootSequence","Go for the Eyes","Sunder"],"picked":"Singing Bowl","floor":31.0},{"not_picked":["Cold Snap","Gash","Beam Cell"],"picked":"Singing Bowl","floor":31.0},{"not_picked":["Electrodynamics","Reboot","Hyperbeam"],"picked":"Singing Bowl","floor":33.0},{"not_picked":["Conserve Battery","Scrape","Gash"],"picked":"Singing Bowl","floor":35.0},{"not_picked":["Skim+1","Chill","Beam Cell+1"],"picked":"Singing Bowl","floor":35.0},{"not_picked":["Streamline+1","Go for the Eyes"],"picked":"Coolheaded+1","floor":38.0},{"not_picked":["Conserve Battery","Stack+1","Hologram"],"picked":"Singing Bowl","floor":38.0},{"not_picked":["Chaos+1","Cold Snap","Stack"],"picked":"Singing Bowl","floor":39.0},{"not_picked":["Leap+1","Hello World"],"picked":"Beam Cell","floor":39.0},{"not_picked":["Go for the Eyes+1","Coolheaded"],"picked":"Creative AI","floor":41.0},{"not_picked":["Conserve Battery+1","Reinforced Body"],"picked":"Go for the Eyes+1","floor":41.0},{"not_picked":["Conserve Battery","Beam Cell","Sweeping Beam"],"picked":"Singing Bowl","floor":42.0},{"not_picked":["Beam Cell+1","Cold Snap+1"],"picked":"FTL+1","floor":42.0},{"not_picked":["Coolheaded+1","Gash+1"],"picked":"Buffer","floor":44.0},{"not_picked":["Sweeping Beam+1","Undo+1","Hello World+1"],"picked":"Singing Bowl","floor":45.0},{"not_picked":["Stack+1","Rip and Tear","Rebound"],"picked":"Singing Bowl","floor":45.0},{"not_picked":["Heatsinks","Chaos+1","Recycle+1"],"picked":"Singing Bowl","floor":46},{"not_picked":["Steam+1","Ball Lightning"],"picked":"Beam Cell+1","floor":46},{"not_picked":["Heatsinks+1","Rebound+1","Gash"],"picked":"Singing Bowl","floor":48},{"not_picked":["Blizzard+1","Leap","Double Energy"],"picked":"Singing Bowl","floor":48}],"player_experience":1101538,"relics_obtained":[{"floor":9.0,"key":"Singing Bowl"},{"floor":12.0,"key":"Happy Flower"},{"floor":23.0,"key":"Regal Pillow"},{"floor":26.0,"key":"Bag of Marbles"},{"floor":44.0,"key":"Ice Cream"}],"event_choices":[{"event_name":"Wheel of Change","player_choice":"Gold","floor":3.0,"damage_taken":0.0},{"event_name":"Scrap Ooze","player_choice":"success","floor":4.0,"damage_taken":12.0},{"event_name":"Golden Idol","player_choice":"Lose Max HP","floor":7.0,"damage_taken":0.0},{"event_name":"Upgrade Shrine","player_choice":"Upgraded","floor":20.0,"damage_taken":0.0},{"event_name":"Designer","player_choice":"Full Service","floor":36.0,"damage_taken":0.0}],"is_beta":false,"boss_relics":[{"not_picked":["Busted Crown","Black Star"],"picked":"Empty Cage"},{"not_picked":["Orrery","Nuclear Battery"],"picked":"Cursed Key"}],"items_purged_floors":[29,37],"is_endless":false,"potions_floor_spawned":[1,8,10,14,19,24,27,33,39,41,45,48],"ascension_level":9}