{"gold_per_floor":[115,290,290,300,314,346,362,389,389,389,389,454,485,495,495,590,590,602,602,235,249,3,31,31,42,42,69,69,98,197,208,208,304,304,322,322,335,64,75,75,110,110,162,162,188,188,219,219],"floor_reached":48,"playtime":3954,"items_purged":["Normality","Normality","Clumsy"],"score":725,"play_id":"7a26c239-b2a5-4db0-9713-8ffa194953c9","local_time":"20190108160047","is_ascension_mode":true,"campfire_choices":[{"floor":11,"key":"REST"},{"data":"Defragment","floor":15,"key":"SMITH"},{"floor":24,"key":"REST"},{"data":"Zap","floor":32,"key":"SMITH"},{"floor":40,"key":"REST"},{"data":"Echo Form","floor":44,"key":"SMITH"}],"neow_cost":"NONE","seed_source_timestamp":66941442903420,"circlet_count":0,"master_deck":["Strike_B+1","Strike_B","Strike_B","Defend_B","Defend_B+1","Defend_B+1","Defend_B","Zap+1","Dualcast","Defragment+1","Cold Snap","Cold Snap+1","Conserve Battery","Tempest","Core Surge","Capacitor+1","Coolheaded","Consume+1","Echo Form+1","Biased Cognition","Chaos+1"],"relics":["Cracked Core","NeowsBlessing","Blood Vial","Shuriken","Symbiotic Virus","Meat on the Bone","Unceasing Top","Calling Bell","PreservedInsect","Sundial","Ice Cream","Question Card","FossilizedHelix","War Paint","Bottled Tornado","Cables","Lantern","Pear","Black Star","Anchor","Whetstone","Bag of Marbles","Omamori","Ancient Tea Set","Vajra","WingedGreaves","Calipers"],"potions_floor_usage":[8,8,13,13,27,39,48,48,48,48],"damage_taken":[{"damage":0,"enemies":"2 Louse","floor":1,"turns":1},{"damage":0,"enemies":"Jaw Worm","floor":4,"turns":1},{"damage":0,"enemies":"Cultist","floor":5,"turns":1},{"damage":27,"enemies":"3 Sentries","floor":6,"turns":10},{"damage":22,"enemies":"3 Louse","floor":7,"turns":4},{"damage":22,"enemies":"Gremlin Nob","floor":8,"turns":5},{"damage":15,"enemies":"Gremlin Nob","floor":12,"turns":4},{"damage":3,"enemies":"3 Sentries","floor":13,"turns":9},{"damage":0,"enemies":"Large Slime","floor":14,"turns":4},{"damage":7,"enemies":"The Guardian","floor":16,"turns":14},{"damage":21,"enemies":"Shell Parasite","floor":18,"turns":6},{"damage":0,"enemies":"Spheric Guardian","floor":21,"turns":4},{"damage":39,"enemies":"Slavers","floor":23,"turns":7},{"damage":14,"enemies":"Snake Plant","floor":25,"turns":4},{"damage":20,"enemies":"Gremlin Leader","floor":27,"turns":5},{"damage":13,"enemies":"Slavers","floor":29,"turns":6},{"damage":0,"enemies":"Centurion and Healer","floor":31,"turns":5},{"damage":8,"enemies":"Automaton","floor":33,"turns":13},{"damage":34,"enemies":"3 Darklings","floor":35,"turns":6},{"damage":13,"enemies":"Orb Walker","floor":37,"turns":4},{"damage":22,"enemies":"Jaw Worm Horde","floor":39,"turns":6},{"damage":0,"enemies":"Nemesis","floor":41,"turns":5},{"damage":20,"enemies":"Giant Head","floor":45,"turns":8},{"damage":47,"enemies":"Nemesis","floor":47,"turns":7},{"damage":28,"enemies":"Writhing Mass","floor":48,"turns":2}],"seed_played":"-6354036012436697044","potions_obtained":[{"floor":4,"key":"Dexterity Potion"},{"floor":6,"key":"EssenceOfSteel"},{"floor":7,"key":"LiquidBronze"},{"floor":12,"key":"Regen Potion"},{"floor":13,"key":"EssenceOfSteel"},{"floor":21,"key":"LiquidBronze"},{"floor":31,"key":"FearPotion"},{"floor":33,"key":"SpeedPotion"},{"floor":36,"key":"FocusPotion"},{"floor":36,"key":"Swift Potion"},{"floor":36,"key":"LiquidBronze"},{"floor":37,"key":"Regen Potion"},{"floor":39,"key":"EssenceOfSteel"},{"floor":47,"key":"EntropicBrew"}],"is_trial":false,"path_per_floor":["M","?","?","M","M","E","M","E","T","?","R","?","E","M","R","B",null,"M","?","$","M","$","E","R","M","T","E","$","E","?","M","R","B",null,"M","?","M","$","M","R","E","?","T","R","E","$","E","M"],"character_chosen":"DEFECT","items_purchased":["FossilizedHelix","War Paint","Anchor"],"campfire_rested":3,"item_purchase_floors":[20,22,38],"current_hp_per_floor":[75,75,75,75,75,48,28,8,8,1,23,10,36,38,38,45,75,54,54,54,56,56,31,53,41,41,35,35,46,46,48,48,54,85,51,51,52,52,47,72,74,74,74,74,56,56,23,0],"gold":219,"neow_bonus":"THREE_ENEMY_KILL","is_prod":false,"is_daily":false,"chose_seed":false,"campfire_upgraded":3,"win_rate":0,"timestamp":1546923647,"path_taken":["M","?","?","M","?","E","M","E","T","?","R","?","E","M","R","BOSS","M","?","$","M","?","E","R","M","T","E","$","E","?","M","R","BOSS","M","?","?","$","M","R","E","?","T","R","E","$","E","M"],"build_version":"2018-11-15","purchased_purges":3,"victory":false,"max_hp_per_floor":[75,75,75,75,75,75,75,75,75,75,75,75,75,75,75,75,75,75,75,75,75,75,75,75,75,75,75,75,85,85,85,85,85,85,85,85,85,85,85,85,85,85,85,85,85,85,85,85],"card_choices":[{"not_picked":["Rebound","Go for the Eyes"],"picked":"Defragment","floor":1},{"not_picked":["Stack","Heatsinks","Rebound"],"picked":"SKIP","floor":4},{"not_picked":["Leap","Barrage","Go for the Eyes"],"picked":"SKIP","floor":5},{"not_picked":["Conserve Battery","Redo"],"picked":"Cold Snap","floor":6},{"not_picked":["Compile Driver","Hello World","Gash"],"picked":"SKIP","floor":7},{"not_picked":["Compile Driver","Meteor Strike"],"picked":"Conserve Battery","floor":8},{"not_picked":["Rebound","Coolheaded"],"picked":"Tempest","floor":13},{"not_picked":["Fusion","Self Repair","Darkness"],"picked":"SKIP","floor":14},{"not_picked":["Amplify","Multi-Cast"],"picked":"Core Surge","floor":16},{"not_picked":["Leap","Reprogram","Rebound"],"picked":"SKIP","floor":18},{"not_picked":["Hologram","Beam Cell","Redo","Stack"],"picked":"SKIP","floor":21},{"not_picked":["Chaos","Fission","Rebound"],"picked":"Capacitor+1","floor":23},{"not_picked":["Turbo","Barrage","Hello World","Reinforced Body"],"picked":"SKIP","floor":25},{"not_picked":["Biased Cognition","Turbo","Leap"],"picked":"Coolheaded","floor":27},{"not_picked":["Barrage","Compile Driver","Scrape"],"picked":"Consume+1","floor":29},{"not_picked":["Beam Cell","Rebound","Streamline","Cold Snap"],"picked":"SKIP","floor":31},{"not_picked":["Creative AI","Reboot","Amplify"],"picked":"Echo Form","floor":33},{"not_picked":["Self Repair+1","Stack+1","Cold Snap","Reprogram"],"picked":"SKIP","floor":35},{"not_picked":["Leap+1","Barrage","Gash+1","Ball Lightning+1"],"picked":"SKIP","floor":37},{"not_picked":["FTL","Conserve Battery","Sunder+1","Sweeping Beam+1"],"picked":"SKIP","floor":39},{"not_picked":["Hologram+1","Skim+1","Ball Lightning"],"picked":"Biased Cognition","floor":41},{"not_picked":["Undo","Doom and Gloom+1","Cold Snap"],"picked":"Chaos+1","floor":45},{"not_picked":["Consume","Sweeping Beam+1","Stack","Recycle"],"picked":"SKIP","floor":47}],"player_experience":1041358,"relics_obtained":[{"floor":6,"key":"Blood Vial"},{"floor":8,"key":"Shuriken"},{"floor":9,"key":"Symbiotic Virus"},{"floor":12,"key":"Meat on the Bone"},{"floor":13,"key":"Unceasing Top"},{"floor":17,"key":"PreservedInsect"},{"floor":17,"key":"Sundial"},{"floor":17,"key":"Ice Cream"},{"floor":23,"key":"Bottled Tornado"},{"floor":26,"key":"Cables"},{"floor":27,"key":"Lantern"},{"floor":29,"key":"Pear"},{"floor":41,"key":"Whetstone"},{"floor":41,"key":"Bag of Marbles"},{"floor":43,"key":"Omamori"},{"floor":45,"key":"Ancient Tea Set"},{"floor":45,"key":"Vajra"},{"floor":47,"key":"WingedGreaves"},{"floor":47,"key":"Calipers"}],"event_choices":[{"damage_healed":0,"gold_gain":175,"player_choice":"AGREE","damage_taken":0,"max_hp_gain":0,"max_hp_loss":0,"event_name":"Liars Game","floor":2,"gold_loss":0,"cards_obtained":["Doubt"]},{"damage_healed":0,"gold_gain":0,"cards_transformed":["Strike_B"],"player_choice":"Transformed","damage_taken":0,"max_hp_gain":0,"max_hp_loss":0,"event_name":"Transmorgrifier","floor":3,"gold_loss":0,"cards_obtained":["Cold Snap"]},{"cards_removed":["Doubt"],"damage_healed":0,"gold_gain":0,"player_choice":"Card Removal","damage_taken":7,"max_hp_gain":0,"max_hp_loss":0,"event_name":"Golden Wing","floor":10,"gold_loss":0},{"damage_healed":0,"gold_gain":0,"player_choice":"Searched \u00271\u0027 times","damage_taken":0,"max_hp_gain":0,"max_hp_loss":0,"event_name":"Dead Adventurer","floor":12,"gold_loss":0},{"damage_healed":0,"gold_gain":0,"player_choice":"Gave Potion","damage_taken":0,"relics_obtained":["Question Card"],"max_hp_gain":0,"max_hp_loss":0,"event_name":"WeMeetAgain","floor":19,"gold_loss":0},{"damage_healed":0,"gold_gain":99,"player_choice":"Stole From Cult","damage_taken":0,"max_hp_gain":0,"max_hp_loss":0,"event_name":"Nest","floor":30,"gold_loss":0},{"damage_healed":0,"gold_gain":0,"player_choice":"Got Potions","damage_taken":0,"max_hp_gain":0,"max_hp_loss":0,"event_name":"Lab","floor":36,"gold_loss":0},{"damage_healed":0,"gold_gain":0,"player_choice":"Ignored","damage_taken":0,"max_hp_gain":0,"max_hp_loss":0,"event_name":"SecretPortal","floor":42,"gold_loss":0}],"is_beta":true,"boss_relics":[{"not_picked":["Tiny House","Astrolabe"],"picked":"Calling Bell"},{"not_picked":["Sozu","White Beast Statue"],"picked":"Black Star"}],"items_purged_floors":[20,22,38],"is_endless":false,"potions_floor_spawned":[4,6,7,12,13,21,31,33,37,39,45,47],"killed_by":"Writhing Mass","ascension_level":1}