{"gold_per_floor":[115,129,204,227,1,1,34,44,44,62,62,62,76,104,104,104],"floor_reached":16,"playtime":536,"items_purged":["Parasite"],"score":140,"play_id":"a527d272-26dd-4bd6-b060-f58ec5c1f9e4","local_time":"20190207134541","is_ascension_mode":true,"campfire_choices":[{"data":"Sentinel","floor":6,"key":"SMITH"},{"floor":15,"key":"REST"}],"neow_cost":"CURSE","seed_source_timestamp":659788301447,"circlet_count":0,"master_deck":["Strike_R","Strike_R","Strike_R","Strike_R","Strike_R","Defend_R","Defend_R","Defend_R","Defend_R","Bash","Offering","Rupture","Sentinel+1","Exhume","Pommel Strike","Pommel Strike","Anger"],"relics":["Burning Blood","Bronze Scales","Lantern","Smiling Mask","Singing Bowl","Odd Mushroom"],"potions_floor_usage":[7,7,13],"damage_taken":[{"damage":6,"enemies":"Cultist","floor":1,"turns":2},{"damage":10,"enemies":"Jaw Worm","floor":2,"turns":4},{"damage":28,"enemies":"Lagavulin","floor":7,"turns":6},{"damage":2,"enemies":"2 Louse","floor":8,"turns":4},{"damage":11,"enemies":"2 Fungi Beasts","floor":10,"turns":3},{"damage":11,"enemies":"Exordium Thugs","floor":13,"turns":3},{"damage":22,"enemies":"The Mushroom Lair","floor":14,"turns":3},{"damage":48,"enemies":"Hexaghost","floor":16,"turns":7}],"seed_played":"2159094712602712035","potions_obtained":[{"floor":1,"key":"Fire Potion"},{"floor":2,"key":"SpeedPotion"},{"floor":10,"key":"Fire Potion"}],"is_trial":false,"path_per_floor":["M","M","?","T","$","R","E","M","T","M","$","?","M","?","R","B"],"character_chosen":"IRONCLAD","items_purchased":["Lantern"],"campfire_rested":1,"item_purchase_floors":[5],"current_hp_per_floor":[72,68,57,57,57,57,35,39,39,34,34,39,36,20,45,0],"gold":104,"neow_bonus":"THREE_RARE_CARDS","is_prod":false,"is_daily":false,"chose_seed":false,"campfire_upgraded":1,"win_rate":0,"timestamp":1549518341,"path_taken":["M","?","?","?","?","R","E","?","T","M","?","?","M","?","R","BOSS"],"build_version":"2019-01-23","purchased_purges":1,"victory":false,"max_hp_per_floor":[80,80,80,80,77,77,77,77,77,77,77,82,84,84,84,84],"card_choices":[{"not_picked":["Brutality","Impervious"],"picked":"Offering","floor":0},{"not_picked":["Pummel","Clothesline"],"picked":"Rupture","floor":1},{"not_picked":["True Grit","Burning Pact"],"picked":"Sentinel","floor":2},{"not_picked":["Burning Pact","Corruption"],"picked":"Exhume","floor":7},{"not_picked":["Warcry","Blood for Blood"],"picked":"Pommel Strike","floor":8},{"not_picked":["Havoc","Wild Strike"],"picked":"Pommel Strike","floor":10},{"not_picked":["Headbutt","Twin Strike","Wild Strike"],"picked":"Singing Bowl","floor":13},{"not_picked":["Wild Strike","Iron Wave"],"picked":"Anger","floor":14}],"player_experience":97893,"relics_obtained":[{"floor":4,"key":"Bronze Scales"},{"floor":7,"key":"Smiling Mask"},{"floor":9,"key":"Singing Bowl"},{"floor":14,"key":"Odd Mushroom"}],"event_choices":[{"damage_healed":0,"gold_gain":75,"player_choice":"Gather Gold","damage_taken":11,"max_hp_gain":0,"max_hp_loss":0,"event_name":"World of Goop","floor":3,"gold_loss":0},{"damage_healed":0,"gold_gain":0,"player_choice":"Donut","damage_taken":0,"max_hp_gain":5,"max_hp_loss":0,"event_name":"Big Fish","floor":12,"gold_loss":0},{"damage_healed":0,"gold_gain":0,"player_choice":"Fought Mushrooms","damage_taken":0,"max_hp_gain":0,"max_hp_loss":0,"event_name":"Mushrooms","floor":14,"gold_loss":0}],"is_beta":false,"boss_relics":[],"items_purged_floors":[5],"is_endless":false,"potions_floor_spawned":[1,2,10],"killed_by":"Hexaghost","ascension_level":8}