{"path_per_floor":["M","M","M","M","M","R","E","R","T","?","?","M","?","E","R","B",null,"M","$","M","?","?","R","E"],"character_chosen":"DEFECT","items_purchased":["Amplify","Heatsinks","Panache"],"gold_per_floor":[119,129,148,168,182,182,214,214,237,237,412,427,527,554,554,650,650,670,270,288,288,288,288,322,322],"floor_reached":25,"campfire_rested":2,"playtime":1142,"item_purchase_floors":[19,19,19],"current_hp_per_floor":[71,71,65,57,57,57,25,47,47,32,32,34,34,17,54,46,75,55,55,57,57,57,57,18,0],"items_purged":[],"gold":322,"score":256,"play_id":"dc4d8e85-baa9-4a52-9cce-22e078110984","local_time":"20180531211955","is_prod":false,"is_daily":false,"chose_seed":false,"is_ascension_mode":false,"campfire_upgraded":2,"win_rate":0.0,"timestamp":1527819595,"campfire_choices":[{"data":"Machine Learning","floor":6,"key":"SMITH"},{"floor":8,"key":"REST"},{"floor":15,"key":"REST"},{"data":"Self Repair","floor":23,"key":"SMITH"}],"path_taken":["M","M","?","M","M","R","E","R","T","?","?","M","?","E","R","BOSS","M","$","M","?","?","R","E","M"],"build_version":"2018-05-31","seed_source_timestamp":1127147739040355,"purchased_purges":0,"victory":false,"master_deck":["Strike_B","Strike_B","Strike_B","Strike_B","Defend_B","Defend_B","Defend_B","Defend_B","Zap+1","Dualcast","Cold Snap","Barrage","Sweeping Beam","Barrage","Machine Learning+1","Barrage","Buffer+1","Doubt","Steam","Heatsinks","Thunder Strike","Barrage","Amplify","Heatsinks","Panache","Compile Driver+1","Self Repair+1","Ball Lightning"],"max_hp_per_floor":[75,75,75,75,75,75,75,75,75,75,75,75,75,75,75,75,75,75,75,75,75,75,75,75,75],"relics":["Cracked Core","Blood Vial","Regal Pillow","Bronze Scales","Nuclear Battery","Art of War"],"card_choices":[{"not_picked":["Leap","Auto Shields"],"picked":"Cold Snap","floor":0},{"not_picked":["Compile Driver","Beam Cell"],"picked":"Barrage","floor":1},{"not_picked":["Hologram","Steam"],"picked":"Sweeping Beam","floor":2},{"not_picked":["Leap","Streamline"],"picked":"Barrage","floor":3},{"not_picked":["Rip and Tear","Beam Cell"],"picked":"Machine Learning","floor":4},{"not_picked":["Hologram","Sweeping Beam"],"picked":"Barrage","floor":5},{"not_picked":["Creative AI","Leap"],"picked":"Buffer","floor":7},{"not_picked":["Gash","Conserve Battery"],"picked":"Steam","floor":12},{"not_picked":["All For One","Beam Cell"],"picked":"Heatsinks","floor":14},{"not_picked":["Seek","Multi-Cast"],"picked":"Thunder Strike","floor":16},{"not_picked":["Go for the Eyes+1","Coolheaded"],"picked":"Barrage","floor":18},{"not_picked":["Streamline","Genetic Algorithm"],"picked":"Compile Driver+1","floor":20},{"not_picked":["Scrape+1","Melter+1"],"picked":"Ball Lightning","floor":24}],"player_experience":210047,"potions_floor_usage":[18,24,24],"damage_taken":[{"damage":4,"enemies":"Cultist","floor":1,"turns":3},{"damage":0,"enemies":"2 Louse","floor":2,"turns":3},{"damage":6,"enemies":"Jaw Worm","floor":3,"turns":2},{"damage":8,"enemies":"Red Slaver","floor":4,"turns":4},{"damage":0,"enemies":"Blue Slaver","floor":5,"turns":3},{"damage":32,"enemies":"Lagavulin","floor":7,"turns":6},{"damage":0,"enemies":"Looter","floor":12,"turns":4},{"damage":19,"enemies":"Gremlin Nob","floor":14,"turns":5},{"damage":10,"enemies":"Slime Boss","floor":16,"turns":10},{"damage":20,"enemies":"2 Thieves","floor":18,"turns":4},{"damage":0,"enemies":"Chosen","floor":20,"turns":5},{"damage":51,"enemies":"Book of Stabbing","floor":24,"turns":6},{"damage":23,"enemies":"Snake Plant","floor":25,"turns":3}],"relics_obtained":[{"floor":7,"key":"Blood Vial"},{"floor":9,"key":"Regal Pillow"},{"floor":14,"key":"Bronze Scales"},{"floor":24,"key":"Art of War"}],"event_choices":[{"event_name":"Shining Light","player_choice":"Entered Light","floor":10,"damage_taken":0},{"event_name":"Liars Game","player_choice":"agreed","floor":11,"damage_taken":0},{"event_name":"Wheel of Change","player_choice":"Gold","floor":13,"damage_taken":0},{"event_name":"The Library","player_choice":"Read","floor":21,"damage_taken":0},{"event_name":"Beggar","player_choice":"Ignored","floor":22,"damage_taken":0}],"boss_relics":[{"not_picked":["Runic Pyramid","Eternal Feather"],"picked":"Nuclear Battery"}],"items_purged_floors":[],"potions_floor_spawned":[2,4,7,12,14,18],"seed_played":"1330078293562357249","killed_by":"Snake Plant","ascension_level":0,"potions_obtained":[{"floor":2,"key":"SteroidPotion"},{"floor":4,"key":"Swift Potion"},{"floor":7,"key":"SpeedPotion"},{"floor":18,"key":"FocusPotion"}],"is_trial":false}