{"gold_per_floor":[114,124,10,10,23,55,55,55,55,67,100,100,100,119,119,215,215,235,1,1,1,20,20,37,57,84,96,138,150,162,187,199,306,318,347,359],"floor_reached":36,"playtime":4294,"items_purged":[],"score":442,"play_id":"f421199c-9a4e-4bd0-8034-76e14b138f5d","local_time":"20190202003233","is_ascension_mode":false,"campfire_choices":[{"floor":8,"key":"REST"},{"floor":12,"key":"REST"},{"data":"Heavy Blade","floor":15,"key":"SMITH"},{"data":"Seeing Red","floor":27,"key":"SMITH"},{"floor":32,"key":"REST"}],"neow_cost":"NONE","seed_source_timestamp":1179662105310544,"circlet_count":0,"master_deck":["Strike_R+1","Strike_R","Strike_R","Strike_R","Strike_R","Defend_R","Defend_R+1","Defend_R","Defend_R","Bash","Sword Boomerang","Seeing Red+1","Discovery","Sword Boomerang","Warcry","Anger","Demon Form+1","Headbutt","Heavy Blade+1","Limit Break","Clothesline+1","Panache","True Grit","Ghostly","Ghostly","Ghostly","Ghostly","Ghostly","Sword Boomerang+1","Hemokinesis","Bash","Clumsy","Twin Strike","Heavy Blade+1","Heavy Blade+1","Twin Strike","Demon Form","Flex+1"],"relics":["Burning Blood","NeowsBlessing","Pear","PreservedInsect","Darkstone Periapt","Pocketwatch","Sozu","MawBank","Oddly Smooth Stone","Runic Cube"],"potions_floor_usage":[36,36,36],"damage_taken":[{"damage":0,"enemies":"2 Louse","floor":1,"turns":2},{"damage":0,"enemies":"Small Slimes","floor":2,"turns":1},{"damage":0,"enemies":"Jaw Worm","floor":5,"turns":1},{"damage":28,"enemies":"Gremlin Nob","floor":6,"turns":4},{"damage":14,"enemies":"2 Fungi Beasts","floor":10,"turns":3},{"damage":26,"enemies":"Lagavulin","floor":11,"turns":5},{"damage":0,"enemies":"Looter","floor":14,"turns":3},{"damage":22,"enemies":"Slime Boss","floor":16,"turns":6},{"damage":40,"enemies":"3 Byrds","floor":18,"turns":6},{"damage":0,"enemies":"Chosen","floor":22,"turns":6},{"damage":7,"enemies":"Centurion and Healer","floor":24,"turns":6},{"damage":8,"enemies":"Snecko","floor":25,"turns":6},{"damage":16,"enemies":"Gremlin Leader","floor":28,"turns":5},{"damage":3,"enemies":"Shelled Parasite and Fungi","floor":31,"turns":5},{"damage":7,"enemies":"Collector","floor":33,"turns":7},{"damage":14,"enemies":"3 Shapes","floor":35,"turns":4},{"damage":63,"enemies":"2 Orb Walkers","floor":36,"turns":4}],"seed_played":"4269709356541750802","potions_obtained":[{"floor":2,"key":"BloodPotion"},{"floor":10,"key":"LiquidBronze"},{"floor":11,"key":"Regen Potion"}],"is_trial":false,"path_per_floor":["M","M","$","?","M","E","?","R","T","M","E","R","?","M","R","B",null,"M","$","?","?","M","?","M","M","T","R","E","?","$","M","R","B",null,"M","?"],"character_chosen":"IRONCLAD","items_purchased":["Discovery","Sword Boomerang","Panache","True Grit"],"campfire_rested":3,"item_purchase_floors":[3,3,19,19],"current_hp_per_floor":[80,80,80,80,80,68,61,88,88,80,60,87,69,75,75,59,90,56,56,45,45,45,51,50,48,48,48,38,38,38,41,51,50,51,43,0],"gold":359,"neow_bonus":"THREE_ENEMY_KILL","is_prod":false,"is_daily":false,"chose_seed":false,"campfire_upgraded":2,"win_rate":0.0,"timestamp":1549067553,"path_taken":["M","M","$","?","M","E","?","R","T","?","E","R","?","M","R","BOSS","M","$","?","?","?","?","M","?","T","R","E","?","?","M","R","BOSS","M","?"],"build_version":"2019-01-23","purchased_purges":0,"victory":false,"max_hp_per_floor":[80,80,80,80,80,90,90,90,90,90,90,90,90,90,90,90,90,90,90,45,45,45,51,51,51,51,51,51,51,51,51,51,51,51,51,51],"card_choices":[{"not_picked":["Iron Wave","Clash"],"picked":"Sword Boomerang","floor":1},{"not_picked":["Iron Wave","Combust"],"picked":"Seeing Red","floor":2},{"not_picked":["Iron Wave","Power Through"],"picked":"Warcry","floor":5},{"not_picked":["Pommel Strike","Bloodletting"],"picked":"Anger","floor":6},{"not_picked":["True Grit","Iron Wave"],"picked":"Demon Form","floor":10},{"not_picked":["Shrug It Off","True Grit"],"picked":"Headbutt","floor":11},{"not_picked":["Sword Boomerang","Cleave"],"picked":"Heavy Blade","floor":14},{"not_picked":["Fiend Fire","Demon Form"],"picked":"Limit Break","floor":16},{"not_picked":["Twin Strike","Headbutt+1"],"picked":"Clothesline+1","floor":18},{"not_picked":["Second Wind","Shrug It Off"],"picked":"Sword Boomerang+1","floor":22},{"not_picked":["Flame Barrier","Body Slam"],"picked":"Twin Strike","floor":24},{"not_picked":["Inflame","Pommel Strike"],"picked":"Heavy Blade+1","floor":25},{"not_picked":["Dual Wield","Thunderclap"],"picked":"Heavy Blade+1","floor":28},{"not_picked":["Searing Blow","Hemokinesis"],"picked":"Twin Strike","floor":31},{"not_picked":["Berserk","Brutality"],"picked":"Demon Form","floor":33},{"not_picked":["Pommel Strike+1","Cleave"],"picked":"Flex+1","floor":35}],"player_experience":57855,"relics_obtained":[{"floor":6,"key":"Pear"},{"floor":9,"key":"Darkstone Periapt"},{"floor":11,"key":"Pocketwatch"},{"floor":26,"key":"MawBank"},{"floor":28,"key":"Oddly Smooth Stone"}],"event_choices":[{"damage_healed":0,"gold_gain":0,"player_choice":"Leave","damage_taken":0,"max_hp_gain":0,"max_hp_loss":0,"event_name":"The Cleric","floor":4,"gold_loss":0},{"damage_healed":0,"gold_gain":0,"player_choice":"Success","damage_taken":7,"relics_obtained":["PreservedInsect"],"max_hp_gain":0,"max_hp_loss":0,"event_name":"Scrap Ooze","floor":7,"gold_loss":0},{"damage_healed":0,"gold_gain":0,"player_choice":"Entered Light","damage_taken":18,"max_hp_gain":0,"max_hp_loss":0,"event_name":"Shining Light","floor":13,"gold_loss":0,"cards_upgraded":["Defend_R","Strike_R"]},{"damage_healed":0,"gold_gain":0,"player_choice":"Became a Ghost","damage_taken":0,"max_hp_gain":0,"max_hp_loss":45,"event_name":"Ghosts","floor":20,"gold_loss":0,"cards_obtained":["Ghostly","Ghostly","Ghostly","Ghostly","Ghostly"]},{"damage_healed":0,"gold_gain":0,"player_choice":"Upgraded","damage_taken":0,"max_hp_gain":0,"max_hp_loss":0,"event_name":"Upgrade Shrine","floor":21,"gold_loss":0,"cards_upgraded":["Demon Form"]},{"damage_healed":0,"gold_gain":0,"player_choice":"3 cards matched","damage_taken":0,"max_hp_gain":0,"max_hp_loss":0,"event_name":"Match and Keep!","floor":23,"gold_loss":0,"cards_obtained":["Hemokinesis","Bash","Clumsy"]},{"damage_healed":0,"gold_gain":0,"player_choice":"Ignored","damage_taken":0,"max_hp_gain":0,"max_hp_loss":0,"event_name":"Vampires","floor":29,"gold_loss":0},{"damage_healed":0,"gold_gain":0,"player_choice":"Fight","damage_taken":0,"max_hp_gain":0,"max_hp_loss":0,"event_name":"Mysterious Sphere","floor":36,"gold_loss":0}],"is_beta":false,"boss_relics":[{"not_picked":["Cursed Key","Fusion Hammer"],"picked":"Sozu"},{"not_picked":["Snecko Eye","White Beast Statue"],"picked":"Runic Cube"}],"items_purged_floors":[],"is_endless":false,"potions_floor_spawned":[2,10,11,16,22,33],"killed_by":"2 Orb Walkers","ascension_level":0}