{"path_per_floor":["M","?","T","$","M","E","R","E","T","E","M","?","R","M","R","B",null,"M","M","?","$","?","E","M","?","T"],"character_chosen":"THE_SILENT","items_purchased":["The Specimen","Footwork"],"gold_per_floor":[112,187,210,135,152,184,184,216,290,320,330,505,505,516,516,612,612,627,647,647,204,119,153,169,169,169,169],"floor_reached":27,"campfire_rested":1,"playtime":1488,"current_hp_per_floor":[70,59,59,59,53,24,24,10,10,7,6,6,27,27,27,16,70,67,39,39,39,39,12,5,12,12,0],"items_purged":["Strike_G","Doubt"],"gold":169,"score":324,"play_id":"99078063-eabd-40e5-8e67-100002e88f37","local_time":"20180415173702","is_prod":false,"is_daily":false,"chose_seed":false,"is_ascension_mode":true,"campfire_upgraded":2,"timestamp":1523831822,"path_taken":["M","?","?","$","M","E","R","E","T","E","M","?","R","?","R","BOSS","M","M","?","$","?","E","M","?","T","E"],"build_version":"2018-04-12","seed_source_timestamp":1804600808252003,"purchased_purges":2,"victory":false,"master_deck":["Defend_G","Defend_G","Defend_G+1","Defend_G","Defend_G","Survivor+1","Neutralize","Poisoned Stab","Noxious Fumes+1","Bullet Time","Leg Sweep","Predator+1","Bane+1","Well Laid Plans+1","Night Terror","Poisoned Stab+1","Noxious Fumes","Bite+1","Bite+1","Bite+1","Bite+1","Bite+1","Footwork","Prepared","Outmaneuver","Writhe","Flying Knee+1"],"max_hp_per_floor":[70,70,70,70,70,70,70,70,70,70,70,70,70,70,70,70,70,70,70,49,49,49,49,49,56,56,56],"relics":["Ring of the Snake","Dream Catcher","Smiling Mask","War Paint","Molten Egg 2","Bag of Marbles","White Beast Statue","The Specimen","Orichalcum","Prayer Wheel","Strawberry","Bottled Tornado"],"card_choices":[{"not_picked":["Malaise","Caltrops"],"picked":"Poisoned Stab","floor":1},{"not_picked":["Calculated Gamble","Poisoned Stab"],"picked":"Noxious Fumes","floor":6},{"not_picked":["Slice","PiercingWail"],"picked":"Bullet Time","floor":8},{"not_picked":["Underhanded Strike","Outmaneuver"],"picked":"Leg Sweep","floor":10},{"not_picked":["Dagger Throw","Sucker Punch"],"picked":"Predator","floor":11},{"not_picked":["Dash","Dagger Throw"],"picked":"Bane","floor":13},{"not_picked":["Leg Sweep","Flechettes"],"picked":"Well Laid Plans","floor":14},{"not_picked":["Glass Knife","After Image"],"picked":"Night Terror","floor":16},{"not_picked":["Backstab","Quick Slash"],"picked":"Poisoned Stab","floor":18},{"not_picked":["Escape Plan","Endless Agony"],"picked":"Noxious Fumes","floor":19},{"not_picked":["Backflip","Slice"],"picked":"Prepared","floor":23},{"not_picked":["Deflect","Cloak And Dagger"],"picked":"Outmaneuver","floor":24},{"not_picked":["Slice","Deadly Poison"],"picked":"Flying Knee","floor":26}],"player_experience":161520,"potions_floor_usage":[8,16,18,23,23,24,24,27],"damage_taken":[{"damage":0,"enemies":"2 Louse","floor":1,"turns":4},{"damage":6,"enemies":"Jaw Worm","floor":5,"turns":4},{"damage":29,"enemies":"3 Sentries","floor":6,"turns":13},{"damage":14,"enemies":"Lagavulin","floor":8,"turns":8},{"damage":3,"enemies":"3 Sentries","floor":10,"turns":9},{"damage":1,"enemies":"Cultist","floor":11,"turns":3},{"damage":0,"enemies":"Exordium Thugs","floor":14,"turns":3},{"damage":11,"enemies":"The Guardian","floor":16,"turns":9},{"damage":3,"enemies":"2 Thieves","floor":18,"turns":3},{"damage":28,"enemies":"Spheric Guardian","floor":19,"turns":6},{"damage":42,"enemies":"Gremlin Leader","floor":23,"turns":5},{"damage":40,"enemies":"Centurion and Healer","floor":24,"turns":7},{"damage":33,"enemies":"Book of Stabbing","floor":27,"turns":6}],"event_choices":[{"event_name":"World of Goop","player_choice":"Gather Gold","floor":2,"damage_taken":0},{"event_name":"Liars Game","player_choice":"agreed","floor":12,"damage_taken":0},{"event_name":"Vampires","player_choice":"Became a vampire","floor":20,"damage_taken":0},{"event_name":"Addict","player_choice":"Obtained Relic","floor":22,"damage_taken":0},{"event_name":"The Mausoleum","player_choice":"Yes","floor":25,"damage_taken":0}],"boss_relics":[{"not_picked":["Runic Dome","Philosopher\u0027s Stone"],"picked":"White Beast Statue"}],"potions_floor_spawned":[1,6,8,11,18,19,23,24],"seed_played":"3984387709354107981","killed_by":"Book of Stabbing","ascension_level":4,"is_trial":false}