{"path_per_floor":["M","M","M","M","M","R","?","M","T","R","M","$","M","M","R","B",null,"M","M","$","M"],"character_chosen":"DEFECT","items_purchased":["Vajra","Genetic Algorithm"],"gold_per_floor":[113,124,136,153,164,164,164,177,177,177,194,43,60,75,75,177,177,191,204,131,151,151],"floor_reached":22,"campfire_rested":1,"playtime":1430,"item_purchase_floors":[],"current_hp_per_floor":[74,73,68,53,50,50,50,36,36,36,28,28,26,18,40,6,75,35,32,32,12,0],"items_purged":[],"gold":151,"score":184,"play_id":"4c1b760d-6acc-4447-8fc3-4f4a39ca7d92","local_time":"20180601115113","is_prod":false,"is_daily":false,"chose_seed":false,"is_ascension_mode":false,"campfire_upgraded":2,"win_rate":0.0,"timestamp":1527879073,"campfire_choices":[{"data":"Loop","floor":6.0,"key":"SMITH"},{"data":"Sweeping Beam","floor":10.0,"key":"SMITH"},{"floor":15.0,"key":"REST"}],"path_taken":["M","M","M","M","?","R","?","M","T","R","?","?","?","M","R","BOSS","M","M","$","M","?"],"build_version":"2018-05-31","seed_source_timestamp":0,"purchased_purges":0,"victory":false,"master_deck":["Strike_B","Strike_B","Strike_B","Strike_B","Defend_B","Defend_B","Defend_B","Defend_B","Zap+1","Dualcast","Gash","Loop+1","Hologram+1","Cold Snap","Sweeping Beam+1","Beam Cell","Gash","Redo","Beam Cell","Echo Form","Streamline","Leap","Genetic Algorithm","Rebound"],"max_hp_per_floor":[75,75,75,75,75,75,75,75,75,75,75,75,75,75,75,75,75,75,75,75,75,75],"relics":["Cracked Core","Blue Candle","Vajra","Cursed Key"],"card_choices":[{"not_picked":["Ball Lightning","Skim"],"picked":"Gash","floor":1.0},{"not_picked":["Compile Driver","Fusion"],"picked":"Loop","floor":2.0},{"not_picked":["Stack","Rebound"],"picked":"Hologram","floor":3.0},{"not_picked":["Tempest","Hologram"],"picked":"Cold Snap","floor":4.0},{"not_picked":["Steam","Conserve Battery"],"picked":"Sweeping Beam","floor":5.0},{"not_picked":["Fusion","Rip and Tear"],"picked":"Beam Cell","floor":8.0},{"not_picked":["Reboot","Ball Lightning"],"picked":"Gash","floor":11.0},{"not_picked":["Ball Lightning","Barrage"],"picked":"Redo","floor":13.0},{"not_picked":["Doom and Gloom","Lockon"],"picked":"Beam Cell","floor":14.0},{"not_picked":["Buffer","Amplify"],"picked":"Echo Form","floor":16.0},{"not_picked":["Leap","Sweeping Beam+1"],"picked":"Streamline","floor":18.0},{"not_picked":["Streamline","Reprogram"],"picked":"Leap","floor":19.0},{"not_picked":["Cold Snap","Reinforced Body"],"picked":"Rebound","floor":21.0}],"player_experience":776365,"potions_floor_usage":[],"damage_taken":[{"damage":1.0,"enemies":"Cultist","floor":1.0,"turns":3.0},{"damage":1.0,"enemies":"Jaw Worm","floor":2.0,"turns":3.0},{"damage":5.0,"enemies":"2 Louse","floor":3.0,"turns":3.0},{"damage":15.0,"enemies":"Exordium Thugs","floor":4.0,"turns":4.0},{"damage":3.0,"enemies":"Red Slaver","floor":5.0,"turns":3.0},{"damage":14.0,"enemies":"Lots of Slimes","floor":8.0,"turns":3.0},{"damage":8.0,"enemies":"3 Louse","floor":11.0,"turns":2.0},{"damage":2.0,"enemies":"Exordium Thugs","floor":13.0,"turns":2.0},{"damage":8.0,"enemies":"Exordium Wildlife","floor":14.0,"turns":2.0},{"damage":34.0,"enemies":"The Guardian","floor":16.0,"turns":13.0},{"damage":40.0,"enemies":"2 Thieves","floor":18.0,"turns":3.0},{"damage":3.0,"enemies":"Spheric Guardian","floor":19.0,"turns":3.0},{"damage":20.0,"enemies":"Chosen and Byrds","floor":21.0,"turns":6.0},{"damage":12,"enemies":"Centurion and Healer","floor":22,"turns":2}],"relics_obtained":[{"floor":9.0,"key":"Blue Candle"}],"event_choices":[{"event_name":"Living Wall","player_choice":"Grow","floor":7.0,"damage_taken":0.0}],"boss_relics":[],"items_purged_floors":[],"potions_floor_spawned":[2,5,8,13,18,21],"seed_played":"-4306015404961087280","killed_by":"Centurion and Healer","ascension_level":0,"potions_obtained":[{"floor":2.0,"key":"GamblersBrew"},{"floor":5.0,"key":"Energy Potion"},{"floor":8.0,"key":"Swift Potion"},{"floor":13.0,"key":"LiquidBronze"},{"floor":18.0,"key":"AttackPotion"},{"floor":21.0,"key":"Dexterity Potion"}],"is_trial":false}