{"gold_per_floor":[115,134,134,19,34,60,60,79,79,56,86,105,105,123,123,227,527,544,38,54,74,74,74],"floor_reached":23,"playtime":950,"items_purged":["Regret"],"score":278,"play_id":"715c485f-cd90-47bf-bba6-331a07f96f23","local_time":"20180818231917","is_ascension_mode":false,"campfire_choices":[{"data":"Neutralize","floor":7,"key":"SMITH"},{"floor":13,"key":"REST"},{"floor":15,"key":"REST"}],"neow_cost":"NONE","seed_source_timestamp":22245665469307,"circlet_count":0,"master_deck":["Defend_G","Defend_G","Defend_G","Defend_G","Defend_G","Strike_G","Strike_G","Strike_G","Strike_G+1","Strike_G","Survivor","Neutralize+1","Infinite Blades","Bouncing Flask+1","Prepared","Terror","Footwork","Bouncing Flask","Calculated Gamble","Slice","Deflect","Slice","Finisher","Infinite Blades","Noxious Fumes","Die Die Die","Clumsy","Shame","Backflip","Dagger Spray+1","Jack Of All Trades","Deflect","Prepared+1","Infinite Blades+1","Bouncing Flask+1"],"relics":["Ring of the Snake","NeowsBlessing","Prayer Wheel","Ginger","Tough Bandages","Calling Bell","Ancient Tea Set","Mummified Hand","Old Coin","HandDrill","Whetstone"],"potions_floor_usage":[6,12,16,18],"damage_taken":[{"damage":0,"enemies":"2 Louse","floor":1,"turns":1},{"damage":0,"enemies":"Cultist","floor":2,"turns":1},{"damage":0,"enemies":"Jaw Worm","floor":5,"turns":1},{"damage":24,"enemies":"3 Sentries","floor":6,"turns":8},{"damage":6,"enemies":"2 Fungi Beasts","floor":8,"turns":3},{"damage":19,"enemies":"Lagavulin","floor":11,"turns":5},{"damage":5,"enemies":"Exordium Wildlife","floor":12,"turns":4},{"damage":8,"enemies":"Lots of Slimes","floor":14,"turns":5},{"damage":0,"enemies":"The Guardian","floor":16,"turns":7},{"damage":28,"enemies":"2 Thieves","floor":18,"turns":3},{"damage":14,"enemies":"Shell Parasite","floor":20,"turns":4},{"damage":13,"enemies":"Sentry and Sphere","floor":21,"turns":5},{"damage":50,"enemies":"Slavers","floor":23,"turns":4}],"seed_played":"-73125520883451700","potions_obtained":[{"floor":1,"key":"Block Potion"},{"floor":8,"key":"Explosive Potion"},{"floor":12,"key":"Energy Potion"},{"floor":16,"key":"Poison Potion"},{"floor":18,"key":"SteroidPotion"}],"is_trial":false,"path_per_floor":["M","M","?","$","M","E","R","M","T","$","E","M","R","M","R","B",null,"M","$","M","M","?"],"character_chosen":"THE_SILENT","items_purchased":["Prepared","Terror","Slice","HandDrill","Whetstone","Jack Of All Trades"],"campfire_rested":2,"item_purchase_floors":[4,4,10,19,19,19],"current_hp_per_floor":[70,70,70,70,70,46,46,40,40,40,21,16,37,29,50,50,70,42,42,28,15,38,0],"gold":74,"neow_bonus":"THREE_ENEMY_KILL","is_prod":false,"is_daily":false,"chose_seed":false,"campfire_upgraded":1,"win_rate":0.0,"timestamp":1534627157,"path_taken":["M","M","?","$","M","E","R","M","T","?","E","M","R","?","R","BOSS","M","$","M","?","?","E"],"build_version":"2018-08-16","purchased_purges":1,"victory":false,"max_hp_per_floor":[70,70,70,70,70,70,70,70,70,70,70,70,70,70,70,70,70,70,70,70,70,70,70],"card_choices":[{"not_picked":["Acrobatics","Reflex"],"picked":"Infinite Blades","floor":1},{"not_picked":["Deadly Poison","Outmaneuver"],"picked":"Bouncing Flask","floor":2},{"not_picked":["Terror","Acrobatics","Eviscerate"],"picked":"SKIP","floor":5},{"not_picked":["Die Die Die","PiercingWail"],"picked":"Footwork","floor":6},{"not_picked":["PiercingWail","Deflect"],"picked":"Bouncing Flask","floor":8},{"not_picked":["Blade Dance","Unload"],"picked":"Calculated Gamble","floor":8},{"not_picked":["Flechettes","Backflip"],"picked":"Deflect","floor":11},{"not_picked":["Choke","Caltrops"],"picked":"Slice","floor":12},{"not_picked":["Flying Knee","Well Laid Plans"],"picked":"Finisher","floor":12},{"not_picked":["Bane","Backflip"],"picked":"Infinite Blades","floor":14},{"not_picked":["Sucker Punch","PiercingWail"],"picked":"Noxious Fumes","floor":14},{"not_picked":["A Thousand Cuts","Wraith Form v2"],"picked":"Die Die Die","floor":16},{"not_picked":["Terror","Poisoned Stab"],"picked":"Backflip","floor":18},{"not_picked":["Dagger Throw","Underhanded Strike"],"picked":"Dagger Spray","floor":18},{"not_picked":["Flying Knee","Quick Slash+1"],"picked":"Deflect","floor":20},{"not_picked":["Poisoned Stab","Eviscerate"],"picked":"Prepared+1","floor":20},{"not_picked":["Dagger Spray","Underhanded Strike+1"],"picked":"Infinite Blades+1","floor":21},{"not_picked":["Noxious Fumes","Prepared"],"picked":"Bouncing Flask+1","floor":21}],"player_experience":15537,"relics_obtained":[{"floor":6,"key":"Prayer Wheel"},{"floor":9,"key":"Ginger"},{"floor":11,"key":"Tough Bandages"},{"floor":17,"key":"Ancient Tea Set"},{"floor":17,"key":"Mummified Hand"},{"floor":17,"key":"Old Coin"}],"event_choices":[{"event_name":"Living Wall","player_choice":"Grow","floor":3,"damage_taken":0},{"event_name":"The Library","player_choice":"Heal","floor":22,"damage_taken":0}],"is_beta":true,"boss_relics":[{"not_picked":["Snecko Eye","Coffee Dripper"],"picked":"Calling Bell"}],"items_purged_floors":[19],"is_endless":false,"potions_floor_spawned":[1,8,12,16,18],"killed_by":"Slavers","ascension_level":0}