{"gold_per_floor":[113,123,133,133,144,172,172,172,251,251,285,299,319,345,345,345],"floor_reached":16,"playtime":613,"items_purged":[],"score":220,"play_id":"4aea9fac-5750-4944-b2c6-75c780b25462","local_time":"20180925235236","is_ascension_mode":true,"campfire_choices":[{"data":"True Grit","floor":7,"key":"SMITH"},{"data":"Clothesline","floor":10,"key":"SMITH"},{"data":"Bash","floor":15,"key":"SMITH"}],"neow_cost":"PERCENT_DAMAGE","seed_source_timestamp":110386053111796,"circlet_count":0,"master_deck":["Strike_R","Strike_R","Strike_R","Strike_R","Strike_R","Defend_R","Defend_R","Defend_R","Defend_R","Bash+1","AscendersBane","Shrug It Off","Pummel","Clothesline+1","Power Through","Iron Wave","Reaper","True Grit+1","Wild Strike","Battle Trance","Metallicize","Power Through"],"relics":["Burning Blood","Prayer Wheel","Nunchaku","Mercury Hourglass","Dream Catcher","Bag of Marbles"],"potions_floor_usage":[6,6,8,14,16],"damage_taken":[{"damage":10,"enemies":"Small Slimes","floor":1,"turns":5},{"damage":2,"enemies":"2 Louse","floor":2,"turns":4},{"damage":2,"enemies":"Cultist","floor":3,"turns":4},{"damage":9,"enemies":"3 Louse","floor":5,"turns":4},{"damage":29,"enemies":"Gremlin Nob","floor":6,"turns":5},{"damage":0,"enemies":"The Mushroom Lair","floor":8,"turns":1},{"damage":23,"enemies":"3 Sentries","floor":11,"turns":8},{"damage":0,"enemies":"Exordium Wildlife","floor":12,"turns":5},{"damage":11,"enemies":"Exordium Thugs","floor":13,"turns":5},{"damage":12,"enemies":"Gremlin Nob","floor":14,"turns":4},{"damage":31,"enemies":"The Guardian","floor":16,"turns":2}],"seed_played":"-6059643257653231123","potions_obtained":[{"floor":2,"key":"Weak Potion"},{"floor":5,"key":"PowerPotion"},{"floor":6,"key":"SmokeBomb"},{"floor":11,"key":"Strength Potion"},{"floor":14,"key":"LiquidBronze"}],"is_trial":false,"path_per_floor":["M","M","M","?","M","E","R","?","T","R","E","M","M","E","R"],"character_chosen":"IRONCLAD","items_purchased":[],"campfire_rested":0,"item_purchase_floors":[],"current_hp_per_floor":[46,50,54,54,58,35,35,41,41,41,28,34,37,31,31,0],"gold":345,"neow_bonus":"ONE_RARE_RELIC","is_prod":false,"is_daily":false,"chose_seed":false,"campfire_upgraded":3,"win_rate":0,"timestamp":1537944756,"path_taken":["M","M","M","?","M","E","R","?","T","R","E","M","M","E","R","BOSS"],"build_version":"2018-09-24","purchased_purges":0,"victory":false,"max_hp_per_floor":[75,75,75,75,75,75,75,75,75,75,75,75,75,75,75,75],"card_choices":[{"not_picked":["Warcry","Entrench"],"picked":"Shrug It Off","floor":1},{"not_picked":["Flex","Havoc"],"picked":"Pummel","floor":1},{"not_picked":["Perfected Strike","Headbutt"],"picked":"Clothesline","floor":2},{"not_picked":["Headbutt","Shrug It Off"],"picked":"Power Through","floor":2},{"not_picked":["Heavy Blade","Havoc"],"picked":"Iron Wave","floor":3},{"not_picked":["Twin Strike","Wild Strike"],"picked":"Reaper","floor":3},{"not_picked":["Clothesline","Clash"],"picked":"True Grit","floor":5},{"not_picked":["Anger","Iron Wave"],"picked":"Wild Strike","floor":5},{"not_picked":["Twin Strike","Carnage"],"picked":"Battle Trance","floor":6},{"not_picked":["Feel No Pain","Searing Blow"],"picked":"Metallicize","floor":11},{"not_picked":["Rage","Cleave"],"picked":"Power Through","floor":12},{"not_picked":["Hemokinesis","Twin Strike","Seeing Red"],"picked":"SKIP","floor":12},{"not_picked":["Dropkick","Headbutt","Flex"],"picked":"SKIP","floor":13},{"not_picked":["Pommel Strike","Wild Strike","Warcry"],"picked":"SKIP","floor":13},{"not_picked":["Clothesline","True Grit","Brutality"],"picked":"SKIP","floor":14}],"player_experience":837469,"relics_obtained":[{"floor":6,"key":"Nunchaku"},{"floor":9,"key":"Mercury Hourglass"},{"floor":11,"key":"Dream Catcher"},{"floor":14,"key":"Bag of Marbles"}],"event_choices":[{"event_name":"Liars Game","player_choice":"disagreed","floor":4,"damage_taken":0},{"event_name":"Mushrooms","player_choice":"Fought Mushrooms","floor":8,"damage_taken":0}],"is_beta":true,"boss_relics":[],"items_purged_floors":[],"is_endless":false,"potions_floor_spawned":[2,5,6,11,14],"killed_by":"The Guardian","ascension_level":16}