{"path_per_floor":["M","M","$","M","M","R","E","R","T","M","?","M","M","T","R","B",null,"M","M","?","$"],"character_chosen":"IRONCLAD","items_purchased":["Inflame","Dramatic Entrance"],"gold_per_floor":[114,129,129,144,159,159,189,189,214,229,179,194,209,209,209,309,309,324,339,254,80,80],"floor_reached":22,"campfire_rested":0,"playtime":3248,"current_hp_per_floor":[80,69,69,71,60,60,75,75,75,73,73,63,69,69,69,37,93,63,19,19,19,0],"items_purged":[],"gold":80,"score":213,"play_id":"375ba1d3-e9b5-4c41-928f-2369ce00c140","local_time":"20180416151153","daily_mods":["Shiny","Time Dilation","Uncertain Future"],"is_prod":false,"is_daily":true,"chose_seed":false,"is_ascension_mode":false,"campfire_upgraded":3,"timestamp":1523855513,"path_taken":["M","M","$","M","M","R","E","R","T","M","?","?","M","?","R","BOSS","M","M","?","$","M"],"build_version":"2018-04-12","seed_source_timestamp":0,"purchased_purges":0,"victory":false,"master_deck":["Double Tap+1","Demon Form+1","Berserk","Bludgeon","Impervious","Feed","Juggernaut","Brutality","Limit Break","Reaper","Exhume","Barricade","Offering+1","Fiend Fire","Dark Embrace","Immolate","Flame Barrier","Cleave","Reckless Charge","Carnage","Whirlwind","Metallicize","Limit Break","Perfected Strike","Ghostly Armor+1","Inflame","Dramatic Entrance+1"],"max_hp_per_floor":[80,80,80,80,83,83,90,90,90,93,93,93,93,93,93,93,93,93,96,96,96,96],"relics":["Burning Blood","Strawberry","Oddly Smooth Stone","Mercury Hourglass","Black Star","Molten Egg 2"],"card_choices":[{"not_picked":["Battle Trance","Reckless Charge"],"picked":"Flame Barrier","floor":1},{"not_picked":["Metallicize","Blood for Blood"],"picked":"Cleave","floor":2},{"not_picked":["Wild Strike","Iron Wave"],"picked":"Anger","floor":4},{"not_picked":["Searing Blow","Warcry"],"picked":"Reckless Charge","floor":5},{"not_picked":["Warcry","Uppercut"],"picked":"Carnage","floor":10},{"not_picked":["Sentinel","Combust"],"picked":"Whirlwind","floor":12},{"not_picked":["Cleave","Intimidate"],"picked":"Metallicize","floor":13},{"not_picked":["Demon Form","Impervious"],"picked":"Limit Break","floor":16},{"not_picked":["Anger","Uppercut"],"picked":"Perfected Strike","floor":18},{"not_picked":["Pommel Strike","Intimidate"],"picked":"Ghostly Armor","floor":19}],"player_experience":282221,"potions_floor_usage":[2,16],"damage_taken":[{"damage":4,"enemies":"Cultist","floor":1,"turns":2},{"damage":22,"enemies":"Small Slimes","floor":2,"turns":6},{"damage":4,"enemies":"Jaw Worm","floor":4,"turns":3},{"damage":20,"enemies":"2 Fungi Beasts","floor":5,"turns":3},{"damage":28,"enemies":"3 Sentries","floor":7,"turns":4},{"damage":15,"enemies":"Looter","floor":10,"turns":2},{"damage":16,"enemies":"Blue Slaver","floor":12,"turns":2},{"damage":0,"enemies":"3 Louse","floor":13,"turns":1},{"damage":38,"enemies":"The Guardian","floor":16,"turns":8},{"damage":36,"enemies":"Spheric Guardian","floor":18,"turns":4},{"damage":53,"enemies":"Shell Parasite","floor":19,"turns":5},{"damage":20,"enemies":"Centurion and Healer","floor":22,"turns":1}],"event_choices":[{"event_name":"The Cleric","player_choice":"Card Removal","floor":11,"damage_taken":0},{"event_name":"Addict","player_choice":"Obtained Relic","floor":20,"damage_taken":0}],"boss_relics":[{"not_picked":["Tiny House","White Beast Statue"],"picked":"Black Star"}],"potions_floor_spawned":[1,2,7,12,13,18,19],"seed_played":"-1844585125611022648","killed_by":"Centurion and Healer","ascension_level":0,"is_trial":false}