{"path_per_floor":["M","M","M","?","?","E","?","R","T","M","R","$","E","M","R","B",null,"M","M","M","M","M","R","E"],"character_chosen":"DEFECT","items_purchased":["Kunai","Vajra","Stack","Echo Form","Steam"],"gold_per_floor":[112,129,144,144,244,272,347,347,647,658,658,33,68,83,83,181,181,192,205,215,231,245,245,271,271],"floor_reached":25,"campfire_rested":2,"playtime":1245,"item_purchase_floors":[12,12,12,12,12],"current_hp_per_floor":[75,75,75,75,75,72,61,61,61,57,57,57,45,45,71,69,89,72,64,57,44,29,55,21,0],"items_purged":[],"gold":271,"score":307,"play_id":"3011609e-79b4-46d7-b8c2-941c7522daab","local_time":"20180611002344","is_prod":false,"is_daily":false,"chose_seed":false,"is_ascension_mode":true,"campfire_upgraded":2,"win_rate":0,"timestamp":1528669424,"campfire_choices":[{"data":"Zap","floor":8,"key":"SMITH"},{"data":"White Noise","floor":11,"key":"SMITH"},{"floor":15,"key":"REST"},{"floor":23,"key":"REST"}],"path_taken":["M","M","M","?","?","E","?","R","T","M","R","?","E","M","R","BOSS","M","M","M","M","M","R","E","M"],"build_version":"2018-06-08","seed_source_timestamp":47550085197422,"purchased_purges":0,"victory":false,"master_deck":["Strike_B","Defend_B","Defend_B","Defend_B","Zap+1","Dualcast","Reprogram","Rip and Tear","Leap","Rebound","White Noise+1","Stack","Echo Form","Steam","Gash","FTL","All For One","Seek+1","Biased Cognition+1","Seek+1","Gash","Gash","Rebound+1","Cold Snap","FTL+1","Gash","Double Energy"],"max_hp_per_floor":[75,75,75,75,75,89,89,89,89,89,89,89,89,89,89,89,89,89,89,89,89,89,89,89,89],"relics":["Cracked Core","Dream Catcher","Mango","Old Coin","Kunai","Vajra","Anchor","Astrolabe","Happy Flower"],"card_choices":[{"not_picked":["Streamline","Ball Lightning"],"picked":"Reprogram","floor":1},{"not_picked":["Undo","Redo"],"picked":"Rip and Tear","floor":2},{"not_picked":["Stack","Turbo"],"picked":"Leap","floor":3},{"not_picked":["Fusion","Capacitor","Hologram"],"picked":"SKIP","floor":6},{"not_picked":["Doom and Gloom","Steam"],"picked":"White Noise","floor":10},{"not_picked":["Compile Driver","Hyperbeam","Barrage"],"picked":"SKIP","floor":13},{"not_picked":["Beam Cell","Sweeping Beam"],"picked":"Gash","floor":14},{"not_picked":["Steam","Self Repair"],"picked":"FTL","floor":15},{"not_picked":["Seek","Hyperbeam"],"picked":"All For One","floor":16},{"not_picked":["Steam","Conserve Battery"],"picked":"Gash","floor":18},{"not_picked":["Conserve Battery","Cold Snap"],"picked":"Gash","floor":19},{"not_picked":["Doom and Gloom","Conserve Battery"],"picked":"Rebound+1","floor":20},{"not_picked":["Consume+1","Glacier"],"picked":"Cold Snap","floor":21},{"not_picked":["Cold Snap+1","Aggregate"],"picked":"FTL+1","floor":22},{"not_picked":["Chaos+1","Reboot"],"picked":"Gash","floor":23},{"not_picked":["Fission","Static Discharge"],"picked":"Double Energy","floor":24}],"player_experience":241159,"potions_floor_usage":[13,13,16,19,20,25],"damage_taken":[{"damage":0,"enemies":"Small Slimes","floor":1,"turns":2},{"damage":0,"enemies":"Cultist","floor":2,"turns":4},{"damage":0,"enemies":"2 Louse","floor":3,"turns":2},{"damage":17,"enemies":"3 Sentries","floor":6,"turns":7},{"damage":4,"enemies":"2 Fungi Beasts","floor":10,"turns":3},{"damage":12,"enemies":"Gremlin Nob","floor":13,"turns":4},{"damage":0,"enemies":"Red Slaver","floor":14,"turns":3},{"damage":2,"enemies":"Slime Boss","floor":16,"turns":8},{"damage":24,"enemies":"3 Byrds","floor":18,"turns":4},{"damage":8,"enemies":"2 Thieves","floor":19,"turns":3},{"damage":19,"enemies":"Sentry and Sphere","floor":20,"turns":4},{"damage":13,"enemies":"Centurion and Healer","floor":21,"turns":2},{"damage":15,"enemies":"Snecko","floor":22,"turns":5},{"damage":34,"enemies":"Slavers","floor":24,"turns":4},{"damage":21,"enemies":"Slaver and Parasite","floor":25,"turns":2}],"relics_obtained":[{"floor":6,"key":"Mango"},{"floor":9,"key":"Old Coin"},{"floor":13,"key":"Anchor"},{"floor":24,"key":"Happy Flower"}],"event_choices":[{"event_name":"Transmorgrifier","player_choice":"Transform","floor":4,"damage_taken":0},{"event_name":"Golden Shrine","player_choice":"Pray","floor":5,"damage_taken":0},{"event_name":"World of Goop","player_choice":"Gather Gold","floor":7,"damage_taken":0}],"boss_relics":[{"not_picked":["Lizard Tail","Philosopher\u0027s Stone"],"picked":"Astrolabe"}],"items_purged_floors":[],"potions_floor_spawned":[1,10,13,14,19,24],"seed_played":"-4393615198005638180","killed_by":"Slaver and Parasite","ascension_level":4,"potions_obtained":[{"floor":1,"key":"FocusPotion"},{"floor":10,"key":"Explosive Potion"},{"floor":13,"key":"SpeedPotion"},{"floor":14,"key":"Poison Potion"},{"floor":19,"key":"Regen Potion"},{"floor":24,"key":"Explosive Potion"}],"is_trial":false}