{"gold_per_floor":[119,119,119,143,58,58,93,93,93,117,156,210,223,13,13,109,109,127,127,127,146,61,61,75,75,75,113,113,157,157,172,172,267,267,287,187,77,90,105,105,138,138,138,169,5,38,38,38,38,38],"floor_reached":51,"playtime":5882,"items_purged":["Strike_B","Strike_B"],"score":1555,"play_id":"9aabe4b4-bd3b-4d98-8e48-812cf0f86e1e","local_time":"20181206112935","is_ascension_mode":true,"campfire_choices":[{"data":"Chaos","floor":6,"key":"SMITH"},{"data":"Zap","floor":8,"key":"SMITH"},{"data":"Defragment","floor":15,"key":"SMITH"},{"data":"Hologram","floor":23,"key":"SMITH"},{"data":"Coolheaded","floor":25,"key":"SMITH"},{"data":"Ball Lightning","floor":28,"key":"SMITH"},{"floor":32,"key":"REST"},{"data":"Buffer","floor":40,"key":"SMITH"},{"data":"Defragment","floor":42,"key":"SMITH"},{"floor":49,"key":"REST"}],"neow_cost":"NONE","seed_source_timestamp":1786468467068462,"circlet_count":0,"master_deck":["AscendersBane","Strike_B+1","Strike_B","Defend_B","Defend_B","Defend_B","Zap+1","Dualcast","Chaos+1","FTL","Hologram+1","Cold Snap","Gash","FTL","Echo Form","Coolheaded+1","Defragment+1","Conserve Battery","Electrodynamics","Hologram+1","Compile Driver+1","Ball Lightning+1","Sweeping Beam+1","Seek","Go for the Eyes","Buffer+1","Defragment+1","Hologram+1","Glacier+1","Clumsy","Defragment"],"relics":["Cracked Core","NeowsBlessing","Golden Idol","Meat on the Bone","StoneCalendar","Question Card","Matryoshka","Lantern","Regal Pillow","Busted Crown","Symbiotic Virus","Vajra","Singing Bowl","Centennial Puzzle","Strawberry","Cursed Key","Juzu Bracelet","Nunchaku","Pear","Whetstone","Bag of Marbles"],"potions_floor_usage":[11,27,27,46,50],"damage_taken":[{"damage":0,"enemies":"Jaw Worm","floor":1,"turns":1},{"damage":0,"enemies":"Small Slimes","floor":4,"turns":1},{"damage":0,"enemies":"Lagavulin","floor":7,"turns":1},{"damage":4,"enemies":"2 Louse","floor":10,"turns":2},{"damage":20,"enemies":"Gremlin Nob","floor":11,"turns":4},{"damage":3,"enemies":"Blue Slaver","floor":13,"turns":3},{"damage":9,"enemies":"Slime Boss","floor":16,"turns":7},{"damage":11,"enemies":"3 Byrds","floor":18,"turns":2},{"damage":0,"enemies":"Spheric Guardian","floor":21,"turns":3},{"damage":18,"enemies":"Cultist and Chosen","floor":24,"turns":4},{"damage":15,"enemies":"Gremlin Leader","floor":27,"turns":7},{"damage":42,"enemies":"Slavers","floor":29,"turns":4},{"damage":0,"enemies":"Chosen and Byrds","floor":31,"turns":3},{"damage":63,"enemies":"Automaton","floor":33,"turns":7},{"damage":9,"enemies":"Orb Walker","floor":35,"turns":3},{"damage":22,"enemies":"3 Shapes","floor":38,"turns":3},{"damage":7,"enemies":"Maw","floor":39,"turns":7},{"damage":0,"enemies":"Giant Head","floor":41,"turns":8},{"damage":0,"enemies":"Nemesis","floor":44,"turns":9},{"damage":0,"enemies":"Giant Head","floor":46,"turns":9},{"damage":61,"enemies":"Awakened One","floor":50,"turns":13}],"seed_played":"6760406439860983425","potions_obtained":[{"floor":1,"key":"Poison Potion"},{"floor":7,"key":"Energy Potion"},{"floor":11,"key":"Weak Potion"},{"floor":16,"key":"Fire Potion"},{"floor":27,"key":"EssenceOfSteel"},{"floor":31,"key":"SpeedPotion"}],"is_trial":false,"path_per_floor":["M","?","?","M","$","R","E","R","T","M","E","T","M","$","R","B",null,"M","?","?","M","?","R","M","R","T","E","R","E","?","M","R","B",null,"M","$","?","M","M","R","E","R","T","E","$","E","$","T","R","B",null],"character_chosen":"DEFECT","items_purchased":["Hologram","Cold Snap","Defragment","Conserve Battery","Whetstone"],"campfire_rested":2,"item_purchase_floors":[5,5,14,14,45],"current_hp_per_floor":[64,40,14,26,26,26,38,38,38,46,38,38,47,47,47,38,63,52,52,52,52,52,52,46,46,46,45,45,22,22,36,75,24,68,61,61,61,51,44,44,44,44,44,54,54,56,56,56,96,47],"gold":38,"neow_bonus":"THREE_ENEMY_KILL","is_prod":false,"is_daily":false,"chose_seed":false,"campfire_upgraded":8,"win_rate":0,"timestamp":1544124575,"path_taken":["M","?","?","M","$","R","E","R","T","M","E","?","M","$","R","BOSS","M","?","?","?","?","R","M","R","T","E","R","E","?","?","R","BOSS","M","$","?","M","?","R","E","R","T","E","$","E","$","?","R","BOSS"],"build_version":"2018-11-15","purchased_purges":2,"victory":true,"max_hp_per_floor":[71,71,71,71,71,71,71,71,71,71,71,71,71,71,71,71,71,71,71,71,71,71,71,71,71,71,73,73,80,80,82,82,82,82,84,84,84,84,84,84,84,84,84,94,94,96,96,96,96,96],"card_choices":[{"not_picked":["Gash","Steam"],"picked":"Chaos","floor":1},{"not_picked":["Go for the Eyes","Redo"],"picked":"FTL","floor":4},{"not_picked":["Redo","Turbo"],"picked":"Gash","floor":7},{"not_picked":["Compile Driver","Stack","Scrape"],"picked":"FTL","floor":10},{"not_picked":["Go for the Eyes","Hyperbeam","Gash"],"picked":"Echo Form","floor":11},{"not_picked":["Stack","Turbo","Reprogram"],"picked":"Coolheaded","floor":13},{"not_picked":["Thunder Strike","Meteor Strike","Amplify"],"picked":"Electrodynamics","floor":16},{"not_picked":["Rebound"],"picked":"Hologram","floor":18},{"not_picked":["Force Field"],"picked":"Compile Driver","floor":21},{"not_picked":["FTL"],"picked":"Ball Lightning","floor":24},{"not_picked":["Chill+1","Undo"],"picked":"Singing Bowl","floor":27},{"not_picked":["Cold Snap"],"picked":"Sweeping Beam+1","floor":29},{"not_picked":["Ball Lightning","Streamline"],"picked":"Singing Bowl","floor":31},{"not_picked":["Fission"],"picked":"Buffer","floor":33},{"not_picked":["Aggregate","Sweeping Beam"],"picked":"Singing Bowl","floor":35},{"not_picked":["Sunder"],"picked":"Defragment","floor":38},{"not_picked":["Steam"],"picked":"Hologram+1","floor":39},{"not_picked":["Chill"],"picked":"Glacier+1","floor":41},{"not_picked":["Conserve Battery"],"picked":"Defragment","floor":44},{"not_picked":["Coolheaded","Turbo"],"picked":"Singing Bowl","floor":46}],"player_experience":1539355,"relics_obtained":[{"floor":7,"key":"StoneCalendar"},{"floor":9,"key":"Question Card"},{"floor":11,"key":"Matryoshka"},{"floor":12,"key":"Lantern"},{"floor":12,"key":"Regal Pillow"},{"floor":26,"key":"Vajra"},{"floor":26,"key":"Singing Bowl"},{"floor":27,"key":"Centennial Puzzle"},{"floor":29,"key":"Strawberry"},{"floor":41,"key":"Juzu Bracelet"},{"floor":43,"key":"Nunchaku"},{"floor":44,"key":"Pear"},{"floor":46,"key":"Bag of Marbles"}],"event_choices":[{"damage_healed":0,"gold_gain":0,"player_choice":"Take Damage","damage_taken":24,"relics_obtained":["Golden Idol"],"max_hp_gain":0,"max_hp_loss":0,"event_name":"Golden Idol","floor":2,"gold_loss":0},{"damage_healed":0,"gold_gain":0,"player_choice":"Success","damage_taken":26,"relics_obtained":["Meat on the Bone"],"max_hp_gain":0,"max_hp_loss":0,"event_name":"Scrap Ooze","floor":3,"gold_loss":0},{"damage_healed":0,"gold_gain":0,"player_choice":"Ignored","damage_taken":0,"max_hp_gain":0,"max_hp_loss":0,"event_name":"Ghosts","floor":19,"gold_loss":0},{"damage_healed":0,"gold_gain":0,"player_choice":"Ignored","damage_taken":0,"max_hp_gain":0,"max_hp_loss":0,"event_name":"N\u0027loth","floor":20,"gold_loss":0},{"damage_healed":0,"gold_gain":0,"player_choice":"Obtained Relic","damage_taken":0,"relics_obtained":["Symbiotic Virus"],"max_hp_gain":0,"max_hp_loss":0,"event_name":"Addict","floor":22,"gold_loss":85},{"damage_healed":0,"gold_gain":0,"player_choice":"2 cards matched","damage_taken":0,"max_hp_gain":0,"max_hp_loss":0,"event_name":"Match and Keep!","floor":30,"gold_loss":0,"cards_obtained":["Seek","Go for the Eyes"]},{"cards_removed":["Defend_B"],"damage_healed":0,"gold_gain":0,"player_choice":"Upgrade and Remove","damage_taken":0,"max_hp_gain":0,"max_hp_loss":0,"event_name":"Designer","floor":37,"gold_loss":110,"cards_upgraded":["Hologram"]}],"is_beta":false,"boss_relics":[{"not_picked":["Fusion Hammer","Tiny House"],"picked":"Busted Crown"},{"not_picked":["White Beast Statue","Calling Bell"],"picked":"Cursed Key"}],"items_purged_floors":[14,36],"is_endless":false,"potions_floor_spawned":[1,7,11,16,21,27,31,41,44],"ascension_level":17}