{"gold_per_floor":[119,138,313,388,83,108,123,123,123,141,157,191,268,287,287,387,387,400,400,315,415,427,427,427],"floor_reached":24,"playtime":877,"items_purged":["Doubt"],"score":289,"play_id":"a7b481d4-83d6-4596-a569-06ad703cf8d3","local_time":"20190203193638","is_ascension_mode":true,"campfire_choices":[{"data":"Armaments","floor":8,"key":"SMITH"},{"floor":15,"key":"REST"},{"data":"Body Slam","floor":23,"key":"SMITH"}],"neow_cost":"NONE","seed_source_timestamp":25422734885906,"circlet_count":0,"master_deck":["Strike_R","Strike_R","Strike_R","Strike_R","Strike_R","Defend_R","Defend_R","Defend_R","Defend_R","Bash","Thunderclap","Armaments+1","Reckless Charge","Second Wind+1","Shrug It Off+1","Body Slam+1","Infernal Blade+1","Entrench+1","Dark Embrace","Evolve"],"relics":["Burning Blood","NeowsBlessing","Blood Vial","Toxic Egg 2","StoneCalendar","Mercury Hourglass","Black Star","Prayer Wheel"],"potions_floor_usage":[10,12,12,12,12,24],"damage_taken":[{"damage":0,"enemies":"Small Slimes","floor":1,"turns":1},{"damage":0,"enemies":"Jaw Worm","floor":2,"turns":1},{"damage":0,"enemies":"Lagavulin","floor":6,"turns":1},{"damage":1,"enemies":"2 Louse","floor":7,"turns":3},{"damage":7,"enemies":"2 Fungi Beasts","floor":10,"turns":3},{"damage":1,"enemies":"3 Louse","floor":11,"turns":4},{"damage":80,"enemies":"Gremlin Nob","floor":12,"turns":7},{"damage":0,"enemies":"Lots of Slimes","floor":14,"turns":3},{"damage":9,"enemies":"Slime Boss","floor":16,"turns":7},{"damage":16,"enemies":"Chosen","floor":18,"turns":5},{"damage":42,"enemies":"Spheric Guardian","floor":22,"turns":6},{"damage":45,"enemies":"Slavers","floor":24,"turns":4}],"seed_played":"6282521340304493478","potions_obtained":[{"floor":2,"key":"EntropicBrew"},{"floor":7,"key":"Poison Potion"},{"floor":11,"key":"Dexterity Potion"},{"floor":12,"key":"Block Potion"},{"floor":18,"key":"Energy Potion"},{"floor":22,"key":"Energy Potion"}],"is_trial":false,"path_per_floor":["M","M","?","?","$","E","M","R","T","M","M","E","T","M","R","B",null,"M","?","?","?","M","R","E"],"character_chosen":"IRONCLAD","items_purchased":["Blood Vial","Reckless Charge"],"campfire_rested":1,"item_purchase_floors":[5,5],"current_hp_per_floor":[80,80,80,69,69,77,80,80,80,79,80,18,18,26,50,49,72,64,64,64,64,30,30,0],"gold":427,"neow_bonus":"THREE_ENEMY_KILL","is_prod":false,"is_daily":false,"chose_seed":false,"campfire_upgraded":2,"win_rate":0,"timestamp":1549190198,"path_taken":["M","M","?","?","$","E","M","R","T","M","M","E","?","M","R","BOSS","M","?","?","?","M","R","E"],"build_version":"2019-01-23","purchased_purges":1,"victory":false,"max_hp_per_floor":[80,80,80,80,80,80,80,80,80,80,80,80,80,80,80,80,80,80,80,80,80,80,80,80],"card_choices":[{"not_picked":["Clash","True Grit"],"picked":"Thunderclap","floor":1},{"not_picked":["Warcry","Body Slam"],"picked":"Armaments","floor":2},{"not_picked":["Dropkick","Perfected Strike","Double Tap"],"picked":"SKIP","floor":6},{"not_picked":["Clash","Perfected Strike"],"picked":"Second Wind+1","floor":7},{"not_picked":["Cleave","Disarm+1"],"picked":"Shrug It Off+1","floor":10},{"not_picked":["Rage+1","Headbutt"],"picked":"Body Slam","floor":11},{"not_picked":["Body Slam","Seeing Red+1"],"picked":"Infernal Blade+1","floor":12},{"not_picked":["Clothesline","Sword Boomerang"],"picked":"Entrench+1","floor":14},{"not_picked":["Berserk","Fiend Fire"],"picked":"Dark Embrace","floor":16},{"not_picked":["Wild Strike","Thunderclap+1","Cleave+1"],"picked":"SKIP","floor":18},{"not_picked":["Hemokinesis","Rupture","Pommel Strike+1"],"picked":"SKIP","floor":22},{"not_picked":["Thunderclap","Warcry+1","Headbutt"],"picked":"SKIP","floor":22}],"player_experience":795319,"relics_obtained":[{"floor":6,"key":"Toxic Egg 2"},{"floor":12,"key":"StoneCalendar"},{"floor":13,"key":"Mercury Hourglass"}],"event_choices":[{"damage_healed":0,"gold_gain":175,"player_choice":"AGREE","damage_taken":0,"max_hp_gain":0,"max_hp_loss":0,"event_name":"Liars Game","floor":3,"gold_loss":0,"cards_obtained":["Doubt"]},{"damage_healed":0,"gold_gain":75,"player_choice":"Gather Gold","damage_taken":11,"max_hp_gain":0,"max_hp_loss":0,"event_name":"World of Goop","floor":4,"gold_loss":0},{"damage_healed":0,"gold_gain":0,"player_choice":"Read","damage_taken":0,"max_hp_gain":0,"max_hp_loss":0,"event_name":"The Library","floor":19,"gold_loss":0,"cards_obtained":["Evolve"]},{"damage_healed":0,"gold_gain":0,"player_choice":"Obtained Relic","damage_taken":0,"relics_obtained":["Prayer Wheel"],"max_hp_gain":0,"max_hp_loss":0,"event_name":"Addict","floor":20,"gold_loss":85},{"damage_healed":0,"gold_gain":100,"player_choice":"Pray","damage_taken":0,"max_hp_gain":0,"max_hp_loss":0,"event_name":"Golden Shrine","floor":21,"gold_loss":0}],"is_beta":false,"boss_relics":[{"not_picked":["Velvet Choker","Runic Dome"],"picked":"Black Star"}],"items_purged_floors":[5],"is_endless":false,"potions_floor_spawned":[2,7,11,12,14,18,22],"killed_by":"Slavers","ascension_level":5}