{"gold_per_floor":[119,119,119,199,214,249,249,249,323,346,364,364,385,385],"floor_reached":14,"playtime":539,"items_purged":[],"score":104,"play_id":"c4c78557-cb4f-4605-96f2-8deae0ac5f57","local_time":"20181104123842","is_ascension_mode":true,"campfire_choices":[{"floor":7,"key":"REST"}],"neow_cost":"NONE","seed_source_timestamp":2211676461664628,"circlet_count":0,"master_deck":["Strike_B","Strike_B","Strike_B","Strike_B","Defend_B","Defend_B","Defend_B","Defend_B","Zap+1","Reprogram+1","Defragment","Machine Learning","Scrape","Sweeping Beam","White Noise"],"relics":["Cracked Core","Golden Idol","Sundial","Bottled Flame","Shuriken"],"potions_floor_usage":[13],"damage_taken":[{"damage":5,"enemies":"2 Louse","floor":1,"turns":3},{"damage":12,"enemies":"Jaw Worm","floor":5,"turns":3},{"damage":40,"enemies":"3 Sentries","floor":6,"turns":7},{"damage":0,"enemies":"Small Slimes","floor":10,"turns":3},{"damage":17,"enemies":"Exordium Thugs","floor":11,"turns":4},{"damage":11,"enemies":"Exordium Wildlife","floor":13,"turns":3},{"damage":5,"enemies":"Gremlin Gang","floor":14,"turns":1}],"seed_played":"-239483019565735062","potions_obtained":[{"floor":1,"key":"FairyPotion"},{"floor":6,"key":"Swift Potion"},{"floor":11,"key":"LiquidBronze"},{"floor":12,"key":"Dexterity Potion"},{"floor":12,"key":"AttackPotion"},{"floor":13,"key":"Weak Potion"}],"is_trial":false,"path_per_floor":["M","?","?","T","M","E","R","?","T","M","M","?","M","M"],"character_chosen":"DEFECT","items_purchased":[],"campfire_rested":1,"item_purchase_floors":[],"current_hp_per_floor":[70,52,52,52,40,7,29,29,29,29,12,12,1,0],"gold":385,"neow_bonus":"UPGRADE_CARD","is_prod":false,"is_daily":false,"chose_seed":false,"campfire_upgraded":0,"win_rate":0,"timestamp":1541356722,"path_taken":["M","?","?","?","M","E","R","?","T","M","?","?","M","M"],"build_version":"2018-11-01","purchased_purges":0,"victory":false,"max_hp_per_floor":[75,75,75,75,75,75,75,75,75,75,75,75,75,75],"card_choices":[{"not_picked":["Redo","BootSequence"],"picked":"Reprogram","floor":1},{"not_picked":["Rebound","Stack"],"picked":"Defragment","floor":5},{"not_picked":["White Noise","Beam Cell"],"picked":"Machine Learning","floor":6},{"not_picked":["Sunder","Gash"],"picked":"Scrape","floor":10},{"not_picked":["Hologram","Blizzard"],"picked":"Sweeping Beam","floor":11},{"not_picked":["Melter","Compile Driver"],"picked":"White Noise","floor":13}],"player_experience":284021,"relics_obtained":[{"floor":4,"key":"Sundial"},{"floor":6,"key":"Bottled Flame"},{"floor":9,"key":"Shuriken"}],"event_choices":[{"damage_healed":0,"gold_gain":0,"player_choice":"Take Damage","damage_taken":18,"relics_obtained":["Golden Idol"],"max_hp_gain":0,"max_hp_loss":0,"event_name":"Golden Idol","floor":2,"gold_loss":0},{"damage_healed":0,"gold_gain":0,"player_choice":"Grow","damage_taken":0,"max_hp_gain":0,"max_hp_loss":0,"event_name":"Living Wall","floor":3,"gold_loss":0,"cards_upgraded":["Reprogram"]},{"cards_removed":["Dualcast"],"damage_healed":0,"gold_gain":0,"player_choice":"Purged","damage_taken":0,"max_hp_gain":0,"max_hp_loss":0,"event_name":"Purifier","floor":8,"gold_loss":0},{"damage_healed":0,"gold_gain":0,"player_choice":"Got Potions","damage_taken":0,"max_hp_gain":0,"max_hp_loss":0,"event_name":"Lab","floor":12,"gold_loss":0}],"is_beta":false,"boss_relics":[],"items_purged_floors":[],"is_endless":false,"potions_floor_spawned":[1,6,11,13],"killed_by":"Gremlin Gang","ascension_level":3}