{"gold_per_floor":[114,114,125,145,95,112,127,127,127,157,157,76,92,109,109,109],"floor_reached":16,"playtime":963,"items_purged":[],"score":104,"play_id":"3ab13fdb-3cfd-41c9-ba52-c4e78927cfd6","local_time":"20180920124000","is_ascension_mode":false,"campfire_choices":[{"data":"Warcry","floor":8,"key":"SMITH"},{"data":"Power Through","floor":11,"key":"SMITH"},{"data":"Body Slam","floor":15,"key":"SMITH"}],"neow_cost":"","seed_source_timestamp":404415616171568,"circlet_count":0,"master_deck":["Strike_R","Strike_R","Strike_R","Strike_R","Strike_R","Defend_R","Defend_R","Defend_R","Defend_R","Bash","Body Slam+1","Warcry+1","Shrug It Off","Power Through+1","Reaper"],"relics":["Burning Blood","Gremlin Horn","Sundial"],"potions_floor_usage":[10,16,16],"damage_taken":[{"damage":0,"enemies":"2 Louse","floor":1,"turns":3},{"damage":3,"enemies":"Jaw Worm","floor":3,"turns":4},{"damage":1,"enemies":"Cultist","floor":4,"turns":4},{"damage":17,"enemies":"Gremlin Gang","floor":6,"turns":7},{"damage":9,"enemies":"Looter","floor":7,"turns":4},{"damage":16,"enemies":"3 Sentries","floor":10,"turns":9},{"damage":21,"enemies":"Red Slaver","floor":13,"turns":7},{"damage":0,"enemies":"Lots of Slimes","floor":14,"turns":5},{"damage":91,"enemies":"Hexaghost","floor":16,"turns":16}],"seed_played":"2099053884032251192","potions_obtained":[{"floor":3,"key":"Explosive Potion"},{"floor":4,"key":"Regen Potion"},{"floor":13,"key":"Fire Potion"}],"is_trial":false,"path_per_floor":["M","?","M","M","$","M","M","R","T","E","R","$","M","M","R"],"character_chosen":"IRONCLAD","items_purchased":["Warcry","Reaper"],"campfire_rested":0,"item_purchase_floors":[5,12],"current_hp_per_floor":[80,85,85,85,85,74,71,71,71,61,61,61,50,72,72,0],"gold":109,"neow_bonus":"","is_prod":false,"is_daily":false,"chose_seed":false,"campfire_upgraded":3,"win_rate":0.0,"timestamp":1537465200,"path_taken":["M","?","M","M","$","M","M","R","T","E","R","$","M","M","R","BOSS"],"build_version":"2018-09-06","purchased_purges":0,"victory":false,"max_hp_per_floor":[80,85,85,85,85,85,85,85,85,85,85,85,85,85,85,85],"card_choices":[{"not_picked":["Rupture","Intimidate"],"picked":"Body Slam","floor":1},{"not_picked":["Uppercut","Headbutt","Metallicize"],"picked":"SKIP","floor":3},{"not_picked":["Inflame","Anger","Rage"],"picked":"SKIP","floor":4},{"not_picked":["Rampage","Headbutt"],"picked":"Shrug It Off","floor":6},{"not_picked":["Clash","Anger","Shrug It Off"],"picked":"SKIP","floor":7},{"not_picked":["Sword Boomerang","Intimidate"],"picked":"Power Through","floor":10},{"not_picked":["Headbutt","Anger","Demon Form"],"picked":"SKIP","floor":13},{"not_picked":["Hemokinesis","Heavy Blade","Perfected Strike"],"picked":"SKIP","floor":14}],"player_experience":60970,"relics_obtained":[{"floor":9,"key":"Gremlin Horn"},{"floor":10,"key":"Sundial"}],"event_choices":[{"event_name":"Big Fish","player_choice":"Donut","floor":2,"damage_taken":0}],"is_beta":false,"boss_relics":[],"items_purged_floors":[],"is_endless":false,"potions_floor_spawned":[3,4,13],"killed_by":"Hexaghost","ascension_level":0}