{"gold_per_floor":[20,20,20,34,53,53,72,72,146,158,158,189,246,277,277,373,373,392,408,104,123,139,139,174,188,240,268,268,268,268,282,282,282],"floor_reached":33,"playtime":1346,"items_purged":[],"score":453,"play_id":"f6cdfaf5-2e5e-41e7-b1c2-c5c3c09f8cd0","local_time":"20190116232124","is_ascension_mode":true,"campfire_choices":[{"data":"Hyperbeam","floor":6.0,"key":"SMITH"},{"data":"Self Repair","floor":8.0,"key":"SMITH"},{"floor":15.0,"key":"REST"},{"data":"Fusion","floor":23.0,"key":"SMITH"},{"data":"Core Surge","floor":28.0,"key":"SMITH"},{"data":"Chill","floor":30.0,"key":"SMITH"},{"data":"Dualcast","floor":32.0,"key":"SMITH"}],"neow_cost":"NO_GOLD","seed_source_timestamp":174991453256857,"circlet_count":0,"master_deck":["AscendersBane","Strike_B","Strike_B","Strike_B","Strike_B","Defend_B","Defend_B","Defend_B","Defend_B","Zap","Dualcast+1","Hyperbeam+1","Beam Cell","Conserve Battery","Conserve Battery","Self Repair+1","Glacier","Regret","Gash","Chill+1","Core Surge+1","Barrage+1","Stack","Leap","Fusion+1","Hologram","Doom and Gloom+1","Sweeping Beam+1","Redo+1","Stack"],"special_seed":0,"relics":["Cracked Core","Bottled Flame","Pen Nib","Orichalcum","Bag of Marbles","Eternal Feather","Lee\u0027s Waffle","Red Mask","DataDisk","Du-Vu Doll"],"potions_floor_usage":[33,33,33],"damage_taken":[{"damage":12.0,"enemies":"Jaw Worm","floor":1.0,"turns":2.0},{"damage":1.0,"enemies":"Cultist","floor":4.0,"turns":3.0},{"damage":7.0,"enemies":"Small Slimes","floor":5.0,"turns":3.0},{"damage":0.0,"enemies":"Blue Slaver","floor":7.0,"turns":2.0},{"damage":0.0,"enemies":"Gremlin Gang","floor":10.0,"turns":1.0},{"damage":25.0,"enemies":"Gremlin Nob","floor":12.0,"turns":4.0},{"damage":22.0,"enemies":"Lagavulin","floor":14.0,"turns":5.0},{"damage":43.0,"enemies":"Hexaghost","floor":16.0,"turns":9.0},{"damage":32.0,"enemies":"Chosen","floor":18.0,"turns":6.0},{"damage":0.0,"enemies":"Shell Parasite","floor":19.0,"turns":1.0},{"damage":30.0,"enemies":"Snecko","floor":21.0,"turns":7.0},{"damage":0.0,"enemies":"3 Cultists","floor":22.0,"turns":2.0},{"damage":0.0,"enemies":"Masked Bandits","floor":24.0,"turns":1.0},{"damage":1.0,"enemies":"Chosen and Byrds","floor":25.0,"turns":2.0},{"damage":22.0,"enemies":"Gremlin Leader","floor":27.0,"turns":5.0},{"damage":17.0,"enemies":"Sentry and Sphere","floor":31.0,"turns":4.0},{"damage":101,"enemies":"Collector","floor":33,"turns":6}],"seed_played":"8364432819772906140","potions_obtained":[{"floor":3.0,"key":"AttackPotion"},{"floor":3.0,"key":"Poison Potion"},{"floor":3.0,"key":"Poison Potion"},{"floor":7.0,"key":"EntropicBrew"},{"floor":12.0,"key":"Regen Potion"},{"floor":16.0,"key":"Ancient Potion"},{"floor":21.0,"key":"Swift Potion"}],"is_trial":false,"path_per_floor":["M","$","?","M","M","R","M","R","T","M","?","E","?","E","R","B",null,"M","M","$","M","M","R","?","M","T","E","R","?","R","M","R","B"],"character_chosen":"DEFECT","items_purchased":["Lee\u0027s Waffle","Leap","Regen Potion"],"campfire_rested":1,"item_purchase_floors":[20,20,20],"current_hp_per_floor":[56,56,56,55,48,48,48,48,48,58,58,43,43,45,67,34,65,43,43,82,62,62,77,77,76,76,64,79,79,82,75,82,0],"gold":282,"neow_bonus":"THREE_RARE_CARDS","is_prod":false,"is_daily":false,"chose_seed":false,"campfire_upgraded":6,"win_rate":0,"timestamp":1547698884,"path_taken":["M","$","?","?","M","R","M","R","T","M","?","E","?","E","R","BOSS","M","M","$","M","M","R","?","M","T","E","R","?","R","M","R","BOSS"],"build_version":"2019-01-10","purchased_purges":0,"victory":false,"max_hp_per_floor":[75,75,75,75,75,75,75,75,75,75,75,75,75,75,75,75,75,75,75,82,82,82,82,82,82,82,82,82,82,82,82,82,82],"card_choices":[{"not_picked":["All For One","Rainbow"],"picked":"Hyperbeam","floor":0.0},{"not_picked":["Compile Driver","Ball Lightning"],"picked":"Beam Cell","floor":1.0},{"not_picked":["Sunder","Streamline"],"picked":"Conserve Battery","floor":4.0},{"not_picked":["Beam Cell","Turbo"],"picked":"Conserve Battery","floor":5.0},{"not_picked":["Compile Driver","Steam Power"],"picked":"Self Repair","floor":7.0},{"not_picked":["FTL","Blizzard"],"picked":"Glacier","floor":10.0},{"not_picked":["Barrage","Turbo"],"picked":"Gash","floor":12.0},{"not_picked":["Fusion","Steam"],"picked":"Chill","floor":14.0},{"not_picked":["Meteor Strike","Electrodynamics"],"picked":"Core Surge","floor":16.0},{"not_picked":["Skim","Conserve Battery"],"picked":"Barrage+1","floor":18.0},{"not_picked":["Storm","Chaos"],"picked":"Stack","floor":19.0},{"not_picked":["Hello World","Consume"],"picked":"Fusion","floor":21.0},{"not_picked":["Go for the Eyes","Leap"],"picked":"Hologram","floor":22.0},{"not_picked":["Compile Driver","Blizzard"],"picked":"Doom and Gloom+1","floor":24.0},{"not_picked":["Redo","Tempest+1"],"picked":"Sweeping Beam+1","floor":25.0},{"not_picked":["Creative AI","Recycle"],"picked":"Redo+1","floor":27.0},{"not_picked":["Skim","Beam Cell"],"picked":"Stack","floor":31.0}],"player_experience":514541,"relics_obtained":[{"floor":9.0,"key":"Bottled Flame"},{"floor":12.0,"key":"Orichalcum"},{"floor":14.0,"key":"Bag of Marbles"},{"floor":24.0,"key":"Red Mask"},{"floor":26.0,"key":"DataDisk"},{"floor":27.0,"key":"Du-Vu Doll"}],"event_choices":[{"damage_healed":0.0,"max_hp_gain":0.0,"max_hp_loss":0.0,"gold_gain":0.0,"event_name":"Lab","player_choice":"Got Potions","floor":3.0,"gold_loss":0.0,"damage_taken":0.0},{"damage_healed":0.0,"max_hp_gain":0.0,"max_hp_loss":0.0,"gold_gain":0.0,"event_name":"Big Fish","player_choice":"Box","floor":11.0,"gold_loss":0.0,"damage_taken":0.0,"relics_obtained":["Pen Nib"],"cards_obtained":["Regret"]},{"damage_healed":0.0,"max_hp_gain":0.0,"max_hp_loss":0.0,"gold_gain":57.0,"event_name":"Golden Wing","player_choice":"Gained Gold","floor":13.0,"gold_loss":0.0,"damage_taken":0.0},{"damage_healed":0.0,"max_hp_gain":0.0,"max_hp_loss":0.0,"gold_gain":0.0,"event_name":"Masked Bandits","player_choice":"Fought Bandits","floor":24.0,"gold_loss":0.0,"damage_taken":0.0},{"damage_healed":0.0,"max_hp_gain":0.0,"max_hp_loss":0.0,"gold_gain":0.0,"event_name":"Ghosts","player_choice":"Ignored","floor":29.0,"gold_loss":0.0,"damage_taken":0.0}],"is_beta":false,"boss_relics":[{"not_picked":["White Beast Statue","Astrolabe"],"picked":"Eternal Feather"}],"items_purged_floors":[],"is_endless":false,"potions_floor_spawned":[5,7,12,16,21,25],"killed_by":"Collector","ascension_level":10}