{"path_per_floor":["M","?","?","?","?","R","M","R","T","M","M","M","M","$","R"],"character_chosen":"THE_SILENT","items_purchased":["FearPotion"],"gold_per_floor":[117,117,117,117,117,117,136,136,136,147,158,168,182,131,131,131],"floor_reached":16,"campfire_rested":0,"playtime":671,"item_purchase_floors":[14],"current_hp_per_floor":[64,64,57,62,62,62,64,64,64,66,68,70,70,70,70,0],"items_purged":[],"gold":131,"score":138,"play_id":"2a71a327-ba33-4e74-ae1d-8f35976ab76e","local_time":"20180529083943","is_prod":false,"is_daily":false,"chose_seed":false,"is_ascension_mode":true,"campfire_upgraded":3,"win_rate":0,"timestamp":1527608383,"campfire_choices":[{"data":"Dodge and Roll","floor":6,"key":"SMITH"},{"data":"Cloak And Dagger","floor":8,"key":"SMITH"},{"data":"Predator","floor":15,"key":"SMITH"}],"path_taken":["M","?","?","?","?","R","M","R","T","M","M","?","?","?","R","BOSS"],"build_version":"2018-05-24","seed_source_timestamp":673597067227433,"purchased_purges":0,"victory":false,"master_deck":["Defend_G","Defend_G","Defend_G","Defend_G","Defend_G","Strike_G","Strike_G","Strike_G","Survivor","Neutralize+1","AscendersBane","Dodge and Roll+1","Cloak And Dagger+1","All Out Attack","Predator+1","Cloak And Dagger"],"max_hp_per_floor":[70,70,70,75,75,75,75,75,75,75,75,75,75,75,75,75],"relics":["Ring of the Snake","Blood Vial","Bottled Lightning"],"card_choices":[{"not_picked":["Slice","Outmaneuver"],"picked":"Dodge and Roll","floor":1},{"not_picked":["Quick Slash","Acrobatics"],"picked":"Cloak And Dagger","floor":7},{"not_picked":["Concentrate","Dodge and Roll"],"picked":"All Out Attack","floor":10},{"not_picked":["Outmaneuver","Prepared"],"picked":"Predator","floor":11},{"not_picked":["Sucker Punch","Poisoned Stab"],"picked":"Cloak And Dagger","floor":12},{"not_picked":["Slice","Endless Agony","Wraith Form v2"],"picked":"SKIP","floor":13}],"player_experience":709832,"potions_floor_usage":[16,16,16],"damage_taken":[{"damage":1,"enemies":"Cultist","floor":1,"turns":4},{"damage":0,"enemies":"2 Louse","floor":7,"turns":4},{"damage":0,"enemies":"Small Slimes","floor":10,"turns":5},{"damage":0,"enemies":"Looter","floor":11,"turns":4},{"damage":0,"enemies":"3 Louse","floor":12,"turns":3},{"damage":2,"enemies":"Large Slime","floor":13,"turns":6},{"damage":77,"enemies":"Hexaghost","floor":16,"turns":14}],"relics_obtained":[{"floor":9,"key":"Bottled Lightning"}],"event_choices":[{"event_name":"Living Wall","player_choice":"Grow","floor":2,"damage_taken":0},{"event_name":"Golden Wing","player_choice":"Card Removal","floor":3,"damage_taken":0},{"event_name":"Big Fish","player_choice":"Donut","floor":4,"damage_taken":0},{"event_name":"Purifier","player_choice":"One Purge","floor":5,"damage_taken":0}],"boss_relics":[],"items_purged_floors":[],"potions_floor_spawned":[12,13],"seed_played":"-4767189120587759187","killed_by":"Hexaghost","ascension_level":10,"potions_obtained":[{"floor":12,"key":"GamblersBrew"},{"floor":13,"key":"Explosive Potion"}],"is_trial":false}