{"gold_per_floor":[212,231,249,249,263,263,288,288,288,288,302,302,313,339,339,339],"floor_reached":16,"playtime":1021,"items_purged":[],"score":168,"play_id":"b5791038-04f7-4f79-8c5b-72f379658d1c","local_time":"20190117194745","is_ascension_mode":true,"campfire_choices":[{"data":"Electrodynamics","floor":6,"key":"SMITH"},{"data":"Go for the Eyes","floor":8,"key":"SMITH"},{"floor":10,"key":"REST"},{"data":"Rip and Tear","floor":12,"key":"SMITH"},{"floor":15,"key":"REST"}],"neow_cost":"NONE","seed_source_timestamp":249101258450107,"circlet_count":0,"master_deck":["AscendersBane","Strike_B","Strike_B","Strike_B","Strike_B","Defend_B","Defend_B","Defend_B","Defend_B","Zap","Dualcast","Cold Snap","Go for the Eyes+1","Steam","Electrodynamics+1","Cold Snap","Chill","Rip and Tear+1","Leap","Glacier+1","Turbo+1"],"relics":["Cracked Core","Dream Catcher","Boot","Toxic Egg 2"],"potions_floor_usage":[7,14,16],"damage_taken":[{"damage":2,"enemies":"Jaw Worm","floor":1,"turns":3},{"damage":0,"enemies":"2 Louse","floor":2,"turns":2},{"damage":7,"enemies":"Small Slimes","floor":3,"turns":3},{"damage":6,"enemies":"Blue Slaver","floor":5,"turns":3},{"damage":12,"enemies":"3 Sentries","floor":7,"turns":5},{"damage":0,"enemies":"Exordium Wildlife","floor":11,"turns":3},{"damage":7,"enemies":"2 Fungi Beasts","floor":13,"turns":3},{"damage":23,"enemies":"Gremlin Nob","floor":14,"turns":4},{"damage":55,"enemies":"Hexaghost","floor":16,"turns":17}],"seed_played":"-3981539101453220065","potions_obtained":[{"floor":2,"key":"SkillPotion"},{"floor":11,"key":"AttackPotion"},{"floor":14,"key":"EssenceOfSteel"}],"is_trial":false,"path_per_floor":["M","M","M","?","M","R","E","R","T","R","M","R","M","E","R","B"],"character_chosen":"DEFECT","items_purchased":[],"campfire_rested":2,"item_purchase_floors":[],"current_hp_per_floor":[66,66,59,59,53,53,41,41,41,63,63,63,56,33,55,0],"gold":339,"neow_bonus":"HUNDRED_GOLD","is_prod":false,"is_daily":false,"chose_seed":false,"campfire_upgraded":3,"win_rate":0,"timestamp":1547772465,"path_taken":["M","M","M","?","M","R","E","R","T","R","M","R","M","E","R","BOSS"],"build_version":"2019-01-10","purchased_purges":0,"victory":false,"max_hp_per_floor":[75,75,75,75,75,75,75,75,75,75,75,75,75,75,75,75],"card_choices":[{"not_picked":["Recycle","Hologram"],"picked":"Cold Snap","floor":1},{"not_picked":["Conserve Battery","Cold Snap"],"picked":"Go for the Eyes","floor":2},{"not_picked":["Ball Lightning","Rebound"],"picked":"Steam","floor":3},{"not_picked":["FTL","Stack"],"picked":"Electrodynamics","floor":5},{"not_picked":["Coolheaded","Recycle"],"picked":"Cold Snap","floor":7},{"not_picked":["Steam Power","Aggregate"],"picked":"Chill","floor":10},{"not_picked":["Streamline","Barrage"],"picked":"Rip and Tear","floor":11},{"not_picked":["Cold Snap","Tempest"],"picked":"Leap","floor":13},{"not_picked":["Go for the Eyes","Chaos"],"picked":"Glacier","floor":14},{"not_picked":["Sunder","Scrape"],"picked":"Turbo+1","floor":15}],"player_experience":524465,"relics_obtained":[{"floor":7,"key":"Dream Catcher"},{"floor":9,"key":"Boot"},{"floor":14,"key":"Toxic Egg 2"}],"event_choices":[{"damage_healed":0,"gold_gain":0,"player_choice":"Ignored","damage_taken":0,"max_hp_gain":0,"max_hp_loss":0,"event_name":"Liars Game","floor":4,"gold_loss":0}],"is_beta":false,"boss_relics":[],"items_purged_floors":[],"is_endless":false,"potions_floor_spawned":[2,11,14],"killed_by":"Hexaghost","ascension_level":10}