{"gold_per_floor":[118,130,130,146,156,182,182,182,205,221,221,286,286,73,73,73],"floor_reached":16,"playtime":453,"items_purged":[],"score":200,"play_id":"5ba33667-35c2-4e50-958d-8172ffd5168f","local_time":"20190128213012","is_ascension_mode":true,"campfire_choices":[{"floor":7,"key":"REST"},{"floor":11,"key":"REST"},{"data":"Offering","floor":15,"key":"SMITH"}],"neow_cost":"TEN_PERCENT_HP_LOSS","seed_source_timestamp":469793409279617,"circlet_count":0,"master_deck":["AscendersBane","Strike_R","Strike_R","Strike_R","Strike_R","Strike_R+1","Defend_R","Defend_R","Defend_R","Bash","Offering+1","Havoc","Corruption","Seeing Red","Bash+1","Ghostly Armor","Shockwave","Metallicize","Battle Trance","Warcry"],"relics":["Burning Blood","Whetstone","Happy Flower","Potion Belt","PreservedInsect"],"potions_floor_usage":[5,6,16,16],"damage_taken":[{"damage":7,"enemies":"Cultist","floor":1,"turns":3},{"damage":13,"enemies":"Jaw Worm","floor":2,"turns":3},{"damage":8,"enemies":"2 Louse","floor":4,"turns":3},{"damage":9,"enemies":"Blue Slaver","floor":5,"turns":4},{"damage":46,"enemies":"Lagavulin","floor":6,"turns":8},{"damage":14,"enemies":"Exordium Wildlife","floor":10,"turns":5},{"damage":41,"enemies":"Slime Boss","floor":16,"turns":7}],"seed_played":"-2152228594404501296","potions_obtained":[{"floor":2,"key":"SkillPotion"},{"floor":4,"key":"Dexterity Potion"},{"floor":5,"key":"Block Potion"},{"floor":6,"key":"Fire Potion"}],"is_trial":false,"path_per_floor":["M","M","?","M","M","E","R","?","T","M","R","?","T","$","R","B"],"character_chosen":"IRONCLAD","items_purchased":["PreservedInsect","Poison Potion"],"campfire_rested":2,"item_purchase_floors":[14,14],"current_hp_per_floor":[67,60,60,58,55,15,35,35,35,27,47,47,47,47,47,6],"gold":73,"neow_bonus":"THREE_RARE_CARDS","is_prod":false,"is_daily":false,"chose_seed":false,"campfire_upgraded":1,"win_rate":0,"timestamp":1548736212,"path_taken":["M","M","?","M","?","E","R","?","T","?","R","?","?","?","R","BOSS"],"build_version":"2019-01-23","purchased_purges":0,"victory":false,"max_hp_per_floor":[68,68,68,68,68,68,68,68,68,68,68,68,68,68,68,68],"card_choices":[{"not_picked":["Barricade","Fiend Fire"],"picked":"Offering","floor":0},{"not_picked":["Power Through","Rampage"],"picked":"Havoc","floor":1},{"not_picked":["Seeing Red","Flex"],"picked":"Corruption","floor":2},{"not_picked":["Dual Wield","Wild Strike"],"picked":"Ghostly Armor","floor":4},{"not_picked":["Uppercut","Spot Weakness"],"picked":"Shockwave","floor":5},{"not_picked":["Flex","Uppercut"],"picked":"Metallicize","floor":6},{"not_picked":["Hemokinesis","Sword Boomerang"],"picked":"Warcry","floor":10}],"player_experience":751860,"relics_obtained":[{"floor":6,"key":"Whetstone"},{"floor":9,"key":"Happy Flower"},{"floor":13,"key":"Potion Belt"}],"event_choices":[{"damage_healed":0,"gold_gain":0,"player_choice":"2 cards matched","damage_taken":0,"max_hp_gain":0,"max_hp_loss":0,"event_name":"Match and Keep!","floor":3,"gold_loss":0,"cards_obtained":["Seeing Red","Bash"]},{"damage_healed":0,"gold_gain":0,"cards_transformed":["Defend_R"],"player_choice":"Transformed","damage_taken":0,"max_hp_gain":0,"max_hp_loss":0,"event_name":"Transmorgrifier","floor":8,"gold_loss":0,"cards_obtained":["Battle Trance"]},{"damage_healed":0,"gold_gain":65,"player_choice":"Gained Gold","damage_taken":0,"max_hp_gain":0,"max_hp_loss":0,"event_name":"Golden Wing","floor":12,"gold_loss":0}],"is_beta":false,"boss_relics":[],"items_purged_floors":[],"is_endless":false,"potions_floor_spawned":[2,4,5,6],"killed_by":"Slime Boss","ascension_level":20}