{"gold_per_floor":[113,123,139,154,170,170,187,262,287,287,306,229,229,244,244,346,346,358,373,393,393,403,403,68,80,80,91,41,53,67,82,82,82],"floor_reached":33,"playtime":6849,"items_purged":["Strike_B"],"score":361,"play_id":"0015bf3e-1eb3-44fd-afb2-cd9a29c98e6f","local_time":"20180919082939","is_ascension_mode":true,"campfire_choices":[{"data":"Zap","floor":6.0,"key":"SMITH"},{"floor":10.0,"key":"REST"},{"data":"Go for the Eyes","floor":15.0,"key":"SMITH"},{"data":"Glacier","floor":23,"key":"SMITH"},{"floor":32,"key":"REST"}],"neow_cost":"NONE","seed_source_timestamp":0,"circlet_count":0,"master_deck":["Strike_B","Strike_B","Strike_B","Defend_B","Defend_B","Defend_B","Defend_B","Zap+1","Dualcast","Hologram","Go for the Eyes+1","Genetic Algorithm","Steam","Loop","Reinforced Body","Coolheaded","Glacier+1","Cold Snap","Cold Snap","Sunder+1","Conserve Battery+1","Zap+1","Compile Driver","Ball Lightning","Steam","Coolheaded+1"],"special_seed":0,"relics":["Cracked Core","Lantern","Bronze Scales","Kunai","Eternal Feather","Cables","Happy Flower"],"potions_floor_usage":[25,27,33,33],"damage_taken":[{"damage":0.0,"enemies":"Cultist","floor":1.0,"turns":4.0},{"damage":0.0,"enemies":"Jaw Worm","floor":2.0,"turns":3.0},{"damage":2.0,"enemies":"2 Louse","floor":3.0,"turns":2.0},{"damage":7.0,"enemies":"Blue Slaver","floor":4.0,"turns":3.0},{"damage":7.0,"enemies":"Exordium Wildlife","floor":5.0,"turns":4.0},{"damage":14.0,"enemies":"3 Louse","floor":7.0,"turns":4.0},{"damage":6.0,"enemies":"Lots of Slimes","floor":11.0,"turns":4.0},{"damage":0.0,"enemies":"Blue Slaver","floor":14.0,"turns":4.0},{"damage":14.0,"enemies":"The Guardian","floor":16.0,"turns":19.0},{"damage":1.0,"enemies":"Shell Parasite","floor":18.0,"turns":11.0},{"damage":15.0,"enemies":"Spheric Guardian","floor":19.0,"turns":6.0},{"damage":13.0,"enemies":"Chosen and Byrds","floor":20.0,"turns":9.0},{"damage":10,"enemies":"Snake Plant","floor":22,"turns":4},{"damage":2,"enemies":"Centurion and Healer","floor":25,"turns":14},{"damage":3,"enemies":"3 Cultists","floor":27,"turns":4},{"damage":6,"enemies":"Snake Plant","floor":29,"turns":5},{"damage":20,"enemies":"Cultist and Chosen","floor":30,"turns":6},{"damage":0,"enemies":"Snecko","floor":31,"turns":4},{"damage":43,"enemies":"Collector","floor":33,"turns":13}],"seed_played":"7435324061735954550","potions_obtained":[{"floor":1.0,"key":"GamblersBrew"},{"floor":2.0,"key":"Swift Potion"},{"floor":4.0,"key":"Fire Potion"},{"floor":7.0,"key":"Poison Potion"},{"floor":18.0,"key":"EssenceOfSteel"},{"floor":19.0,"key":"Strength Potion"},{"floor":25,"key":"AttackPotion"},{"floor":29,"key":"Weak Potion"}],"is_trial":false,"path_per_floor":["M","M","M","M","M","R","M","?","T","R","M","$","T","M","R","B",null,"M","M","M","?","M","R","$","M","T","M","?","M","M","M","R"],"character_chosen":"DEFECT","items_purchased":["Glacier","Cables"],"campfire_rested":2,"item_purchase_floors":[12,24],"current_hp_per_floor":[68,68,66,59,52,52,38,27,27,49,43,43,43,43,43,29,64,63,48,35,35,25,37,37,35,35,32,32,26,6,6,43,0],"gold":82,"neow_bonus":"RANDOM_COMMON_RELIC","is_prod":false,"is_daily":false,"chose_seed":false,"campfire_upgraded":3,"win_rate":0,"timestamp":1537370979,"path_taken":["M","M","?","M","M","R","M","?","T","R","M","$","?","M","R","BOSS","M","M","M","?","M","R","$","M","T","M","?","M","M","M","R","BOSS"],"build_version":"2018-09-06","purchased_purges":1,"victory":false,"max_hp_per_floor":[75,75,75,75,75,75,75,75,75,75,75,75,75,75,75,75,75,75,75,75,75,75,75,75,75,75,75,75,75,75,75,75,75],"card_choices":[{"not_picked":["Fusion","Reinforced Body"],"picked":"Hologram","floor":1.0},{"not_picked":["Consume","Beam Cell"],"picked":"Go for the Eyes","floor":2.0},{"not_picked":["BootSequence","Streamline"],"picked":"Genetic Algorithm","floor":3.0},{"not_picked":["Streamline","Sweeping Beam"],"picked":"Steam","floor":4.0},{"not_picked":["Consume","Double Energy"],"picked":"Loop","floor":5.0},{"not_picked":["Barrage","Reprogram"],"picked":"Reinforced Body","floor":7.0},{"not_picked":["Compile Driver","Steam"],"picked":"Coolheaded","floor":11.0},{"not_picked":["Chaos","Reprogram"],"picked":"Cold Snap","floor":14.0},{"not_picked":["Beam Cell","Rebound"],"picked":"Cold Snap","floor":18.0},{"not_picked":["Double Energy","Hologram"],"picked":"Sunder+1","floor":19.0},{"not_picked":["Hologram","Melter"],"picked":"Conserve Battery+1","floor":20.0},{"not_picked":["Cold Snap","Barrage"],"picked":"Compile Driver","floor":22},{"not_picked":["Loop+1","Go for the Eyes"],"picked":"Ball Lightning","floor":25},{"not_picked":["Meteor Strike","Steam","Streamline"],"picked":"SKIP","floor":27},{"not_picked":["Sweeping Beam","Aggregate"],"picked":"Steam","floor":29},{"not_picked":["Leap","Compile Driver"],"picked":"Coolheaded+1","floor":30},{"not_picked":["Heatsinks","Redo","Consume+1"],"picked":"SKIP","floor":31}],"player_experience":1047370,"relics_obtained":[{"floor":9.0,"key":"Bronze Scales"},{"floor":13.0,"key":"Kunai"},{"floor":26,"key":"Happy Flower"}],"event_choices":[{"event_name":"World of Goop","player_choice":"Gather Gold","floor":8.0,"damage_taken":0.0},{"event_name":"Duplicator","player_choice":"One dupe","floor":21,"damage_taken":0},{"event_name":"The Joust","player_choice":"Bet on Murderer","floor":28,"damage_taken":0}],"is_beta":false,"boss_relics":[{"not_picked":["Astrolabe","Ectoplasm"],"picked":"Eternal Feather"}],"items_purged_floors":[24],"is_endless":false,"potions_floor_spawned":[1,2,4,7,11,18,19,25,29,31],"killed_by":"Collector","ascension_level":9}