{"path_per_floor":["M","?","?","M","M","R","M","R","T","R","M","R","?","M","R","B",null,"M","?","?","?","M","R"],"character_chosen":"DEFECT","items_purchased":[],"gold_per_floor":[116,116,116,132,153,153,173,173,173,173,189,189,189,208,208,333,333,357,357,357,357,372,372,372],"floor_reached":24,"campfire_rested":2,"playtime":864,"current_hp_per_floor":[75,75,80,79,78,78,75,75,75,75,60,60,35,42,66,52,80,52,52,52,52,48,72,0],"items_purged":[],"gold":372,"score":211,"play_id":"d33cd0df-ba6e-4b7d-9dec-2f95593bed37","local_time":"20180506110138","is_prod":false,"is_daily":false,"chose_seed":false,"is_ascension_mode":false,"campfire_upgraded":4,"timestamp":1525597298,"path_taken":["M","?","?","M","M","R","M","R","T","R","M","R","?","M","R","BOSS","M","?","?","?","M","R","E"],"build_version":"2018-05-03","seed_source_timestamp":7378433019629,"purchased_purges":0,"victory":false,"master_deck":["Defend_B","Defend_B","Defend_B","Defend_B","Zap+1","Dualcast","Capacitor+1","Injury","Beam Cell","Cold Snap","Rainbow+1","Darkness+1","Rebound","Rainbow","Ball Lightning","Writhe","Bite","Bite","Bite","Bite","Bite"],"max_hp_per_floor":[75,75,80,80,80,80,80,80,80,80,80,80,80,80,80,80,80,80,80,80,80,80,80,80],"relics":["Cracked Core","Bloody Idol","Ancient Tea Set","Meat on the Bone","Black Star"],"card_choices":[{"not_picked":["Barrage","Double Energy"],"picked":"Capacitor","floor":1},{"not_picked":["Rebound","Hologram"],"picked":"Beam Cell","floor":4},{"not_picked":["Consume","Skim"],"picked":"Cold Snap","floor":5},{"not_picked":["Capacitor","Beam Cell"],"picked":"Rainbow","floor":7},{"not_picked":["Impulse","Blizzard"],"picked":"Darkness","floor":11},{"not_picked":["Capacitor","Steam Power"],"picked":"Rebound","floor":14},{"not_picked":["Amplify","Fission"],"picked":"Rainbow","floor":16},{"not_picked":["Rebound","Beam Cell"],"picked":"Ball Lightning","floor":18}],"player_experience":24317,"potions_floor_usage":[],"damage_taken":[{"damage":0,"enemies":"Small Slimes","floor":1,"turns":2},{"damage":1,"enemies":"2 Louse","floor":4,"turns":2},{"damage":1,"enemies":"Jaw Worm","floor":5,"turns":3},{"damage":3,"enemies":"Red Slaver","floor":7,"turns":2},{"damage":15,"enemies":"Large Slime","floor":11,"turns":4},{"damage":5,"enemies":"Blue Slaver","floor":14,"turns":2},{"damage":14,"enemies":"Slime Boss","floor":16,"turns":9},{"damage":28,"enemies":"3 Byrds","floor":18,"turns":5},{"damage":19,"enemies":"Chosen","floor":22,"turns":4},{"damage":95,"enemies":"Gremlin Leader","floor":24,"turns":9}],"event_choices":[{"event_name":"Golden Idol","player_choice":"Take Wound","floor":2,"damage_taken":0},{"event_name":"Big Fish","player_choice":"Donut","floor":3,"damage_taken":0},{"event_name":"Scrap Ooze","player_choice":"success","floor":13,"damage_taken":25},{"event_name":"Forgotten Altar","player_choice":"Gave Idol","floor":19,"damage_taken":0},{"event_name":"The Mausoleum","player_choice":"Yes","floor":20,"damage_taken":0},{"event_name":"Vampires","player_choice":"Became a vampire (Vial)","floor":21,"damage_taken":0}],"boss_relics":[{"not_picked":["Philosopher\u0027s Stone","Runic Pyramid"],"picked":"Black Star"}],"potions_floor_spawned":[1,7,11],"seed_played":"-1950299647567538441","killed_by":"Gremlin Leader","ascension_level":0,"is_trial":false}