{"gold_per_floor":[119,119,119,139,214,214,239,239,239,105,116,16,16,29,29,103,103,113,123,123,123,73,73,88,88,115,115,132,167,177,30,30,104,104,122,122,137,155,155,155,185,185,267,542,562,131,131,150,150,150],"floor_reached":51,"playtime":12841,"items_purged":["Pain","Strike_B","Writhe","Strike_B","Regret"],"score":1190,"play_id":"a9a1cd6a-f485-49fe-aa1d-b92dc1bb7025","local_time":"20181121092015","is_ascension_mode":true,"campfire_choices":[{"data":"Zap","floor":6,"key":"SMITH"},{"floor":8,"key":"REST"},{"floor":15,"key":"REST"},{"floor":23,"key":"REST"},{"floor":27,"key":"REST"},{"floor":32,"key":"REST"},{"floor":40,"key":"REST"},{"floor":47,"key":"REST"},{"floor":49,"key":"REST"}],"neow_cost":"NONE","seed_source_timestamp":59579171387565,"circlet_count":0,"master_deck":["AscendersBane","Defend_B","Defend_B","Defend_B","Defend_B","Zap+1","Dualcast+1","Finesse+1","FTL","Go for the Eyes","Coolheaded","Defragment","Electrodynamics","Chill","Cold Snap+1","All For One","Trip","Hologram+1","Coolheaded+1","Undo+1","Madness","Madness","Go for the Eyes","FTL","Swift Strike","Master of Strategy","Parasite","Reinforced Body"],"relics":["Cracked Core","WarpedTongs","Du-Vu Doll","Ornamental Fan","Fusion Hammer","Smiling Mask","Regal Pillow","War Paint","Empty Cage","Pen Nib","Bottled Flame"],"potions_floor_usage":[7,16,28,29,41,48],"damage_taken":[{"damage":0,"enemies":"Small Slimes","floor":1,"turns":3},{"damage":11,"enemies":"2 Louse","floor":4,"turns":3},{"damage":15,"enemies":"Gremlin Nob","floor":7,"turns":4},{"damage":0,"enemies":"Cultist","floor":11,"turns":3},{"damage":25,"enemies":"Exordium Wildlife","floor":14,"turns":7},{"damage":34,"enemies":"Slime Boss","floor":16,"turns":11},{"damage":18,"enemies":"Shell Parasite","floor":18,"turns":5},{"damage":10,"enemies":"Chosen","floor":19,"turns":6},{"damage":22,"enemies":"Colosseum Slavers","floor":21,"turns":4},{"damage":5,"enemies":"Centurion and Healer","floor":24,"turns":8},{"damage":24,"enemies":"Shelled Parasite and Fungi","floor":28,"turns":5},{"damage":15,"enemies":"Book of Stabbing","floor":29,"turns":5},{"damage":12,"enemies":"Snake Plant","floor":30,"turns":3},{"damage":6,"enemies":"Champ","floor":33,"turns":11},{"damage":0,"enemies":"3 Shapes","floor":35,"turns":3},{"damage":11,"enemies":"Orb Walker","floor":37,"turns":3},{"damage":19,"enemies":"Jaw Worm Horde","floor":38,"turns":4},{"damage":14,"enemies":"Giant Head","floor":41,"turns":7},{"damage":16,"enemies":"Maw","floor":45,"turns":8},{"damage":0,"enemies":"Writhing Mass","floor":48,"turns":5},{"damage":75,"enemies":"Time Eater","floor":50,"turns":13}],"seed_played":"5110082017371623187","potions_obtained":[{"floor":4,"key":"AttackPotion"},{"floor":14,"key":"Regen Potion"},{"floor":24,"key":"Block Potion"},{"floor":25,"key":"LiquidBronze"},{"floor":29,"key":"FairyPotion"},{"floor":37,"key":"SkillPotion"},{"floor":41,"key":"GamblersBrew"}],"is_trial":false,"path_per_floor":["M","?","?","M","?","R","E","R","T","$","M","$","?","M","R","B",null,"M","M","?","?","$","R","M","?","T","R","M","E","M","$","R","B",null,"M","?","M","M","$","R","E","?","T","?","M","$","R","M","R","B",null],"character_chosen":"DEFECT","items_purchased":["Go for the Eyes","Trip","FTL","Swift Strike","Master of Strategy"],"campfire_rested":8,"item_purchase_floors":[10,31,46,46,46],"current_hp_per_floor":[64,57,57,46,35,35,20,41,41,41,41,41,46,21,43,24,63,45,35,35,13,13,35,30,30,30,67,43,28,16,16,53,47,69,69,86,75,56,56,86,72,57,57,57,41,41,81,81,86,11],"gold":150,"neow_bonus":"RANDOM_COLORLESS","is_prod":false,"is_daily":false,"chose_seed":false,"campfire_upgraded":1,"win_rate":0,"timestamp":1542752415,"path_taken":["M","?","?","?","?","R","E","R","T","$","M","$","?","M","R","BOSS","M","M","?","?","$","R","M","?","T","R","M","E","?","$","R","BOSS","M","?","M","?","$","R","E","?","T","?","M","$","R","M","R","BOSS"],"build_version":"2018-11-15","purchased_purges":5,"victory":true,"max_hp_per_floor":[71,71,71,71,71,71,71,71,71,71,71,71,76,76,76,76,76,76,76,76,76,76,76,76,76,76,76,76,76,76,76,76,76,76,76,86,86,86,86,86,86,86,86,86,86,86,86,86,86,86],"card_choices":[{"not_picked":["Lockon","Go for the Eyes"],"picked":"FTL","floor":1},{"not_picked":["Sweeping Beam","Beam Cell"],"picked":"Auto Shields","floor":4},{"not_picked":["Redo","Fusion","Streamline"],"picked":"SKIP","floor":7},{"not_picked":["Steam Power","Rip and Tear"],"picked":"Coolheaded","floor":11},{"not_picked":["Conserve Battery","Barrage"],"picked":"Defragment","floor":14},{"not_picked":["Meteor Strike","Reboot"],"picked":"Electrodynamics","floor":16},{"not_picked":["Conserve Battery","Heatsinks+1"],"picked":"Chill","floor":18},{"not_picked":["Beam Cell","Conserve Battery"],"picked":"Cold Snap+1","floor":19},{"not_picked":["Chaos","Leap","Redo"],"picked":"SKIP","floor":24},{"not_picked":["Cold Snap","Sweeping Beam","Chill"],"picked":"SKIP","floor":28},{"not_picked":["Ball Lightning","Rebound"],"picked":"All For One","floor":29},{"not_picked":["Barrage","Ball Lightning","Doom and Gloom+1"],"picked":"SKIP","floor":30},{"not_picked":["Hyperbeam","Thunder Strike"],"picked":"Fission","floor":33},{"not_picked":["Compile Driver","Barrage","Coolheaded"],"picked":"SKIP","floor":35},{"not_picked":["Ball Lightning","Conserve Battery+1"],"picked":"Hologram+1","floor":37},{"not_picked":["Doom and Gloom","Ball Lightning+1"],"picked":"Coolheaded+1","floor":38},{"not_picked":["Consume+1","Hologram"],"picked":"Undo+1","floor":41},{"not_picked":["Static Discharge","Rebound"],"picked":"Go for the Eyes","floor":45},{"not_picked":["Self Repair","Turbo"],"picked":"Reinforced Body","floor":48}],"player_experience":920367,"relics_obtained":[{"floor":7,"key":"Du-Vu Doll"},{"floor":9,"key":"Ornamental Fan"},{"floor":26,"key":"Regal Pillow"},{"floor":29,"key":"War Paint"},{"floor":41,"key":"Pen Nib"},{"floor":43,"key":"Bottled Flame"}],"event_choices":[{"cards_removed":["Strike_B"],"damage_healed":0,"gold_gain":0,"player_choice":"Card Removal","damage_taken":7,"max_hp_gain":0,"max_hp_loss":0,"event_name":"Golden Wing","floor":2,"gold_loss":0},{"damage_healed":0,"gold_gain":0,"player_choice":"Rummage","damage_taken":0,"relics_obtained":["WarpedTongs"],"max_hp_gain":0,"max_hp_loss":0,"event_name":"Accursed Blacksmith","floor":3,"gold_loss":0,"cards_obtained":["Pain"]},{"damage_healed":0,"gold_gain":75,"player_choice":"Gather Gold","damage_taken":11,"max_hp_gain":0,"max_hp_loss":0,"event_name":"World of Goop","floor":5,"gold_loss":0},{"damage_healed":0,"gold_gain":0,"player_choice":"Donut","damage_taken":0,"max_hp_gain":5,"max_hp_loss":0,"event_name":"Big Fish","floor":13,"gold_loss":0},{"damage_healed":0,"gold_gain":0,"player_choice":"Opened","damage_taken":0,"relics_obtained":["Smiling Mask"],"max_hp_gain":0,"max_hp_loss":0,"event_name":"The Mausoleum","floor":20,"gold_loss":0,"cards_obtained":["Writhe"]},{"damage_healed":0,"gold_gain":0,"player_choice":"Fight","damage_taken":0,"max_hp_gain":0,"max_hp_loss":0,"event_name":"Colosseum","floor":21,"gold_loss":0},{"damage_healed":0,"gold_gain":0,"player_choice":"Fled From Nobs","damage_taken":0,"max_hp_gain":0,"max_hp_loss":0,"event_name":"Colosseum","floor":21,"gold_loss":0},{"damage_healed":0,"gold_gain":0,"player_choice":"Got Potions","damage_taken":0,"max_hp_gain":0,"max_hp_loss":0,"event_name":"Lab","floor":25,"gold_loss":0},{"cards_removed":["Fission"],"damage_healed":7,"gold_gain":0,"player_choice":"Offered Rare","damage_taken":0,"max_hp_gain":10,"max_hp_loss":0,"event_name":"Bonfire Elementals","floor":36,"gold_loss":0},{"damage_healed":0,"gold_gain":0,"player_choice":"Embrace Madness","damage_taken":15,"max_hp_gain":0,"max_hp_loss":0,"event_name":"Winding Halls","floor":42,"gold_loss":0,"cards_obtained":["Madness","Madness"]},{"damage_healed":0,"gold_gain":275,"player_choice":"Desecrate","damage_taken":0,"max_hp_gain":0,"max_hp_loss":0,"event_name":"Golden Shrine","floor":44,"gold_loss":0,"cards_obtained":["Regret"]}],"is_beta":true,"boss_relics":[{"not_picked":["Runic Dome","Lizard Tail"],"picked":"Fusion Hammer"},{"not_picked":["Eternal Feather","Inserter"],"picked":"Empty Cage"}],"items_purged_floors":[10,12,22,31,46],"is_endless":false,"potions_floor_spawned":[4,14,21,24,29,37,41],"ascension_level":17}