{"gold_per_floor":[115,115,115,128,128,128,148,179,179,179,179,198,225,237,237,237],"floor_reached":16,"playtime":358,"items_purged":[],"score":220,"play_id":"73fddc6d-44b9-436a-8578-dcbe4c40a5eb","local_time":"20181211142054","is_ascension_mode":true,"campfire_choices":[{"data":"Infernal Blade","floor":6,"key":"SMITH"},{"floor":10,"key":"REST"},{"floor":15,"key":"REST"}],"neow_cost":"TEN_PERCENT_HP_LOSS","seed_source_timestamp":66894725381896,"circlet_count":0,"master_deck":["AscendersBane","Strike_R","Strike_R","Strike_R","Strike_R","Strike_R","Defend_R","Defend_R","Bash","Pommel Strike","Regret","Infernal Blade+1","Pummel","Sentinel","Exhume","Havoc","Uppercut","Headbutt","Shrug It Off","Pommel Strike","Inflame"],"relics":["Burning Blood","Sundial","Prayer Wheel","Unceasing Top","StoneCalendar","Du-Vu Doll"],"potions_floor_usage":[8,16],"damage_taken":[{"damage":7,"enemies":"Small Slimes","floor":1,"turns":3},{"damage":11,"enemies":"2 Louse","floor":4,"turns":2},{"damage":6,"enemies":"Cultist","floor":7,"turns":3},{"damage":11,"enemies":"Gremlin Nob","floor":8,"turns":3},{"damage":13,"enemies":"Exordium Thugs","floor":12,"turns":3},{"damage":37,"enemies":"Lagavulin","floor":13,"turns":7},{"damage":5,"enemies":"Red Slaver","floor":14,"turns":2},{"damage":49,"enemies":"The Guardian","floor":16,"turns":8}],"seed_played":"-5732217608454705150","potions_obtained":[{"floor":4,"key":"Strength Potion"},{"floor":5,"key":"FairyPotion"},{"floor":14,"key":"FearPotion"}],"is_trial":false,"path_per_floor":["M","?","?","M","?","R","M","E","T","R","T","M","E","M","R","B"],"character_chosen":"IRONCLAD","items_purchased":[],"campfire_rested":2,"item_purchase_floors":[],"current_hp_per_floor":[67,67,49,44,44,44,44,39,39,59,59,52,21,22,42,0],"gold":237,"neow_bonus":"REMOVE_TWO","is_prod":false,"is_daily":false,"chose_seed":false,"campfire_upgraded":1,"win_rate":0,"timestamp":1544563254,"path_taken":["M","?","?","M","?","R","?","E","T","R","?","M","E","M","R","BOSS"],"build_version":"2018-12-06","purchased_purges":0,"victory":false,"max_hp_per_floor":[68,68,68,68,68,68,68,68,68,68,68,68,68,68,68,68],"card_choices":[{"not_picked":["Iron Wave","Corruption"],"picked":"Pommel Strike","floor":1},{"not_picked":["Havoc","Wild Strike"],"picked":"Infernal Blade","floor":4},{"not_picked":["Wild Strike","Warcry"],"picked":"Pummel","floor":4},{"not_picked":["Perfected Strike","Hemokinesis"],"picked":"Sentinel","floor":7},{"not_picked":["Perfected Strike","Thunderclap"],"picked":"Exhume","floor":7},{"not_picked":["Disarm","Pommel Strike"],"picked":"Havoc","floor":8},{"not_picked":["Rampage","Infernal Blade"],"picked":"Uppercut","floor":12},{"not_picked":["Whirlwind","Evolve"],"picked":"Headbutt","floor":12},{"not_picked":["Thunderclap","Fire Breathing"],"picked":"Shrug It Off","floor":13},{"not_picked":["Heavy Blade","Evolve"],"picked":"Pommel Strike","floor":14},{"not_picked":["Armaments","Perfected Strike"],"picked":"Inflame","floor":14}],"player_experience":598190,"relics_obtained":[{"floor":8,"key":"Unceasing Top"},{"floor":11,"key":"StoneCalendar"},{"floor":13,"key":"Du-Vu Doll"}],"event_choices":[{"damage_healed":0,"gold_gain":0,"player_choice":"Box","damage_taken":0,"relics_obtained":["Sundial"],"max_hp_gain":0,"max_hp_loss":0,"event_name":"Big Fish","floor":2,"gold_loss":0,"cards_obtained":["Regret"]},{"damage_healed":0,"gold_gain":0,"player_choice":"Success","damage_taken":18,"relics_obtained":["Prayer Wheel"],"max_hp_gain":0,"max_hp_loss":0,"event_name":"Scrap Ooze","floor":3,"gold_loss":0},{"damage_healed":0,"gold_gain":0,"player_choice":"Got Potions","damage_taken":0,"max_hp_gain":0,"max_hp_loss":0,"event_name":"Lab","floor":5,"gold_loss":0}],"is_beta":false,"boss_relics":[],"items_purged_floors":[],"is_endless":false,"potions_floor_spawned":[4,14],"killed_by":"The Guardian","ascension_level":20}