{"gold_per_floor":[112,62,62,79,91,126,126,154,154,165,90,117,117,137,137,232,232,252,252,265,265,275,606,606,623,623,623,63,75,89,121,121,226,226,236,262,273,289,12,12,39,39,84,102,128,128,54,66,66,66,66,66,16,43,43],"floor_reached":55,"playtime":4981,"items_purged":["Strike_B","Beam Cell","Chaos"],"score":830,"play_id":"8a4de4b3-a413-4808-9fa2-77f4c39f74f8","local_time":"20181116201829","is_ascension_mode":true,"campfire_choices":[{"floor":7,"key":"REST"},{"data":"Chaos","floor":13,"key":"SMITH"},{"data":"Zap","floor":15,"key":"SMITH"},{"floor":24,"key":"RECALL"},{"data":"Fission","floor":27,"key":"SMITH"},{"floor":32,"key":"REST"},{"floor":40,"key":"REST"},{"floor":46,"key":"REST"},{"floor":49,"key":"REST"},{"data":"Biased Cognition","floor":52,"key":"PURGE"}],"neow_cost":"PERCENT_DAMAGE","seed_source_timestamp":56413998987699,"circlet_count":0,"master_deck":["Defend_B","Defend_B","Defend_B","Zap+1","Dualcast","Go for the Eyes","Chaos+1","Cold Snap","Skim","Fission+1","Barrage","Conserve Battery","Doom and Gloom","Panache","FTL","Flash of Steel","Capacitor","Electrodynamics","Compile Driver","Redo+1","Hologram+1","Consume","Defragment+1","Glacier+1","BootSequence+1"],"relics":["Cracked Core","Peace Pipe","Sundial","Emotion Chip","Inserter","Old Coin","Question Card","Tiny Chest","Singing Bowl","Fusion Hammer","Bronze Scales","Oddly Smooth Stone","Cables","Anchor","Gremlin Horn","Juzu Bracelet"],"potions_floor_usage":[12,16,16,23,29,29,31,33,37,45,48,54],"damage_taken":[{"damage":1,"enemies":"Jaw Worm","floor":1,"turns":3},{"damage":0,"enemies":"Cultist","floor":4,"turns":3},{"damage":2,"enemies":"Small Slimes","floor":5,"turns":3},{"damage":22,"enemies":"Gremlin Nob","floor":6,"turns":4},{"damage":11,"enemies":"3 Sentries","floor":8,"turns":6},{"damage":11,"enemies":"Exordium Wildlife","floor":10,"turns":4},{"damage":3,"enemies":"Gremlin Nob","floor":12,"turns":5},{"damage":5,"enemies":"Looter","floor":14,"turns":3},{"damage":5,"enemies":"The Guardian","floor":16,"turns":9},{"damage":0,"enemies":"3 Byrds","floor":18,"turns":4},{"damage":1,"enemies":"Shell Parasite","floor":20,"turns":5},{"damage":11,"enemies":"Shelled Parasite and Fungi","floor":22,"turns":5},{"damage":3,"enemies":"Book of Stabbing","floor":23,"turns":4},{"damage":8,"enemies":"Snecko","floor":25,"turns":5},{"damage":8,"enemies":"Centurion and Healer","floor":29,"turns":2},{"damage":6,"enemies":"3 Cultists","floor":30,"turns":4},{"damage":21,"enemies":"Gremlin Leader","floor":31,"turns":5},{"damage":41,"enemies":"Collector","floor":33,"turns":6},{"damage":22,"enemies":"3 Darklings","floor":35,"turns":2},{"damage":12,"enemies":"Orb Walker","floor":37,"turns":3},{"damage":19,"enemies":"Writhing Mass","floor":38,"turns":4},{"damage":15,"enemies":"Reptomancer","floor":41,"turns":6},{"damage":0,"enemies":"Jaw Worm Horde","floor":44,"turns":2},{"damage":12,"enemies":"Nemesis","floor":45,"turns":3},{"damage":5,"enemies":"Spire Growth","floor":48,"turns":4},{"damage":60,"enemies":"Awakened One","floor":50,"turns":9},{"damage":13,"enemies":"Shield and Spear","floor":54,"turns":7},{"damage":69,"enemies":"The Heart","floor":55,"turns":3}],"seed_played":"-5763077204734957642","potions_obtained":[{"floor":8,"key":"SpeedPotion"},{"floor":12,"key":"LiquidBronze"},{"floor":14,"key":"Strength Potion"},{"floor":16,"key":"SkillPotion"},{"floor":22,"key":"SpeedPotion"},{"floor":23,"key":"Strength Potion"},{"floor":25,"key":"Dexterity Potion"},{"floor":29,"key":"Regen Potion"},{"floor":31,"key":"Energy Potion"},{"floor":38,"key":"FearPotion"},{"floor":44,"key":"Swift Potion"}],"is_trial":false,"path_per_floor":["M","?","?","M","M","E","R","E","T","M","$","E","R","M","R","B",null,"M","?","M","T","M","E","R","M","T","R","$","M","M","E","R","B",null,"M","T","M","M","$","R","E","?","T","M","E","R","$","M","R","B",null,"R","$","E","B"],"character_chosen":"DEFECT","items_purchased":["Panache","FTL","Flash of Steel","Tiny Chest","Oddly Smooth Stone","Regen Potion","Block Potion"],"campfire_rested":5,"item_purchase_floors":[28,28,28,28,39,47,53],"current_hp_per_floor":[53,53,53,53,51,29,51,40,40,29,29,26,26,21,21,16,75,75,75,74,74,63,60,60,52,52,52,52,44,38,33,56,15,77,55,55,43,24,24,47,32,32,32,34,22,45,45,52,75,15,79,79,79,66,0],"gold":43,"neow_bonus":"REMOVE_TWO","is_prod":false,"is_daily":false,"chose_seed":false,"campfire_upgraded":3,"win_rate":0,"timestamp":1542359909,"path_taken":["M","?","?","M","?","E","R","E","T","M","$","E","R","M","R","BOSS","M","?","M","?","M","E","R","?","T","R","$","M","M","E","R","BOSS","M","?","?","?","$","R","E","?","T","M","E","R","?","M","R","BOSS","R","$","E","BOSS"],"build_version":"2018-11-15","purchased_purges":3,"victory":false,"max_hp_per_floor":[75,75,75,75,75,75,75,75,75,75,75,75,75,75,75,75,75,75,75,75,75,75,75,75,75,75,75,75,75,75,77,77,77,77,77,77,77,77,77,77,77,77,77,79,79,79,79,79,79,79,79,79,79,79,79],"card_choices":[{"not_picked":["Stack","Heatsinks"],"picked":"Go for the Eyes","floor":1},{"not_picked":["Barrage","Steam"],"picked":"Chaos","floor":4},{"not_picked":["Blizzard","Redo"],"picked":"Cold Snap","floor":5},{"not_picked":["Hello World","Streamline"],"picked":"Biased Cognition","floor":6},{"not_picked":["Compile Driver","Coolheaded","Streamline"],"picked":"SKIP","floor":8},{"not_picked":["Melter","Heatsinks","Fusion"],"picked":"SKIP","floor":10},{"not_picked":["Barrage","Double Energy"],"picked":"Skim","floor":12},{"not_picked":["Amplify","Undo","Leap"],"picked":"SKIP","floor":14},{"not_picked":["All For One","Biased Cognition"],"picked":"Fission","floor":16},{"not_picked":["Force Field","Scrape"],"picked":"Barrage","floor":18},{"not_picked":["Sweeping Beam","Streamline","Stack"],"picked":"SKIP","floor":20},{"not_picked":["Turbo","Leap"],"picked":"Doom and Gloom","floor":22},{"not_picked":["Heatsinks","Streamline+1"],"picked":"Chaos","floor":23},{"not_picked":["Doom and Gloom","Coolheaded","Beam Cell"],"picked":"SKIP","floor":25},{"not_picked":["Reinforced Body","Turbo+1","Gash"],"picked":"Capacitor","floor":29},{"not_picked":["Compile Driver","Self Repair","Hello World+1","Cold Snap"],"picked":"SKIP","floor":30},{"not_picked":["Steam Power","Redo","Gash","FTL"],"picked":"Singing Bowl","floor":31},{"not_picked":["Amplify","Hyperbeam","Core Surge"],"picked":"Electrodynamics","floor":33},{"not_picked":["Static Discharge","Conserve Battery","White Noise"],"picked":"Compile Driver","floor":35},{"not_picked":["Barrage","Heatsinks+1","Rebound+1"],"picked":"Redo+1","floor":37},{"not_picked":["Rebound+1","BootSequence+1","Stack"],"picked":"Hologram+1","floor":38},{"not_picked":["Turbo","Coolheaded","Buffer"],"picked":"Consume","floor":41},{"not_picked":["Conserve Battery","Streamline+1","Chill","Go for the Eyes"],"picked":"Singing Bowl","floor":44},{"not_picked":["Hello World+1","Heatsinks+1","Sweeping Beam+1"],"picked":"Defragment+1","floor":45},{"not_picked":["Turbo+1","Reprogram+1","Self Repair"],"picked":"Glacier+1","floor":48},{"not_picked":["Hello World","Scrape+1","Blizzard+1"],"picked":"BootSequence+1","floor":54}],"player_experience":830295,"relics_obtained":[{"floor":8,"key":"Peace Pipe"},{"floor":9,"key":"Sundial"},{"floor":12,"key":"Emotion Chip"},{"floor":23,"key":"Old Coin"},{"floor":26,"key":"Question Card"},{"floor":31,"key":"Singing Bowl"},{"floor":36,"key":"Bronze Scales"},{"floor":41,"key":"Cables"},{"floor":43,"key":"Anchor"},{"floor":45,"key":"Gremlin Horn"},{"floor":54,"key":"Juzu Bracelet"}],"event_choices":[{"cards_removed":["Strike_B"],"damage_healed":0,"gold_gain":0,"player_choice":"Card Removal","damage_taken":0,"max_hp_gain":0,"max_hp_loss":0,"event_name":"The Cleric","floor":2,"gold_loss":50},{"damage_healed":0,"gold_gain":0,"player_choice":"1 cards matched","damage_taken":0,"max_hp_gain":0,"max_hp_loss":0,"event_name":"Match and Keep!","floor":3,"gold_loss":0,"cards_obtained":["Zap"]},{"damage_healed":0,"gold_gain":0,"cards_transformed":["Zap","Defend_B"],"player_choice":"Became Test Subject","damage_taken":0,"max_hp_gain":0,"max_hp_loss":0,"event_name":"Drug Dealer","floor":19,"gold_loss":0,"cards_obtained":["Beam Cell","Conserve Battery"]},{"damage_healed":0,"gold_gain":0,"player_choice":"Ignored","damage_taken":0,"max_hp_gain":0,"max_hp_loss":0,"event_name":"Mysterious Sphere","floor":42,"gold_loss":0}],"is_beta":true,"boss_relics":[{"not_picked":["Sozu","Busted Crown"],"picked":"Inserter"},{"not_picked":["Lizard Tail","Coffee Dripper"],"picked":"Fusion Hammer"}],"items_purged_floors":[11,28,39],"is_endless":false,"potions_floor_spawned":[8,12,14,16,22,23,25,29,31,38,44],"killed_by":"The Heart","ascension_level":1}