{"gold_per_floor":[10,25,25,25,25,25,35,47,74,26,26,101,26,61,61,61],"floor_reached":16,"playtime":673,"items_purged":["Strike_R"],"score":98,"play_id":"7c85261e-5a68-44c2-9cbf-03ddc6e9f917","local_time":"20190203165050","is_ascension_mode":false,"campfire_choices":[{"data":"Iron Wave","floor":6,"key":"SMITH"},{"data":"True Grit","floor":11,"key":"SMITH"},{"data":"Cleave","floor":15,"key":"SMITH"}],"neow_cost":"NO_GOLD","seed_source_timestamp":400244893988434,"circlet_count":0,"master_deck":["Strike_R","Strike_R","Defend_R","Defend_R","Defend_R","Defend_R","Bash","Iron Wave+1","Armaments+1","True Grit+1","Cleave","Cleave+1"],"relics":["Burning Blood","Boot","Bag of Marbles"],"potions_floor_usage":[14,16,16],"damage_taken":[{"damage":1,"enemies":"Cultist","floor":1,"turns":4},{"damage":0,"enemies":"2 Louse","floor":2,"turns":3},{"damage":0,"enemies":"Small Slimes","floor":7,"turns":3},{"damage":5,"enemies":"Red Slaver","floor":8,"turns":6},{"damage":26,"enemies":"Lagavulin","floor":14,"turns":9},{"damage":58,"enemies":"Hexaghost","floor":16,"turns":15}],"seed_played":"3164558657019907190","potions_obtained":[{"floor":2,"key":"Dexterity Potion"},{"floor":7,"key":"EssenceOfSteel"}],"is_trial":false,"path_per_floor":["M","M","$","?","?","R","M","M","T","$","R","?","$","E","R","B"],"character_chosen":"IRONCLAD","items_purchased":["Dexterity Potion"],"campfire_rested":0,"item_purchase_floors":[10],"current_hp_per_floor":[80,80,80,85,85,85,85,85,85,85,85,74,74,54,54,0],"gold":61,"neow_bonus":"REMOVE_TWO","is_prod":false,"is_daily":false,"chose_seed":false,"campfire_upgraded":3,"win_rate":0.0,"timestamp":1549234250,"path_taken":["M","?","$","?","?","R","M","?","T","?","R","?","$","E","R","BOSS"],"build_version":"2019-01-23","purchased_purges":1,"victory":false,"max_hp_per_floor":[80,80,80,85,85,85,85,85,85,85,85,85,85,85,85,85],"card_choices":[{"not_picked":["Seeing Red","Fire Breathing"],"picked":"Iron Wave","floor":1},{"not_picked":["Anger","Infernal Blade"],"picked":"Armaments","floor":2},{"not_picked":["Burning Pact","Rage"],"picked":"True Grit","floor":7},{"not_picked":["Metallicize","Havoc"],"picked":"Cleave","floor":8},{"not_picked":["Reckless Charge","Flex"],"picked":"Cleave","floor":14}],"player_experience":112404,"relics_obtained":[{"floor":9,"key":"Boot"},{"floor":14,"key":"Bag of Marbles"}],"event_choices":[{"damage_healed":0,"gold_gain":0,"player_choice":"Donut","damage_taken":0,"max_hp_gain":5,"max_hp_loss":0,"event_name":"Big Fish","floor":4,"gold_loss":0},{"damage_healed":0,"gold_gain":0,"player_choice":"Upgraded","damage_taken":0,"max_hp_gain":0,"max_hp_loss":0,"event_name":"Upgrade Shrine","floor":5,"gold_loss":0,"cards_upgraded":["Armaments"]},{"damage_healed":0,"gold_gain":75,"player_choice":"Gather Gold","damage_taken":11,"max_hp_gain":0,"max_hp_loss":0,"event_name":"World of Goop","floor":12,"gold_loss":0}],"is_beta":false,"boss_relics":[],"items_purged_floors":[13],"is_endless":false,"potions_floor_spawned":[2,7],"killed_by":"Hexaghost","ascension_level":0}