{"gold_per_floor":[115,290,290,307,208,208,241,251,251,264,264,274,274,301,301,404,434,450,450,465,485,503,503,189,217,217,233,233,248,248,348,348,348],"floor_reached":33,"playtime":2143,"items_purged":["Strike_B","Regret"],"score":280,"play_id":"1ca25221-614b-4aec-878e-393f83dc6aff","local_time":"20180703102144","is_ascension_mode":true,"campfire_choices":[{"data":"Loop","floor":6,"key":"SMITH"},{"data":"Storm","floor":13,"key":"SMITH"},{"data":"Zap","floor":15,"key":"SMITH"},{"floor":23,"key":"REST"},{"data":"Storm","floor":30,"key":"SMITH"},{"data":"Loop","floor":32,"key":"SMITH"}],"neow_cost":"","seed_source_timestamp":529255883323738,"circlet_count":0,"master_deck":["Strike_B","Strike_B+1","Strike_B","Defend_B","Defend_B","Defend_B","Defend_B","Zap+1","Dualcast","Go for the Eyes","Loop+1","Cold Snap","Ball Lightning","Storm+1","Sweeping Beam","Thunder Strike","Ball Lightning","Force Field","Loop+1","Storm+1","Reboot"],"relics":["Cracked Core","Meat on the Bone","Gremlin Horn","Blue Candle","Anchor","Tiny House","Bag of Marbles","Dodecahedron","Mercury Hourglass"],"potions_floor_usage":[16,16,21,22,25,29,29,33,33],"damage_taken":[{"damage":1,"enemies":"Jaw Worm","floor":1,"turns":3},{"damage":0,"enemies":"Small Slimes","floor":4,"turns":3},{"damage":23,"enemies":"Gremlin Nob","floor":7,"turns":5},{"damage":1,"enemies":"Cultist","floor":8,"turns":3},{"damage":7,"enemies":"Blue Slaver","floor":10,"turns":2},{"damage":15,"enemies":"Large Slime","floor":12,"turns":4},{"damage":3,"enemies":"Slime Boss","floor":16,"turns":8},{"damage":26,"enemies":"2 Thieves","floor":18,"turns":3},{"damage":23,"enemies":"Shell Parasite","floor":20,"turns":5},{"damage":18,"enemies":"Cultist and Chosen","floor":21,"turns":4},{"damage":36,"enemies":"Slaver and Parasite","floor":22,"turns":7},{"damage":31,"enemies":"Slavers","floor":25,"turns":5},{"damage":11,"enemies":"3 Cultists","floor":27,"turns":4},{"damage":21,"enemies":"Snake Plant","floor":29,"turns":3},{"damage":40,"enemies":"Champ","floor":33,"turns":7}],"seed_played":"-5537020058097118660","potions_obtained":[{"floor":1,"key":"Swift Potion"},{"floor":7,"key":"SpeedPotion"},{"floor":8,"key":"FocusPotion"},{"floor":16,"key":"SneckoOil"},{"floor":17,"key":"FearPotion"},{"floor":18,"key":"Explosive Potion"},{"floor":21,"key":"Regen Potion"},{"floor":25,"key":"Regen Potion"},{"floor":27,"key":"Swift Potion"},{"floor":29,"key":"Fire Potion"}],"is_trial":false,"path_per_floor":["M","?","?","M","$","R","E","M","T","M","?","M","R","T","R","B",null,"M","?","M","M","M","R","$","E","T","M","?","M","R","?","R"],"character_chosen":"DEFECT","items_purchased":["Cold Snap","Storm","Bag of Marbles"],"campfire_rested":1,"item_purchase_floors":[5,24,24],"current_hp_per_floor":[74,74,67,67,67,67,44,43,43,48,48,45,45,45,45,42,80,54,54,43,37,28,52,52,33,33,34,34,30,30,30,30,0],"gold":348,"neow_bonus":"","is_prod":false,"is_daily":false,"chose_seed":false,"campfire_upgraded":5,"win_rate":0,"timestamp":1530577304,"path_taken":["M","?","?","M","$","R","E","?","T","M","?","?","R","?","R","BOSS","M","?","M","?","M","R","$","E","T","M","?","M","R","?","R","BOSS"],"build_version":"2018-06-28","purchased_purges":2,"victory":false,"max_hp_per_floor":[75,75,75,75,75,75,75,75,75,75,75,75,75,75,75,75,80,80,80,80,80,80,80,80,80,80,80,80,80,80,80,80,80],"card_choices":[{"not_picked":["Leap","Turbo"],"picked":"Go for the Eyes","floor":1},{"not_picked":["Heatsinks","Go for the Eyes"],"picked":"Loop","floor":4},{"not_picked":["Conserve Battery","Consume"],"picked":"Ball Lightning","floor":7},{"not_picked":["Hologram","Beam Cell","Leap"],"picked":"SKIP","floor":8},{"not_picked":["Redo","Gash"],"picked":"Storm","floor":10},{"not_picked":["Conserve Battery","Steam"],"picked":"Sweeping Beam","floor":12},{"not_picked":["Buffer","Rainbow"],"picked":"Thunder Strike","floor":16},{"not_picked":["Aggregate","Blizzard"],"picked":"Ball Lightning","floor":17},{"not_picked":["Beam Cell","Steam Power+1","Darkness"],"picked":"SKIP","floor":18},{"not_picked":["Genetic Algorithm","Compile Driver+1","Redo"],"picked":"SKIP","floor":20},{"not_picked":["Fusion","BootSequence+1"],"picked":"Force Field","floor":21},{"not_picked":["Tempest","Stack"],"picked":"Loop","floor":22},{"not_picked":["Glacier","Go for the Eyes","Doom and Gloom"],"picked":"SKIP","floor":25},{"not_picked":["Gash","Streamline","Hologram"],"picked":"SKIP","floor":27},{"not_picked":["Double Energy","Beam Cell"],"picked":"Reboot","floor":29}],"player_experience":435331,"relics_obtained":[{"floor":7,"key":"Meat on the Bone"},{"floor":9,"key":"Gremlin Horn"},{"floor":14,"key":"Anchor"},{"floor":25,"key":"Dodecahedron"},{"floor":26,"key":"Mercury Hourglass"}],"event_choices":[{"event_name":"Liars Game","player_choice":"agreed","floor":2,"damage_taken":0},{"event_name":"Golden Wing","player_choice":"Card Removal","floor":3,"damage_taken":0},{"event_name":"Big Fish","player_choice":"Box","floor":11,"damage_taken":0},{"event_name":"Vampires","player_choice":"Ignored","floor":19,"damage_taken":0},{"event_name":"The Lab","player_choice":"Got Potions","floor":28,"damage_taken":0},{"event_name":"Golden Shrine","player_choice":"Pray","floor":31,"damage_taken":0}],"boss_relics":[{"not_picked":["Philosopher\u0027s Stone","Coffee Dripper"],"picked":"Tiny House"}],"items_purged_floors":[5,24],"is_endless":false,"potions_floor_spawned":[1,7,8,12,16,18,21,25,27,29],"killed_by":"Champ","ascension_level":1}