{"gold_per_floor":[118,134,134,154,180,180,210,210,263,263,283,298,298,327,327,399,399,412,412,462,61,79,79,106,123,123,123,149,149,160,170,170,242,242,254,5,23,78,78],"floor_reached":39,"playtime":1668,"items_purged":["Defend_B"],"score":716,"play_id":"d96f7957-3c17-45c2-a2e4-52d54a4034a0","local_time":"20181218164948","is_ascension_mode":true,"campfire_choices":[{"data":"Zap","floor":6.0,"key":"SMITH"},{"floor":8.0,"key":"REST"},{"floor":10.0,"key":"REST"},{"floor":15.0,"key":"REST"},{"data":"Defragment","floor":23.0,"key":"SMITH"},{"floor":27.0,"key":"REST"},{"floor":29.0,"key":"REST"},{"floor":32.0,"key":"REST"}],"neow_cost":"NONE","seed_source_timestamp":0,"circlet_count":0,"master_deck":["AscendersBane","Strike_B+1","Strike_B+1","Defend_B","Defend_B","Defend_B","Zap+1","Dualcast","BootSequence","Defragment+1","Coolheaded","Ball Lightning","Echo Form","Leap","Capacitor","Biased Cognition","Self Repair","Amplify+1","Cold Snap","Loop","Coolheaded+1","White Noise+1","Seek+1","Hologram+1","Gash","White Noise+1"],"special_seed":0,"relics":["Cracked Core","Whetstone","Ancient Tea Set","Ornamental Fan","Boot","Centennial Puzzle","Runic Pyramid","Toxic Egg 2","Pantograph","Omamori","Red Mask","Lizard Tail","Tiny Chest","StoneCalendar"],"potions_floor_usage":[],"damage_taken":[{"damage":2.0,"enemies":"Jaw Worm","floor":1.0,"turns":3.0},{"damage":1.0,"enemies":"Cultist","floor":2.0,"turns":4.0},{"damage":0.0,"enemies":"2 Louse","floor":4.0,"turns":2.0},{"damage":53.0,"enemies":"Gremlin Nob","floor":7.0,"turns":5.0},{"damage":8.0,"enemies":"Exordium Thugs","floor":11.0,"turns":4.0},{"damage":1.0,"enemies":"Looter","floor":12.0,"turns":3.0},{"damage":0.0,"enemies":"Lagavulin","floor":14.0,"turns":6.0},{"damage":22.0,"enemies":"Hexaghost","floor":16.0,"turns":11.0},{"damage":19.0,"enemies":"2 Thieves","floor":18.0,"turns":4.0},{"damage":8.0,"enemies":"Shell Parasite","floor":22.0,"turns":5.0},{"damage":72.0,"enemies":"Slavers","floor":24.0,"turns":6.0},{"damage":0.0,"enemies":"3 Cultists","floor":25.0,"turns":6.0},{"damage":40.0,"enemies":"Masked Bandits","floor":28.0,"turns":5.0},{"damage":23.0,"enemies":"Snake Plant","floor":30.0,"turns":3.0},{"damage":8.0,"enemies":"Cultist and Chosen","floor":31.0,"turns":6.0},{"damage":10.0,"enemies":"Collector","floor":33.0,"turns":8.0},{"damage":16.0,"enemies":"3 Shapes","floor":35.0,"turns":5.0},{"damage":8.0,"enemies":"Orb Walker","floor":37.0,"turns":5.0},{"damage":69.0,"enemies":"2 Orb Walkers","floor":38.0,"turns":7.0},{"damage":0,"enemies":"Transient","floor":39,"turns":1}],"seed_played":"-2196235305383340608","potions_obtained":[{"floor":7.0,"key":"Block Potion"},{"floor":11.0,"key":"SteroidPotion"},{"floor":14.0,"key":"Ancient Potion"},{"floor":18.0,"key":"Poison Potion"},{"floor":28.0,"key":"PowerPotion"},{"floor":33.0,"key":"Ancient Potion"},{"floor":37.0,"key":"GamblersBrew"}],"is_trial":false,"path_per_floor":["M","M","?","M","T","R","E","R","T","R","M","M","?","E","R","B",null,"M","?","?","$","M","R","E","M","T","R","?","R","M","M","R","B",null,"M","$","M","?","M"],"character_chosen":"DEFECT","items_purchased":["Toxic Egg 2","Amplify+1","Cold Snap","Tiny Chest","Gash"],"campfire_rested":6,"item_purchase_floors":[21,21,21,36,36],"current_hp_per_floor":[66,65,58,58,58,58,5,27,27,49,41,40,40,40,62,40,66,47,72,72,72,75,75,17,24,24,46,13,35,12,11,33,62,72,70,70,75,13,13],"gold":78,"neow_bonus":"RANDOM_COMMON_RELIC","is_prod":false,"is_daily":false,"chose_seed":false,"campfire_upgraded":2,"win_rate":0,"timestamp":1545176988,"path_taken":["M","M","?","M","?","R","E","R","T","R","M","?","?","E","R","BOSS","M","?","?","$","?","R","E","M","T","R","?","R","M","M","R","BOSS","M","$","M","?","M"],"build_version":"2018-12-13","purchased_purges":1,"victory":false,"max_hp_per_floor":[75,75,75,75,75,75,75,75,75,75,75,75,75,75,75,75,75,75,75,75,75,75,75,75,75,75,75,75,75,75,75,75,75,75,75,75,75,75,75],"card_choices":[{"not_picked":["Rebound","Sweeping Beam"],"picked":"BootSequence","floor":1.0},{"not_picked":["Beam Cell","Cold Snap"],"picked":"Defragment","floor":2.0},{"not_picked":["Cold Snap","Reinforced Body"],"picked":"Coolheaded","floor":4.0},{"not_picked":["Redo","Streamline"],"picked":"Ball Lightning","floor":7.0},{"not_picked":["Beam Cell","Steam"],"picked":"Echo Form","floor":11.0},{"not_picked":["Streamline","Redo"],"picked":"Leap","floor":12.0},{"not_picked":["Sweeping Beam","Rebound"],"picked":"Capacitor","floor":14.0},{"not_picked":["Core Surge","Echo Form"],"picked":"Biased Cognition","floor":16.0},{"not_picked":["Rebound","Turbo"],"picked":"Self Repair","floor":18.0},{"not_picked":["Redo+1","Steam+1"],"picked":"Loop","floor":22.0},{"not_picked":["Seek+1","Loop"],"picked":"Coolheaded+1","floor":24.0},{"not_picked":["Conserve Battery+1","Self Repair"],"picked":"White Noise+1","floor":25.0},{"not_picked":["Gash","Double Energy+1","Lockon"],"picked":"SKIP","floor":30.0},{"not_picked":["Gash","Skim+1","Steam+1"],"picked":"SKIP","floor":31.0},{"not_picked":["Multi-Cast+1","Echo Form"],"picked":"Seek+1","floor":33.0},{"not_picked":["Force Field+1","Auto Shields+1"],"picked":"Hologram+1","floor":35.0},{"not_picked":["Sweeping Beam","Conserve Battery+1","Chill+1"],"picked":"SKIP","floor":37.0},{"not_picked":["Redo+1","Tempest+1"],"picked":"White Noise+1","floor":38.0}],"player_experience":706747,"relics_obtained":[{"floor":5.0,"key":"Ancient Tea Set"},{"floor":7.0,"key":"Ornamental Fan"},{"floor":9.0,"key":"Boot"},{"floor":14.0,"key":"Centennial Puzzle"},{"floor":24.0,"key":"Pantograph"},{"floor":26.0,"key":"Omamori"},{"floor":28.0,"key":"Red Mask"},{"floor":38.0,"key":"StoneCalendar"}],"event_choices":[{"cards_removed":["Strike_B"],"damage_healed":0.0,"max_hp_gain":0.0,"max_hp_loss":0.0,"gold_gain":0.0,"event_name":"Golden Wing","player_choice":"Card Removal","floor":3.0,"gold_loss":0.0,"damage_taken":7.0},{"cards_removed":["Strike_B"],"damage_healed":0.0,"max_hp_gain":0.0,"max_hp_loss":0.0,"gold_gain":0.0,"event_name":"Purifier","player_choice":"Purged","floor":13.0,"gold_loss":0.0,"damage_taken":0.0},{"damage_healed":25.0,"max_hp_gain":0.0,"max_hp_loss":0.0,"gold_gain":0.0,"event_name":"The Library","player_choice":"Heal","floor":19.0,"gold_loss":0.0,"damage_taken":0.0},{"damage_healed":0.0,"max_hp_gain":0.0,"max_hp_loss":0.0,"gold_gain":100.0,"event_name":"The Joust","player_choice":"Bet on Murderer","floor":20.0,"gold_loss":50.0,"damage_taken":0.0},{"damage_healed":0.0,"max_hp_gain":0.0,"max_hp_loss":0.0,"gold_gain":0.0,"event_name":"Masked Bandits","player_choice":"Fought Bandits","floor":28.0,"gold_loss":0.0,"damage_taken":0.0},{"damage_healed":0.0,"max_hp_gain":0.0,"max_hp_loss":0.0,"gold_gain":0.0,"event_name":"Mysterious Sphere","player_choice":"Fight","floor":38.0,"gold_loss":0.0,"damage_taken":0.0}],"is_beta":false,"boss_relics":[{"not_picked":["Fusion Hammer","Busted Crown"],"picked":"Runic Pyramid"},{"not_picked":["White Beast Statue","Snecko Eye"],"picked":"Lizard Tail"}],"items_purged_floors":[36],"is_endless":false,"potions_floor_spawned":[7,11,14,18,28,30,31,33,37],"killed_by":"Transient","ascension_level":13}