{"gold_per_floor":[115,127,127,127,139,139,154,169,196,346,377,377,401,416,416,416],"floor_reached":16,"playtime":527,"items_purged":[],"score":204,"play_id":"b581ac95-70b6-4211-b0dd-452e8aef43f0","local_time":"20181212093316","is_ascension_mode":true,"campfire_choices":[{"floor":6,"key":"REST"},{"data":"Pommel Strike","floor":12,"key":"SMITH"},{"floor":15,"key":"REST"}],"neow_cost":"PERCENT_DAMAGE","seed_source_timestamp":135866807820673,"circlet_count":0,"master_deck":["AscendersBane","Strike_R","Strike_R","Strike_R","Strike_R","Strike_R+1","Defend_R","Defend_R+1","Defend_R","Defend_R","Bash+1","Pommel Strike+1","Headbutt+1","Sentinel","Shrug It Off","Doubt","Pommel Strike+1","True Grit"],"relics":["Burning Blood","Nunchaku","Whetstone","Strawberry","Odd Mushroom"],"potions_floor_usage":[8,11,13,16,16],"damage_taken":[{"damage":14,"enemies":"Jaw Worm","floor":1,"turns":5},{"damage":10,"enemies":"2 Louse","floor":2,"turns":2},{"damage":6,"enemies":"Cultist","floor":5,"turns":3},{"damage":4,"enemies":"2 Fungi Beasts","floor":7,"turns":4},{"damage":0,"enemies":"Looter","floor":8,"turns":2},{"damage":17,"enemies":"Lagavulin","floor":11,"turns":5},{"damage":23,"enemies":"The Mushroom Lair","floor":13,"turns":5},{"damage":13,"enemies":"3 Louse","floor":14,"turns":4},{"damage":19,"enemies":"The Guardian","floor":16,"turns":8}],"seed_played":"-9057202984367910237","potions_obtained":[{"floor":1,"key":"Block Potion"},{"floor":7,"key":"SkillPotion"},{"floor":11,"key":"SkillPotion"},{"floor":13,"key":"Block Potion"},{"floor":14,"key":"LiquidBronze"}],"is_trial":false,"path_per_floor":["M","M","?","?","M","R","M","M","T","?","E","R","?","M","R","B"],"character_chosen":"IRONCLAD","items_purchased":[],"campfire_rested":2,"item_purchase_floors":[],"current_hp_per_floor":[42,38,15,15,15,37,39,45,45,45,41,41,24,17,41,22],"gold":416,"neow_bonus":"ONE_RARE_RELIC","is_prod":false,"is_daily":false,"chose_seed":false,"campfire_upgraded":1,"win_rate":0,"timestamp":1544632396,"path_taken":["M","M","?","?","M","R","?","M","T","?","E","R","?","M","R","BOSS"],"build_version":"2018-12-06","purchased_purges":0,"victory":false,"max_hp_per_floor":[75,75,75,75,75,75,75,75,75,75,82,82,82,82,82,82],"card_choices":[{"not_picked":["Uppercut","Wild Strike"],"picked":"Pommel Strike","floor":1},{"not_picked":["Thunderclap","Anger"],"picked":"Headbutt","floor":2},{"not_picked":["Battle Trance","Dual Wield","Berserk"],"picked":"SKIP","floor":5},{"not_picked":["Twin Strike","Evolve"],"picked":"Sentinel","floor":7},{"not_picked":["Headbutt","Thunderclap"],"picked":"Shrug It Off","floor":8},{"not_picked":["Headbutt","Rupture"],"picked":"Pommel Strike","floor":11},{"not_picked":["Rage","Battle Trance"],"picked":"True Grit","floor":13},{"not_picked":["Thunderclap","Headbutt","Fire Breathing"],"picked":"SKIP","floor":14}],"player_experience":604820,"relics_obtained":[{"floor":9,"key":"Whetstone"},{"floor":11,"key":"Strawberry"},{"floor":13,"key":"Odd Mushroom"}],"event_choices":[{"damage_healed":0,"gold_gain":0,"player_choice":"Entered Light","damage_taken":23,"max_hp_gain":0,"max_hp_loss":0,"event_name":"Shining Light","floor":3,"gold_loss":0,"cards_upgraded":["Strike_R","Defend_R"]},{"damage_healed":0,"gold_gain":0,"player_choice":"Forge","damage_taken":0,"max_hp_gain":0,"max_hp_loss":0,"event_name":"Accursed Blacksmith","floor":4,"gold_loss":0,"cards_upgraded":["Bash"]},{"damage_healed":0,"gold_gain":150,"player_choice":"AGREE","damage_taken":0,"max_hp_gain":0,"max_hp_loss":0,"event_name":"Liars Game","floor":10,"gold_loss":0,"cards_obtained":["Doubt"]},{"damage_healed":0,"gold_gain":0,"player_choice":"Fought Mushrooms","damage_taken":0,"max_hp_gain":0,"max_hp_loss":0,"event_name":"Mushrooms","floor":13,"gold_loss":0}],"is_beta":false,"boss_relics":[],"items_purged_floors":[],"is_endless":false,"potions_floor_spawned":[1,7,11,13,14],"killed_by":"The Guardian","ascension_level":20}