{"gold_per_floor":[109,119,85,105,79,107,107,107,107,125,149,160,160,191,191,287,287,272,187,202,218,218,249,261,273],"floor_reached":25,"playtime":1371,"items_purged":[],"score":408,"play_id":"5d0e1f1f-4b44-4758-988c-20a511b53485","local_time":"20190205143438","is_ascension_mode":true,"campfire_choices":[{"data":"Neutralize","floor":7,"key":"SMITH"},{"floor":15,"key":"REST"}],"neow_cost":"NONE","seed_source_timestamp":100816558058253,"circlet_count":0,"master_deck":["Defend_G","Defend_G","Strike_G","Strike_G","Strike_G","Strike_G","Survivor","Neutralize+1","Flying Knee","Well Laid Plans","Masterful Stab","Dagger Spray","Poisoned Stab","Terror","Quick Slash","Slice","Cloak And Dagger","After Image","Night Terror+1","Envenom+1","After Image+1","Sucker Punch","Backflip","Caltrops","Ghostly","Ghostly","Ghostly","Ghostly","Ghostly","Dagger Throw"],"relics":["Ring of the Snake","NeowsBlessing","Mercury Hourglass","Shuriken","Odd Mushroom","Question Card","Astrolabe","Tingsha","MawBank"],"potions_floor_usage":[6,14,18,25,25],"damage_taken":[{"damage":0,"enemies":"Cultist","floor":1,"turns":1},{"damage":0,"enemies":"2 Louse","floor":2,"turns":1},{"damage":0,"enemies":"Jaw Worm","floor":4,"turns":1},{"damage":30,"enemies":"Lagavulin","floor":6,"turns":7},{"damage":1,"enemies":"3 Louse","floor":10,"turns":2},{"damage":1,"enemies":"The Mushroom Lair","floor":11,"turns":3},{"damage":0,"enemies":"2 Fungi Beasts","floor":12,"turns":2},{"damage":0,"enemies":"3 Sentries","floor":14,"turns":5},{"damage":0,"enemies":"Slime Boss","floor":16,"turns":6},{"damage":11,"enemies":"2 Thieves","floor":18,"turns":4},{"damage":9,"enemies":"Shell Parasite","floor":20,"turns":5},{"damage":6,"enemies":"Centurion and Healer","floor":21,"turns":6},{"damage":32,"enemies":"Gremlin Leader","floor":23,"turns":7},{"damage":3,"enemies":"Chosen and Byrds","floor":25,"turns":1}],"seed_played":"1917484232752363708","potions_obtained":[{"floor":2,"key":"Dexterity Potion"},{"floor":11,"key":"PowerPotion"},{"floor":16,"key":"SpeedPotion"},{"floor":21,"key":"Dexterity Potion"},{"floor":23,"key":"Swift Potion"}],"is_trial":false,"path_per_floor":["M","M","$","M","$","E","R","?","T","M","?","M","?","E","R","B",null,"M","?","M","M","?","E","$","M"],"character_chosen":"THE_SILENT","items_purchased":["Masterful Stab","Poisoned Stab"],"campfire_rested":1,"item_purchase_floors":[3,5],"current_hp_per_floor":[70,70,70,70,70,40,40,40,40,39,38,38,38,38,59,59,67,56,56,47,41,35,3,3,0],"gold":273,"neow_bonus":"THREE_ENEMY_KILL","is_prod":false,"is_daily":false,"chose_seed":false,"campfire_upgraded":1,"win_rate":0,"timestamp":1549355678,"path_taken":["M","?","$","M","?","E","R","?","T","?","?","M","?","E","R","BOSS","M","?","M","M","?","E","$","M"],"build_version":"2019-01-23","purchased_purges":0,"victory":false,"max_hp_per_floor":[70,70,70,70,70,70,70,70,70,70,70,70,70,70,70,70,70,70,70,70,70,35,35,35,35],"card_choices":[{"not_picked":["Concentrate","Deadly Poison"],"picked":"Flying Knee","floor":1},{"not_picked":["Underhanded Strike","Backflip"],"picked":"Well Laid Plans","floor":2},{"not_picked":["Dodge and Roll","Deadly Poison"],"picked":"Dagger Spray","floor":4},{"not_picked":["Eviscerate","Predator","Poisoned Stab"],"picked":"SKIP","floor":6},{"not_picked":["Flying Knee","Dodge and Roll"],"picked":"Terror","floor":10},{"not_picked":["Flying Knee","Blade Dance"],"picked":"Quick Slash","floor":11},{"not_picked":["Distraction","Bane"],"picked":"Slice","floor":12},{"not_picked":["Accuracy","Dash"],"picked":"Cloak And Dagger","floor":14},{"not_picked":["Tools of the Trade","Venomology","Phantasmal Killer"],"picked":"After Image","floor":16},{"not_picked":["PiercingWail","Terror+1","Poisoned Stab+1"],"picked":"Sucker Punch","floor":18},{"not_picked":["Slice+1","Flechettes","Deadly Poison+1"],"picked":"Backflip","floor":20},{"not_picked":["Prepared+1","Outmaneuver","PiercingWail"],"picked":"Caltrops","floor":21},{"not_picked":["Blur","Deflect","Flying Knee"],"picked":"Dagger Throw","floor":23}],"player_experience":729622,"relics_obtained":[{"floor":6,"key":"Mercury Hourglass"},{"floor":9,"key":"Shuriken"},{"floor":11,"key":"Odd Mushroom"},{"floor":14,"key":"Question Card"},{"floor":23,"key":"MawBank"}],"event_choices":[{"cards_removed":["Strike_G"],"damage_healed":0,"gold_gain":0,"player_choice":"Purged","damage_taken":0,"max_hp_gain":0,"max_hp_loss":0,"event_name":"Purifier","floor":8,"gold_loss":0},{"damage_healed":0,"gold_gain":0,"player_choice":"Fought Mushrooms","damage_taken":0,"max_hp_gain":0,"max_hp_loss":0,"event_name":"Mushrooms","floor":11,"gold_loss":0},{"damage_healed":0,"gold_gain":0,"player_choice":"Ignored","damage_taken":0,"max_hp_gain":0,"max_hp_loss":0,"event_name":"Liars Game","floor":13,"gold_loss":0},{"damage_healed":0,"gold_gain":0,"player_choice":"Obtained Relic","damage_taken":0,"relics_obtained":["Tingsha"],"max_hp_gain":0,"max_hp_loss":0,"event_name":"Addict","floor":19,"gold_loss":85},{"damage_healed":0,"gold_gain":0,"player_choice":"Became a Ghost","damage_taken":0,"max_hp_gain":0,"max_hp_loss":35,"event_name":"Ghosts","floor":22,"gold_loss":0,"cards_obtained":["Ghostly","Ghostly","Ghostly","Ghostly","Ghostly"]}],"is_beta":false,"boss_relics":[{"not_picked":["Empty Cage","Coffee Dripper"],"picked":"Astrolabe"}],"items_purged_floors":[],"is_endless":false,"potions_floor_spawned":[2,11,16,21,23],"killed_by":"Chosen and Byrds","ascension_level":5}