{"gold_per_floor":[109,109,109,259,277,277,320,320,347,15,48,71,115,136,136,136],"floor_reached":16,"playtime":1178,"items_purged":["Normality"],"score":216,"play_id":"bbb6d1bf-832c-43f9-9c02-ce79ee870097","local_time":"20190206195930","is_ascension_mode":true,"campfire_choices":[{"floor":6.0,"key":"REST"},{"floor":8.0,"key":"REST"},{"floor":15,"key":"REST"}],"neow_cost":"CURSE","seed_source_timestamp":199799787873254,"circlet_count":0,"master_deck":["AscendersBane","Strike_R","Strike_R","Strike_R","Strike_R+1","Strike_R","Defend_R","Defend_R","Defend_R+1","Defend_R","Bash","Metallicize","Doubt","Armaments","Reaper","Inflame","Shrug It Off","Offering","Iron Wave"],"special_seed":0,"relics":["Burning Blood","WingedGreaves","Golden Idol","Lantern","Ancient Tea Set","Toolbox","Odd Mushroom","The Courier"],"potions_floor_usage":[13,13],"damage_taken":[{"damage":9.0,"enemies":"2 Louse","floor":1.0,"turns":2.0},{"damage":9.0,"enemies":"Jaw Worm","floor":5.0,"turns":5.0},{"damage":52.0,"enemies":"Gremlin Nob","floor":7.0,"turns":6.0},{"damage":38.0,"enemies":"The Mushroom Lair","floor":11.0,"turns":6.0},{"damage":1.0,"enemies":"Small Slimes","floor":12.0,"turns":4.0},{"damage":30,"enemies":"3 Sentries","floor":13,"turns":13},{"damage":6,"enemies":"Looter","floor":14,"turns":3},{"damage":42,"enemies":"The Guardian","floor":16,"turns":10}],"seed_played":"2195924669509910020","potions_obtained":[{"floor":7.0,"key":"Dexterity Potion"},{"floor":12.0,"key":"Dexterity Potion"},{"floor":14,"key":"FairyPotion"}],"is_trial":false,"path_per_floor":["M","?","?","?","M","R","E","R","T","$","?","M","E","M","R","B"],"character_chosen":"IRONCLAD","items_purchased":["Inflame","Toolbox"],"campfire_rested":3,"item_purchase_floors":[10,10],"current_hp_per_floor":[65,42,42,42,39,59,13,33,33,33,16,29,17,23,43,7],"gold":136,"neow_bonus":"ONE_RARE_RELIC","is_prod":false,"is_daily":false,"chose_seed":false,"campfire_upgraded":0,"win_rate":0,"timestamp":1549508370,"path_taken":["M","?","?","?","M","R","E","R","T","$","?","?","E","M","R","BOSS"],"build_version":"2019-01-23","purchased_purges":1,"victory":false,"max_hp_per_floor":[75,75,68,68,68,68,68,68,68,68,68,68,68,68,68,68],"card_choices":[{"not_picked":["Havoc","Pummel"],"picked":"Metallicize","floor":1.0},{"not_picked":["Evolve","Fire Breathing"],"picked":"Armaments","floor":5.0},{"not_picked":["Seeing Red","Twin Strike"],"picked":"Reaper","floor":7.0},{"not_picked":["Dropkick","Power Through"],"picked":"Shrug It Off","floor":11.0},{"not_picked":["Twin Strike","Rampage","Second Wind"],"picked":"SKIP","floor":12.0},{"not_picked":["Flex","Iron Wave"],"picked":"Offering","floor":13},{"not_picked":["Thunderclap","Flex"],"picked":"Iron Wave","floor":14}],"player_experience":769851,"relics_obtained":[{"floor":7.0,"key":"Lantern"},{"floor":9.0,"key":"Ancient Tea Set"},{"floor":11.0,"key":"Odd Mushroom"},{"floor":13,"key":"The Courier"}],"event_choices":[{"damage_healed":0.0,"max_hp_gain":0.0,"max_hp_loss":0.0,"gold_gain":0.0,"event_name":"Shining Light","player_choice":"Entered Light","floor":2.0,"gold_loss":0.0,"damage_taken":23.0,"cards_upgraded":["Defend_R","Strike_R"]},{"damage_healed":0.0,"max_hp_gain":0.0,"max_hp_loss":7.0,"gold_gain":0.0,"event_name":"Golden Idol","player_choice":"Lose Max HP","floor":3.0,"gold_loss":0.0,"damage_taken":0.0,"relics_obtained":["Golden Idol"]},{"damage_healed":0.0,"max_hp_gain":0.0,"max_hp_loss":0.0,"gold_gain":150.0,"event_name":"Liars Game","player_choice":"AGREE","floor":4.0,"gold_loss":0.0,"damage_taken":0.0,"cards_obtained":["Doubt"]},{"damage_healed":0.0,"max_hp_gain":0.0,"max_hp_loss":0.0,"gold_gain":0.0,"event_name":"Mushrooms","player_choice":"Fought Mushrooms","floor":11.0,"gold_loss":0.0,"damage_taken":0.0}],"is_beta":false,"boss_relics":[],"items_purged_floors":[10],"is_endless":false,"potions_floor_spawned":[7,12,14],"killed_by":"The Guardian","ascension_level":20}