{"path_per_floor":["M","?","?","M","M","E","M","M","T","R","$","R","M","T","R","B",null,"M","$","M","?","M","R","M","?","T","M","R","M","R","M","R"],"character_chosen":"IRONCLAD","items_purchased":["Metallicize"],"gold_per_floor":[115,115,115,135,149,177,187,198,198,198,86,86,105,105,105,203,203,221,121,135,135,153,153,173,123,147,165,165,185,185,204,204,204],"floor_reached":33,"campfire_rested":4,"playtime":3386,"current_hp_per_floor":[72,72,58,64,70,38,29,35,35,56,56,56,50,50,71,36,72,59,59,60,60,53,53,44,44,44,44,65,51,51,41,62,0],"items_purged":["Strike_R","Strike_R"],"gold":204,"score":251,"play_id":"9bc73078-d0bd-4296-8ad3-46934c418cf7","local_time":"20180502223728","is_prod":false,"is_daily":false,"chose_seed":false,"is_ascension_mode":false,"campfire_upgraded":3,"timestamp":1525293448,"path_taken":["M","?","?","?","M","E","M","M","T","R","?","R","M","?","R","BOSS","M","$","M","?","M","R","M","?","T","M","R","M","R","M","R","BOSS"],"build_version":"2018-04-28v2","seed_source_timestamp":0,"purchased_purges":2,"victory":false,"master_deck":["Strike_R+1","Strike_R","Strike_R","Defend_R","Defend_R","Defend_R","Defend_R","Bash","Combust+1","Battle Trance+1","Armaments+1","Double Tap","Armaments+1","True Grit+1","Metallicize","Pommel Strike+1","Berserk","Headbutt+1","Battle Trance","Shrug It Off","Ghostly Armor+1","Impervious","Evolve+1","Warcry+1"],"max_hp_per_floor":[72,72,72,72,72,72,72,72,72,72,72,72,72,72,72,72,72,72,72,72,72,72,72,72,72,72,72,72,72,72,72,72,72],"relics":["Burning Blood","Charon\u0027s Ashes","Bag of Preparation","War Paint","Darkstone Periapt","Mark of Pain","Oddly Smooth Stone"],"card_choices":[{"not_picked":["Seeing Red","Cleave"],"picked":"Combust","floor":1.0},{"not_picked":["Dropkick","Fire Breathing"],"picked":"Armaments","floor":4.0},{"not_picked":["Offering","Second Wind"],"picked":"Double Tap","floor":6.0},{"not_picked":["Havoc","Headbutt"],"picked":"Armaments","floor":7.0},{"not_picked":["Corruption","Infernal Blade"],"picked":"True Grit","floor":8.0},{"not_picked":["Sword Boomerang","Clothesline"],"picked":"Pommel Strike","floor":13.0},{"not_picked":["Fiend Fire","Double Tap"],"picked":"Berserk","floor":16.0},{"not_picked":["Hemokinesis","Anger"],"picked":"Headbutt","floor":18.0},{"not_picked":["Sword Boomerang","Offering"],"picked":"Battle Trance","floor":20.0},{"not_picked":["Havoc","Flex"],"picked":"Shrug It Off","floor":22.0},{"not_picked":["Perfected Strike","Flex"],"picked":"Ghostly Armor","floor":24.0},{"not_picked":["Dropkick","Heavy Blade"],"picked":"Impervious","floor":27.0},{"not_picked":["Disarm","Fire Breathing"],"picked":"Evolve","floor":29},{"not_picked":["Thunderclap","Heavy Blade"],"picked":"Warcry","floor":31}],"player_experience":31058,"potions_floor_usage":[29],"damage_taken":[{"damage":5.0,"enemies":"Cultist","floor":1.0,"turns":4.0},{"damage":0.0,"enemies":"Small Slimes","floor":4.0,"turns":4.0},{"damage":0.0,"enemies":"2 Louse","floor":5.0,"turns":3.0},{"damage":38.0,"enemies":"Lagavulin","floor":6.0,"turns":8.0},{"damage":15.0,"enemies":"Large Slime","floor":7.0,"turns":5.0},{"damage":0.0,"enemies":"Red Slaver","floor":8.0,"turns":6.0},{"damage":12.0,"enemies":"Exordium Thugs","floor":13.0,"turns":6.0},{"damage":41.0,"enemies":"The Guardian","floor":16.0,"turns":16.0},{"damage":19.0,"enemies":"Spheric Guardian","floor":18.0,"turns":8.0},{"damage":5.0,"enemies":"Shell Parasite","floor":20.0,"turns":8.0},{"damage":13.0,"enemies":"Sentry and Sphere","floor":22.0,"turns":6.0},{"damage":15.0,"enemies":"Chosen and Byrds","floor":24.0,"turns":5.0},{"damage":6.0,"enemies":"Centurion and Healer","floor":27.0,"turns":6.0},{"damage":20,"enemies":"Snake Plant","floor":29,"turns":7},{"damage":16,"enemies":"Snecko","floor":31,"turns":7},{"damage":75,"enemies":"Champ","floor":33,"turns":13}],"event_choices":[{"event_name":"Match and Keep!","player_choice":"1 cards matched","floor":2.0,"damage_taken":0.0},{"event_name":"Shining Light","player_choice":"Entered Light","floor":3.0,"damage_taken":0.0},{"event_name":"Upgrade Shrine","player_choice":"Upgraded","floor":21.0,"damage_taken":0.0},{"event_name":"The Joust","player_choice":"Bet on Murderer","floor":25.0,"damage_taken":0.0}],"boss_relics":[],"potions_floor_spawned":[1,5,7,20,27],"seed_played":"8306699300547673506","killed_by":"Champ","ascension_level":0,"is_trial":false}