{"gold_per_floor":[119,119,119,17,27,27,61,23,23,52,63,63,63,82,82,160,160,160,160,160,119,119,119,119,119,119,119,119],"floor_reached":28,"playtime":1664,"items_purged":["Regret"],"score":502,"play_id":"81dd6fc3-1cae-49d5-bf69-dfb4829ce723","local_time":"20181119180028","is_ascension_mode":true,"campfire_choices":[{"data":"Chaos","floor":6,"key":"SMITH"},{"data":"Hologram","floor":13,"key":"SMITH"},{"data":"Zap","floor":15,"key":"SMITH"},{"floor":24,"key":"REST"},{"floor":27,"key":"REST"}],"neow_cost":"NONE","seed_source_timestamp":79217013410903,"circlet_count":0,"master_deck":["AscendersBane","Strike_B","Strike_B","Strike_B","Strike_B","Defend_B","Defend_B","Defend_B","Defend_B","Zap+1","Dualcast","Hologram+1","Go for the Eyes","Chaos+1","Seek","Capacitor","Stack+1","Compile Driver","Multi-Cast+1","Redo+1","Loop","Skim+1"],"relics":["Cracked Core","NeowsBlessing","Matryoshka","Art of War","Pear","Cables","Toxic Egg 2","Ectoplasm","Nilry\u0027s Codex","Old Coin","Ancient Tea Set","MawBank","Darkstone Periapt"],"potions_floor_usage":[16,18,23,23],"damage_taken":[{"damage":0,"enemies":"Small Slimes","floor":1,"turns":1},{"damage":0,"enemies":"Jaw Worm","floor":5,"turns":1},{"damage":0,"enemies":"Gremlin Nob","floor":7,"turns":1},{"damage":11,"enemies":"Lagavulin","floor":10,"turns":5},{"damage":0,"enemies":"Cultist","floor":11,"turns":4},{"damage":18,"enemies":"Lots of Slimes","floor":14,"turns":4},{"damage":37,"enemies":"Slime Boss","floor":16,"turns":8},{"damage":0,"enemies":"3 Byrds","floor":18,"turns":1},{"damage":3,"enemies":"Chosen","floor":19,"turns":4},{"damage":23,"enemies":"Gremlin Leader","floor":23,"turns":9},{"damage":23,"enemies":"Book of Stabbing","floor":25,"turns":4},{"damage":50,"enemies":"Gremlin Leader","floor":28,"turns":4}],"seed_played":"1651343043678783609","potions_obtained":[{"floor":11,"key":"FearPotion"},{"floor":14,"key":"SkillPotion"},{"floor":16,"key":"SkillPotion"},{"floor":18,"key":"Poison Potion"},{"floor":19,"key":"Fire Potion"}],"is_trial":false,"path_per_floor":["M","?","?","$","M","R","E","$","T","E","M","?","R","M","R","B",null,"M","M","?","$","?","E","R","E","T","R","E"],"character_chosen":"DEFECT","items_purchased":["Go for the Eyes","Capacitor","Loop"],"campfire_rested":2,"item_purchase_floors":[4,8,21],"current_hp_per_floor":[64,64,71,71,71,71,71,71,81,70,70,70,70,52,52,15,65,65,62,62,62,41,18,42,19,19,43,0],"gold":119,"neow_bonus":"THREE_ENEMY_KILL","is_prod":false,"is_daily":false,"chose_seed":false,"campfire_upgraded":3,"win_rate":0,"timestamp":1542610828,"path_taken":["M","?","?","$","?","R","E","?","T","E","M","?","R","M","R","BOSS","M","M","?","$","?","E","R","E","T","R","E"],"build_version":"2018-11-15","purchased_purges":1,"victory":false,"max_hp_per_floor":[71,71,71,71,71,71,71,71,81,81,81,81,81,81,81,81,81,81,81,81,81,81,81,81,81,81,81,81],"card_choices":[{"not_picked":["Conserve Battery","Stack"],"picked":"Hologram","floor":1},{"not_picked":["Beam Cell","Redo"],"picked":"Chaos","floor":5},{"not_picked":["Meteor Strike","Compile Driver"],"picked":"Seek","floor":7},{"not_picked":["Static Discharge","Cold Snap","Force Field"],"picked":"SKIP","floor":10},{"not_picked":["Barrage","Leap+1"],"picked":"Stack+1","floor":11},{"not_picked":["Go for the Eyes","Amplify+1"],"picked":"Compile Driver","floor":14},{"not_picked":["Hyperbeam","Amplify+1"],"picked":"Multi-Cast+1","floor":16},{"not_picked":["Capacitor","Genetic Algorithm+1"],"picked":"Redo+1","floor":18},{"not_picked":["Sweeping Beam","Go for the Eyes","Streamline"],"picked":"SKIP","floor":19},{"not_picked":["Ball Lightning","Steam Power+1"],"picked":"Skim+1","floor":23},{"not_picked":["Auto Shields+1","Heatsinks","Force Field+1"],"picked":"SKIP","floor":25}],"player_experience":866464,"relics_obtained":[{"floor":7,"key":"Art of War"},{"floor":9,"key":"Pear"},{"floor":9,"key":"Cables"},{"floor":10,"key":"Toxic Egg 2"},{"floor":22,"key":"Nilry\u0027s Codex"},{"floor":23,"key":"Old Coin"},{"floor":25,"key":"Ancient Tea Set"},{"floor":26,"key":"MawBank"},{"floor":26,"key":"Darkstone Periapt"}],"event_choices":[{"damage_healed":0,"gold_gain":0,"player_choice":"Box","damage_taken":0,"relics_obtained":["Matryoshka"],"max_hp_gain":0,"max_hp_loss":0,"event_name":"Big Fish","floor":2,"gold_loss":0,"cards_obtained":["Regret"]},{"damage_healed":7,"gold_gain":0,"player_choice":"Full Heal","damage_taken":0,"max_hp_gain":0,"max_hp_loss":0,"event_name":"Wheel of Change","floor":3,"gold_loss":0},{"damage_healed":0,"gold_gain":0,"player_choice":"Leave","damage_taken":0,"max_hp_gain":0,"max_hp_loss":0,"event_name":"The Cleric","floor":12,"gold_loss":0},{"damage_healed":0,"gold_gain":0,"player_choice":"Ignored","damage_taken":0,"max_hp_gain":0,"max_hp_loss":0,"event_name":"Vampires","floor":20,"gold_loss":0},{"damage_healed":0,"gold_gain":0,"player_choice":"Obtained Book","damage_taken":21,"max_hp_gain":0,"max_hp_loss":0,"event_name":"Cursed Tome","floor":22,"gold_loss":0}],"is_beta":true,"boss_relics":[{"not_picked":["Runic Dome","Snecko Eye"],"picked":"Ectoplasm"}],"items_purged_floors":[4],"is_endless":false,"potions_floor_spawned":[11,14,16,18,19],"killed_by":"Gremlin Leader","ascension_level":15}