{"gold_per_floor":[148,148,46,59,77,108,127,127,153,51,51,51,69,84,84,161,161,174,189,216,216,232,232,232],"floor_reached":24,"playtime":985,"items_purged":[],"score":396,"play_id":"bd9c7eee-159b-4674-8e02-9f1cc9506cbf","local_time":"20190106174317","is_ascension_mode":true,"campfire_choices":[{"floor":8,"key":"REST"},{"data":"Zap","floor":12,"key":"SMITH"},{"data":"Redo","floor":15,"key":"SMITH"},{"floor":23,"key":"REST"}],"neow_cost":"NONE","seed_source_timestamp":56500285806049,"circlet_count":0,"master_deck":["AscendersBane","Strike_B","Strike_B","Strike_B","Defend_B","Defend_B","Defend_B","Defend_B","Zap+1","Dualcast","Steam","Cold Snap","Capacitor","Coolheaded","Go for the Eyes","All For One","Cold Snap","Swift Strike","Redo+1","Go for the Eyes","Echo Form","Ball Lightning+1","Chill"],"relics":["Cracked Core","Tiny Chest","Pen Nib","Bag of Preparation","FaceOfCleric","Sozu","Bag of Marbles"],"potions_floor_usage":[6,16,16],"damage_taken":[{"damage":4,"enemies":"Jaw Worm","floor":1,"turns":3},{"damage":2,"enemies":"Cultist","floor":4,"turns":5},{"damage":3,"enemies":"Small Slimes","floor":5,"turns":3},{"damage":15,"enemies":"Lagavulin","floor":6,"turns":8},{"damage":28,"enemies":"Exordium Thugs","floor":7,"turns":4},{"damage":1,"enemies":"Blue Slaver","floor":13,"turns":4},{"damage":3,"enemies":"3 Louse","floor":14,"turns":3},{"damage":10,"enemies":"The Guardian","floor":16,"turns":10},{"damage":12,"enemies":"Spheric Guardian","floor":18,"turns":4},{"damage":0,"enemies":"Chosen","floor":19,"turns":3},{"damage":18,"enemies":"Colosseum Slavers","floor":21,"turns":4},{"damage":11,"enemies":"Snake Plant","floor":22,"turns":4},{"damage":46,"enemies":"Slavers","floor":24,"turns":4}],"seed_played":"40841718524628848","potions_obtained":[{"floor":4,"key":"Swift Potion"},{"floor":6,"key":"Strength Potion"},{"floor":13,"key":"Regen Potion"}],"is_trial":false,"path_per_floor":["M","?","$","M","M","E","M","R","T","$","?","R","M","M","R","B",null,"M","M","T","?","M","R","E"],"character_chosen":"DEFECT","items_purchased":["Cold Snap","Capacitor","Swift Strike"],"campfire_rested":2,"item_purchase_floors":[3,3,10],"current_hp_per_floor":[60,60,60,58,55,40,12,33,33,33,33,33,33,31,31,37,65,54,55,55,38,28,51,5],"gold":232,"neow_bonus":"RANDOM_COMMON_RELIC","is_prod":false,"is_daily":false,"chose_seed":false,"campfire_upgraded":2,"win_rate":0,"timestamp":1546756997,"path_taken":["M","?","$","?","?","E","M","R","T","$","?","R","M","M","R","BOSS","M","M","?","?","M","R","E"],"build_version":"2018-11-15","purchased_purges":0,"victory":false,"max_hp_per_floor":[71,71,71,71,71,71,71,71,71,71,71,71,72,73,73,74,74,75,76,76,77,78,78,78],"card_choices":[{"not_picked":["Streamline","Sweeping Beam"],"picked":"Steam","floor":1},{"not_picked":["Streamline","Steam"],"picked":"Coolheaded","floor":4},{"not_picked":["Turbo","Fusion"],"picked":"Go for the Eyes","floor":5},{"not_picked":["Reinforced Body","Rip and Tear"],"picked":"All For One","floor":6},{"not_picked":["Leap","Stack"],"picked":"Cold Snap","floor":7},{"not_picked":["Conserve Battery","Stack"],"picked":"Redo","floor":13},{"not_picked":["Hologram","Beam Cell"],"picked":"Go for the Eyes","floor":14},{"not_picked":["Creative AI","Core Surge"],"picked":"Echo Form","floor":16},{"not_picked":["Barrage","Doom and Gloom+1"],"picked":"Ball Lightning+1","floor":18},{"not_picked":["Rebound","Leap","Beam Cell"],"picked":"SKIP","floor":19},{"not_picked":["Reprogram","Cold Snap"],"picked":"Chill","floor":22}],"player_experience":989190,"relics_obtained":[{"floor":6,"key":"Pen Nib"},{"floor":9,"key":"Bag of Preparation"},{"floor":20,"key":"Bag of Marbles"}],"event_choices":[{"cards_removed":["Strike_B"],"damage_healed":0,"gold_gain":0,"player_choice":"Offered Basic","damage_taken":0,"max_hp_gain":0,"max_hp_loss":0,"event_name":"Bonfire Elementals","floor":2,"gold_loss":0},{"damage_healed":0,"gold_gain":0,"player_choice":"Trade","damage_taken":0,"relics_obtained":["FaceOfCleric"],"max_hp_gain":0,"max_hp_loss":0,"event_name":"FaceTrader","floor":11,"gold_loss":0},{"damage_healed":0,"gold_gain":0,"player_choice":"Fight","damage_taken":0,"max_hp_gain":0,"max_hp_loss":0,"event_name":"Colosseum","floor":21,"gold_loss":0},{"damage_healed":0,"gold_gain":0,"player_choice":"Fled From Nobs","damage_taken":0,"max_hp_gain":0,"max_hp_loss":0,"event_name":"Colosseum","floor":21,"gold_loss":0}],"is_beta":true,"boss_relics":[{"not_picked":["Fusion Hammer","Calling Bell"],"picked":"Sozu"}],"items_purged_floors":[],"is_endless":false,"potions_floor_spawned":[4,6,13,14,21],"killed_by":"Slavers","ascension_level":20}