{"gold_per_floor":[114,114,39,49,124,124,157,157,157,183,200,200,200,200,200,200],"floor_reached":16,"playtime":730,"items_purged":["Strike_B"],"score":138,"play_id":"3b4824b3-0f7f-44bb-8783-eeb72b6d98ab","local_time":"20190115103052","is_ascension_mode":true,"campfire_choices":[{"data":"Zap","floor":6,"key":"SMITH"},{"data":"Beam Cell","floor":8,"key":"SMITH"},{"data":"Gash","floor":12,"key":"SMITH"},{"data":"Dualcast","floor":15,"key":"SMITH"}],"neow_cost":"NONE","seed_source_timestamp":2240585359760,"circlet_count":0,"master_deck":["Strike_B","Strike_B","Defend_B+1","Defend_B+1","Defend_B","Defend_B","Zap+1","Dualcast+1","Gash+1","Beam Cell+1"],"relics":["Cracked Core","NeowsBlessing","Pear","Kunai","Bottled Lightning","Gambling Chip"],"potions_floor_usage":[16],"damage_taken":[{"damage":0,"enemies":"Jaw Worm","floor":1,"turns":1},{"damage":0,"enemies":"2 Louse","floor":4,"turns":1},{"damage":0,"enemies":"Gremlin Nob","floor":7,"turns":1},{"damage":17,"enemies":"Lagavulin","floor":10,"turns":6},{"damage":0,"enemies":"Small Slimes","floor":11,"turns":2},{"damage":41,"enemies":"Slime Boss","floor":16,"turns":6}],"seed_played":"2145710964738481590","potions_obtained":[{"floor":10,"key":"SpeedPotion"}],"is_trial":false,"path_per_floor":["M","?","$","M","?","R","E","R","T","E","M","R","?","?","R","B"],"character_chosen":"DEFECT","items_purchased":[],"campfire_rested":0,"item_purchase_floors":[],"current_hp_per_floor":[75,78,78,78,67,67,67,67,67,50,50,50,33,33,33,0],"gold":200,"neow_bonus":"THREE_ENEMY_KILL","is_prod":false,"is_daily":false,"chose_seed":false,"campfire_upgraded":4,"win_rate":0,"timestamp":1547508652,"path_taken":["M","?","$","M","?","R","E","R","T","E","M","R","?","?","R","BOSS"],"build_version":"2018-11-15","purchased_purges":1,"victory":false,"max_hp_per_floor":[75,85,85,85,85,85,85,85,85,85,85,85,85,85,85,85],"card_choices":[{"not_picked":["Barrage","Force Field"],"picked":"Gash","floor":1},{"not_picked":["Lockon","Fusion","Tempest"],"picked":"SKIP","floor":4},{"not_picked":["Double Energy","Compile Driver"],"picked":"Beam Cell","floor":7},{"not_picked":["Heatsinks","Multi-Cast","Recycle"],"picked":"SKIP","floor":10},{"not_picked":["Blizzard","Compile Driver","Beam Cell"],"picked":"SKIP","floor":11}],"player_experience":1087529,"relics_obtained":[{"floor":7,"key":"Kunai"},{"floor":9,"key":"Bottled Lightning"},{"floor":10,"key":"Gambling Chip"}],"event_choices":[{"damage_healed":0,"gold_gain":0,"player_choice":"Success","damage_taken":7,"relics_obtained":["Pear"],"max_hp_gain":0,"max_hp_loss":0,"event_name":"Scrap Ooze","floor":2,"gold_loss":0},{"damage_healed":0,"gold_gain":75,"player_choice":"Gather Gold","damage_taken":11,"max_hp_gain":0,"max_hp_loss":0,"event_name":"World of Goop","floor":5,"gold_loss":0},{"damage_healed":0,"gold_gain":0,"player_choice":"Entered Light","damage_taken":17,"max_hp_gain":0,"max_hp_loss":0,"event_name":"Shining Light","floor":13,"gold_loss":0,"cards_upgraded":["Defend_B","Defend_B"]},{"cards_removed":["Strike_B"],"damage_healed":0,"gold_gain":0,"player_choice":"Forget","damage_taken":0,"max_hp_gain":0,"max_hp_loss":0,"event_name":"Living Wall","floor":14,"gold_loss":0}],"is_beta":true,"boss_relics":[],"items_purged_floors":[3],"is_endless":false,"potions_floor_spawned":[10],"killed_by":"Slime Boss","ascension_level":1}