{"path_per_floor":["M","M","T","M","$","R","?","E","T","M","R","?","M","M","R","B",null,"M","$","M","?","M","R","E","R","T","?","M","?","M","?","R","B",null,"M","M","?","T","M","R","M","?","T","?","R","E","R","M","R"],"character_chosen":"DEFECT","items_purchased":["Omamori","Beam Cell"],"gold_per_floor":[112,125,152,165,22,22,22,50,50,60,60,60,73,90,90,185,185,195,93,110,33,52,52,86,86,86,86,98,98,113,113,113,209,209,228,244,244,244,255,255,266,266,290,0,0,31,31,49,49,49],"floor_reached":50,"campfire_rested":5,"playtime":2775,"current_hp_per_floor":[74,62,62,56,56,56,56,17,17,19,41,26,25,16,38,24,75,50,50,57,57,51,73,50,72,72,75,49,49,55,55,75,45,75,50,24,66,66,53,53,54,54,54,54,54,66,66,62,62,0],"items_purged":["Strike_B"],"gold":49,"score":517,"play_id":"d0e10dde-caab-46ed-9f3d-839edb88784d","local_time":"20180506182719","is_prod":false,"is_daily":false,"chose_seed":false,"is_ascension_mode":false,"campfire_upgraded":5,"timestamp":1525624039,"path_taken":["M","M","?","M","?","R","?","E","T","M","R","?","M","M","R","BOSS","M","$","M","?","M","R","E","R","T","?","M","?","M","?","R","BOSS","M","M","?","?","M","R","M","?","T","?","R","E","R","M","R","BOSS"],"build_version":"2018-05-03","seed_source_timestamp":32202443700749,"purchased_purges":1,"victory":false,"master_deck":["Strike_B+1","Defend_B+1","Defend_B+1","Zap+1","Dualcast+1","Static Discharge+1","Axe Kick","Melter","FTL","Hello World+1","Ball Lightning","Prime+1","Self Repair","Glacier","Thunder Strike","Impulse+1","Sunder+1","Heatsinks+1","Defragment","Beam Cell","J.A.X.","White Noise+1","Go for the Eyes+1","Machine Learning","Glacier","Self Repair","Defragment+1","Impulse","Machine Learning","Streamline+1","Axe Kick","Darkness","Axe Kick+1","FTL+1","Leap+1","FTL+1","Seek","Blizzard"],"max_hp_per_floor":[75,75,75,75,75,75,75,75,75,75,75,75,75,75,75,75,75,75,75,75,75,75,75,75,75,75,75,75,75,75,75,75,75,75,75,75,66,66,66,66,66,66,66,66,66,66,66,66,66,66],"relics":["Cracked Core","Dream Catcher","Juzu Bracelet","Omamori","Unceasing Top","Bird Faced Urn","Astrolabe","War Paint","Bag of Preparation","Orrery","Gremlin Horn","Pen Nib","Red Mask","Bottled Flame"],"card_choices":[{"not_picked":["Go for the Eyes","Force Field"],"picked":"Static Discharge","floor":1},{"not_picked":["Steam Power","Impulse"],"picked":"Axe Kick","floor":2},{"not_picked":["Capacitor","Heatsinks"],"picked":"Melter","floor":4},{"not_picked":["Blizzard","Heatsinks"],"picked":"FTL","floor":8},{"not_picked":["Beam Cell","Turbo"],"picked":"Hello World","floor":10},{"not_picked":["Genetic Algorithm","Double Energy"],"picked":"Ball Lightning","floor":11},{"not_picked":["Skim","Stack"],"picked":"Prime","floor":13},{"not_picked":["Storm","Rebound"],"picked":"Self Repair","floor":14},{"not_picked":["Leap","Loop"],"picked":"Glacier","floor":15},{"not_picked":["Meteor Strike","Prime"],"picked":"Thunder Strike","floor":16},{"not_picked":["Beam Cell","Rebound"],"picked":"Defragment","floor":18},{"not_picked":["Hologram","Rebound"],"picked":"Sunder","floor":20},{"not_picked":["Impulse","Coolheaded"],"picked":"White Noise","floor":22},{"not_picked":["Barrage","Cold Snap"],"picked":"Go for the Eyes","floor":23},{"not_picked":["Lockon","Capacitor"],"picked":"Machine Learning","floor":24},{"not_picked":["Skim","Scrape"],"picked":"Glacier","floor":25},{"not_picked":["Go for the Eyes","Reinforced Body"],"picked":"Self Repair","floor":28},{"not_picked":["Stack","Rebound"],"picked":"Defragment","floor":30},{"not_picked":["Recycle","Self Repair"],"picked":"Impulse","floor":32},{"not_picked":["All For One","Reboot"],"picked":"Machine Learning","floor":33},{"not_picked":["Hologram","Blizzard"],"picked":"Streamline","floor":34},{"not_picked":["Skim","Leap"],"picked":"Axe Kick","floor":34},{"not_picked":["Rip and Tear","Rebound"],"picked":"Darkness","floor":34},{"not_picked":["Leap","Hologram"],"picked":"Axe Kick","floor":34},{"not_picked":["Leap","Gash"],"picked":"FTL","floor":34},{"not_picked":["Static Discharge","Turbo"],"picked":"Leap","floor":35},{"not_picked":["Rip and Tear","Hologram"],"picked":"FTL","floor":36},{"not_picked":["Turbo","Tempest"],"picked":"Reprogram","floor":39},{"not_picked":["Barrage","Sweeping Beam"],"picked":"Seek","floor":41},{"not_picked":["Doom and Gloom","Genetic Algorithm"],"picked":"Blizzard","floor":46}],"player_experience":40950,"potions_floor_usage":[13,41,41],"damage_taken":[{"damage":1,"enemies":"Cultist","floor":1,"turns":3},{"damage":12,"enemies":"Small Slimes","floor":2,"turns":3},{"damage":6,"enemies":"Jaw Worm","floor":4,"turns":3},{"damage":39,"enemies":"Lagavulin","floor":8,"turns":6},{"damage":0,"enemies":"Large Slime","floor":10,"turns":4},{"damage":3,"enemies":"Exordium Thugs","floor":13,"turns":3},{"damage":13,"enemies":"2 Fungi Beasts","floor":14,"turns":3},{"damage":31,"enemies":"Slime Boss","floor":16,"turns":12},{"damage":40,"enemies":"2 Thieves","floor":18,"turns":4},{"damage":8,"enemies":"Spheric Guardian","floor":20,"turns":4},{"damage":19,"enemies":"3 Cultists","floor":22,"turns":4},{"damage":44,"enemies":"Book of Stabbing","floor":24,"turns":7},{"damage":48,"enemies":"Cultist and Chosen","floor":28,"turns":6},{"damage":29,"enemies":"Centurion and Healer","floor":30,"turns":5},{"damage":47,"enemies":"Collector","floor":33,"turns":11},{"damage":51,"enemies":"3 Darklings","floor":35,"turns":5},{"damage":56,"enemies":"Flame Bruiser 1 Orb","floor":36,"turns":5},{"damage":28,"enemies":"3 Darklings","floor":39,"turns":6},{"damage":27,"enemies":"Maw","floor":41,"turns":11},{"damage":22,"enemies":"Nemesis","floor":46,"turns":10},{"damage":30,"enemies":"4 Shapes","floor":48,"turns":7},{"damage":77,"enemies":"Awakened One","floor":50,"turns":3}],"event_choices":[{"event_name":"The Lab","player_choice":"Got Potions","floor":7,"damage_taken":0},{"event_name":"Shining Light","player_choice":"Entered Light","floor":12,"damage_taken":0},{"event_name":"Drug Dealer","player_choice":"Got JAXXED","floor":21,"damage_taken":0},{"event_name":"Bonfire Elementals","player_choice":"UNCOMMON","floor":27,"damage_taken":0},{"event_name":"Vampires","player_choice":"Ignored","floor":29,"damage_taken":0},{"event_name":"Back to Basics","player_choice":"Elegance","floor":31,"damage_taken":0},{"event_name":"The Moai Head","player_choice":"Heal","floor":37,"damage_taken":0},{"event_name":"Tomb of Lord Red Mask","player_choice":"Paid","floor":44,"damage_taken":0}],"boss_relics":[{"not_picked":["Tiny House","Runic Pyramid"],"picked":"Astrolabe"},{"not_picked":["Calling Bell","Philosopher\u0027s Stone"],"picked":"Orrery"}],"potions_floor_spawned":[4,10,14,16,18,22,28,36,46],"seed_played":"-4694844403797150526","killed_by":"Awakened One","ascension_level":0,"is_trial":false}