{"gold_per_floor":[116,116,184,184,205,238,238,20,75,94,134,134,159,177,177,177],"floor_reached":16,"playtime":553,"items_purged":["Strike_R"],"score":138,"play_id":"d9566771-c2b8-46b1-8ca3-511ccdf65a94","local_time":"20190205234432","is_ascension_mode":true,"campfire_choices":[{"floor":7,"key":"REST"},{"data":"Flame Barrier","floor":12,"key":"SMITH"},{"data":"Body Slam","floor":15,"key":"SMITH"}],"neow_cost":"NONE","seed_source_timestamp":3679020243128,"circlet_count":0,"master_deck":["Strike_R","Strike_R","Strike_R","Strike_R","Defend_R","Defend_R","Defend_R","Defend_R","Bash+1","Impervious","Pommel Strike","Ghostly Armor","Juggernaut","Shrug It Off","Flame Barrier+1","Iron Wave","Body Slam+1"],"relics":["Burning Blood","Golden Idol","Singing Bowl","Meat on the Bone","Juzu Bracelet","Bag of Preparation","Paper Frog"],"potions_floor_usage":[11,11],"damage_taken":[{"damage":2,"enemies":"Jaw Worm","floor":1,"turns":4},{"damage":0,"enemies":"Small Slimes","floor":5,"turns":3},{"damage":45,"enemies":"3 Sentries","floor":6,"turns":13},{"damage":1,"enemies":"Cultist","floor":10,"turns":3},{"damage":32,"enemies":"Gremlin Nob","floor":11,"turns":4},{"damage":0,"enemies":"Blue Slaver","floor":13,"turns":5},{"damage":6,"enemies":"3 Louse","floor":14,"turns":3},{"damage":54,"enemies":"Slime Boss","floor":16,"turns":6}],"seed_played":"8798425023588204575","potions_obtained":[{"floor":6,"key":"Strength Potion"},{"floor":10,"key":"SteroidPotion"},{"floor":14,"key":"SpeedPotion"}],"is_trial":false,"path_per_floor":["M","?","T","?","M","E","R","$","T","M","E","R","M","M","R","B"],"character_chosen":"IRONCLAD","items_purchased":["Juzu Bracelet"],"campfire_rested":1,"item_purchase_floors":[8],"current_hp_per_floor":[80,60,60,60,66,27,51,51,51,56,42,42,48,48,48,0],"gold":177,"neow_bonus":"ONE_RANDOM_RARE_CARD","is_prod":false,"is_daily":false,"chose_seed":false,"campfire_upgraded":2,"win_rate":0,"timestamp":1549377872,"path_taken":["M","?","?","?","M","E","R","$","T","M","E","R","M","M","R","BOSS"],"build_version":"2019-01-23","purchased_purges":1,"victory":false,"max_hp_per_floor":[80,80,80,80,80,80,80,80,80,80,80,80,80,80,80,80],"card_choices":[{"not_picked":["Uppercut","Twin Strike"],"picked":"Pommel Strike","floor":1},{"not_picked":["Dual Wield","Thunderclap"],"picked":"Ghostly Armor","floor":5},{"not_picked":["Sever Soul","Sentinel"],"picked":"Juggernaut","floor":6},{"not_picked":["Bloodletting","Heavy Blade"],"picked":"Shrug It Off","floor":10},{"not_picked":["Havoc","Rupture"],"picked":"Flame Barrier","floor":11},{"not_picked":["Shrug It Off","Cleave"],"picked":"Iron Wave","floor":13},{"not_picked":["Combust","Sentinel"],"picked":"Body Slam","floor":14}],"player_experience":812061,"relics_obtained":[{"floor":3,"key":"Singing Bowl"},{"floor":6,"key":"Meat on the Bone"},{"floor":9,"key":"Bag of Preparation"},{"floor":11,"key":"Paper Frog"}],"event_choices":[{"damage_healed":0,"gold_gain":0,"player_choice":"Take Damage","damage_taken":20,"relics_obtained":["Golden Idol"],"max_hp_gain":0,"max_hp_loss":0,"event_name":"Golden Idol","floor":2,"gold_loss":0},{"damage_healed":0,"gold_gain":0,"player_choice":"Forge","damage_taken":0,"max_hp_gain":0,"max_hp_loss":0,"event_name":"Accursed Blacksmith","floor":4,"gold_loss":0,"cards_upgraded":["Bash"]}],"is_beta":false,"boss_relics":[],"items_purged_floors":[8],"is_endless":false,"potions_floor_spawned":[6,10,14],"killed_by":"Slime Boss","ascension_level":5}