{"gold_per_floor":[115,115,115,115,115,159,159,200,230,251,270,270,293,336,336,457,457,473,473,488,503,526,526,570,570,596,640,654,698,716,19,19,19],"floor_reached":33,"playtime":1887,"items_purged":["Strike_R"],"score":587,"play_id":"e18c3be7-465c-4007-aa10-c5ea2fe9a4f5","local_time":"20181228123513","is_ascension_mode":true,"campfire_choices":[{"data":"Bash","floor":7,"key":"SMITH"},{"data":"Armaments","floor":15,"key":"SMITH"},{"data":"Feed","floor":23,"key":"SMITH"},{"floor":25,"key":"REST"},{"floor":32,"key":"REST"}],"neow_cost":"NONE","seed_source_timestamp":625858985374765,"circlet_count":0,"master_deck":["Strike_R","Strike_R","Strike_R+1","Strike_R+1","Defend_R","Defend_R","Defend_R","Defend_R","Bash+1","Clash","Pain","Clash","Armaments+1","Whirlwind","Impervious+1","Feed+1","Rampage","Flex","Headbutt","Reaper","Battle Trance","Seeing Red+1","Flame Barrier","True Grit+1"],"relics":["Burning Blood","Golden Idol","WarpedTongs","Gambling Chip","Oddly Smooth Stone","Tiny Chest","Orichalcum","Lantern","Smiling Mask","Black Star","Nloth\u0027s Gift","Self Forming Clay","Whetstone","PreservedInsect","Pocketwatch","FossilizedHelix","Pear","War Paint","Pen Nib","Toolbox","WingedGreaves"],"potions_floor_usage":[14,24,24,33,33,33],"damage_taken":[{"damage":0,"enemies":"2 Louse","floor":1,"turns":1},{"damage":1,"enemies":"Lagavulin","floor":6,"turns":1},{"damage":0,"enemies":"3 Sentries","floor":8,"turns":1},{"damage":3,"enemies":"Jaw Worm","floor":10,"turns":3},{"damage":0,"enemies":"Small Slimes","floor":11,"turns":1},{"damage":25,"enemies":"Lagavulin","floor":14,"turns":5},{"damage":40,"enemies":"The Guardian","floor":16,"turns":10},{"damage":6,"enemies":"Chosen","floor":18,"turns":3},{"damage":4,"enemies":"3 Byrds","floor":20,"turns":6},{"damage":4,"enemies":"Snake Plant","floor":21,"turns":4},{"damage":18,"enemies":"Snecko","floor":22,"turns":4},{"damage":49,"enemies":"Book of Stabbing","floor":24,"turns":5},{"damage":0,"enemies":"Gremlin Leader","floor":27,"turns":4},{"damage":14,"enemies":"Centurion and Healer","floor":28,"turns":3},{"damage":33,"enemies":"Book of Stabbing","floor":29,"turns":5},{"damage":22,"enemies":"Shelled Parasite and Fungi","floor":30,"turns":5},{"damage":85,"enemies":"Collector","floor":33,"turns":6}],"seed_played":"-736221747967066833","potions_obtained":[{"floor":6,"key":"Poison Potion"},{"floor":8,"key":"EssenceOfSteel"},{"floor":16,"key":"BloodPotion"},{"floor":18,"key":"FearPotion"},{"floor":28,"key":"Swift Potion"},{"floor":30,"key":"AttackPotion"}],"is_trial":false,"path_per_floor":["M","$","?","?","?","E","R","E","T","M","M","?","T","E","R","B",null,"M","?","M","M","M","R","E","R","T","E","M","E","M","$","R","B"],"character_chosen":"IRONCLAD","items_purchased":["Pen Nib","Toolbox","WingedGreaves"],"campfire_rested":2,"item_purchase_floors":[31,31,31],"current_hp_per_floor":[78,78,58,63,63,68,68,74,74,77,83,83,83,64,64,30,71,71,71,77,79,67,67,32,58,58,68,64,51,45,45,79,0],"gold":19,"neow_bonus":"THREE_ENEMY_KILL","is_prod":false,"is_daily":false,"chose_seed":false,"campfire_upgraded":3,"win_rate":0,"timestamp":1546022113,"path_taken":["M","$","?","?","?","E","R","E","T","?","M","?","?","E","R","BOSS","M","?","M","?","M","R","E","R","T","E","M","E","M","$","R","BOSS"],"build_version":"2018-12-20","purchased_purges":1,"victory":false,"max_hp_per_floor":[80,80,80,85,85,85,85,85,85,85,85,85,85,85,85,85,85,85,85,89,89,89,89,89,89,89,93,97,111,115,115,115,115],"card_choices":[{"not_picked":["Heavy Blade","Sword Boomerang"],"picked":"Clash","floor":1},{"not_picked":["Iron Wave","Clothesline"],"picked":"Clash","floor":6},{"not_picked":["Carnage","Pommel Strike"],"picked":"Armaments","floor":8},{"not_picked":["Shrug It Off","Clash"],"picked":"Whirlwind","floor":10},{"not_picked":["Thunderclap","Searing Blow","Pummel"],"picked":"SKIP","floor":11},{"not_picked":["Blood for Blood","Rage"],"picked":"Impervious","floor":14},{"not_picked":["Berserk","Fiend Fire"],"picked":"Feed","floor":16},{"not_picked":["Thunderclap+1","Inflame"],"picked":"Rampage","floor":18},{"not_picked":["Rupture","Iron Wave"],"picked":"Flex","floor":20},{"not_picked":["Feel No Pain","Warcry"],"picked":"Headbutt","floor":21},{"not_picked":["Corruption","Havoc+1"],"picked":"Reaper","floor":22},{"not_picked":["Reaper","Perfected Strike"],"picked":"Battle Trance","floor":24},{"not_picked":["Dark Embrace","Pummel"],"picked":"Seeing Red","floor":27},{"not_picked":["Ghostly Armor","True Grit"],"picked":"Flame Barrier","floor":28},{"not_picked":["Wild Strike","Heavy Blade","Anger"],"picked":"SKIP","floor":29},{"not_picked":["Evolve","Exhume"],"picked":"True Grit+1","floor":30}],"player_experience":320724,"relics_obtained":[{"floor":6,"key":"Gambling Chip"},{"floor":8,"key":"Oddly Smooth Stone"},{"floor":9,"key":"Tiny Chest"},{"floor":13,"key":"Lantern"},{"floor":14,"key":"Smiling Mask"},{"floor":24,"key":"Self Forming Clay"},{"floor":24,"key":"Whetstone"},{"floor":26,"key":"PreservedInsect"},{"floor":27,"key":"Pocketwatch"},{"floor":27,"key":"FossilizedHelix"},{"floor":29,"key":"Pear"},{"floor":29,"key":"War Paint"}],"event_choices":[{"damage_healed":0,"gold_gain":0,"player_choice":"Take Damage","damage_taken":20,"relics_obtained":["Golden Idol"],"max_hp_gain":0,"max_hp_loss":0,"event_name":"Golden Idol","floor":3,"gold_loss":0},{"damage_healed":0,"gold_gain":0,"player_choice":"Donut","damage_taken":0,"max_hp_gain":5,"max_hp_loss":0,"event_name":"Big Fish","floor":4,"gold_loss":0},{"damage_healed":0,"gold_gain":0,"player_choice":"Rummage","damage_taken":0,"relics_obtained":["WarpedTongs"],"max_hp_gain":0,"max_hp_loss":0,"event_name":"Accursed Blacksmith","floor":5,"gold_loss":0,"cards_obtained":["Pain"]},{"damage_healed":0,"gold_gain":0,"player_choice":"Searched \u00272\u0027 times","damage_taken":0,"relics_obtained":["Orichalcum"],"max_hp_gain":0,"max_hp_loss":0,"event_name":"Dead Adventurer","floor":12,"gold_loss":0},{"damage_healed":0,"gold_gain":0,"player_choice":"Traded Relic","damage_taken":0,"relics_obtained":["Nloth\u0027s Gift"],"max_hp_gain":0,"max_hp_loss":0,"event_name":"N\u0027loth","floor":19,"relics_lost":["NeowsBlessing"],"gold_loss":0}],"is_beta":false,"boss_relics":[{"not_picked":["Cursed Key","Velvet Choker"],"picked":"Black Star"}],"items_purged_floors":[31],"is_endless":false,"potions_floor_spawned":[6,8,16,18,22,28,30],"killed_by":"Collector","ascension_level":7}