{"gold_per_floor":[112,112,128,83,98,126,126,156,230,243,207,207,382,396,396,396],"floor_reached":16,"playtime":1526,"items_purged":[],"score":110,"play_id":"07bce935-c625-430f-90dd-1f9d5b21048b","local_time":"20181123164016","is_ascension_mode":false,"campfire_choices":[{"floor":7,"key":"REST"},{"floor":12,"key":"REST"},{"floor":15,"key":"REST"}],"neow_cost":"NONE","seed_source_timestamp":156081410897779,"circlet_count":0,"master_deck":["Strike_R","Strike_R","Strike_R","Strike_R","Strike_R","Defend_R","Defend_R","Defend_R","Defend_R","Bash+1","Perfected Strike","Metallicize","Sword Boomerang","Flame Barrier","Dual Wield","Cleave","Iron Wave","Doubt","Spot Weakness"],"relics":["Burning Blood","Champion Belt","Bag of Preparation","Pear"],"potions_floor_usage":[],"damage_taken":[{"damage":16,"enemies":"Small Slimes","floor":1,"turns":3},{"damage":6,"enemies":"Cultist","floor":3,"turns":3},{"damage":8,"enemies":"2 Louse","floor":5,"turns":3},{"damage":32,"enemies":"Gremlin Nob","floor":6,"turns":5},{"damage":53,"enemies":"Lagavulin","floor":8,"turns":10},{"damage":18,"enemies":"Exordium Wildlife","floor":10,"turns":4},{"damage":11,"enemies":"3 Louse","floor":14,"turns":3},{"damage":80,"enemies":"Slime Boss","floor":16,"turns":9}],"seed_played":"757284468420628910","potions_obtained":[{"floor":0,"key":"SmokeBomb"},{"floor":0,"key":"SteroidPotion"},{"floor":0,"key":"Ancient Potion"},{"floor":10,"key":"EssenceOfSteel"}],"is_trial":false,"path_per_floor":["M","?","M","$","M","E","R","E","T","M","?","R","?","M","R","B"],"character_chosen":"IRONCLAD","items_purchased":["Sword Boomerang"],"campfire_rested":3,"item_purchase_floors":[4],"current_hp_per_floor":[70,70,70,70,68,42,66,19,29,17,17,44,44,39,66,0],"gold":396,"neow_bonus":"THREE_SMALL_POTIONS","is_prod":false,"is_daily":false,"chose_seed":false,"campfire_upgraded":0,"win_rate":0,"timestamp":1543009216,"path_taken":["M","?","?","$","M","E","R","E","T","M","?","R","?","M","R","BOSS"],"build_version":"2018-11-15","purchased_purges":0,"victory":false,"max_hp_per_floor":[80,80,80,80,80,80,80,80,90,90,90,90,90,90,90,90],"card_choices":[{"not_picked":["Body Slam","Bloodletting"],"picked":"Perfected Strike","floor":1},{"not_picked":["Burning Pact","Clash"],"picked":"Metallicize","floor":3},{"not_picked":["Warcry","Pommel Strike"],"picked":"Flame Barrier","floor":5},{"not_picked":["Armaments","Second Wind"],"picked":"Dual Wield","floor":6},{"not_picked":["Thunderclap","Flex"],"picked":"Cleave","floor":8},{"not_picked":["Reckless Charge","Warcry"],"picked":"Iron Wave","floor":10},{"not_picked":["Twin Strike","Rampage"],"picked":"Spot Weakness","floor":14}],"player_experience":46501,"relics_obtained":[{"floor":6,"key":"Champion Belt"},{"floor":8,"key":"Bag of Preparation"},{"floor":9,"key":"Pear"}],"event_choices":[{"damage_healed":0,"gold_gain":0,"player_choice":"Upgraded","damage_taken":0,"max_hp_gain":0,"max_hp_loss":0,"event_name":"Upgrade Shrine","floor":2,"gold_loss":0,"cards_upgraded":["Bash"]},{"damage_healed":0,"gold_gain":0,"player_choice":"Left Gold","damage_taken":0,"max_hp_gain":0,"max_hp_loss":0,"event_name":"World of Goop","floor":11,"gold_loss":36},{"damage_healed":0,"gold_gain":175,"player_choice":"AGREE","damage_taken":0,"max_hp_gain":0,"max_hp_loss":0,"event_name":"Liars Game","floor":13,"gold_loss":0,"cards_obtained":["Doubt"]}],"is_beta":false,"boss_relics":[],"items_purged_floors":[],"is_endless":false,"potions_floor_spawned":[1,5,10],"killed_by":"Slime Boss","ascension_level":0}