{"gold_per_floor":[115,133,146,111,121,121,155,12,12,187,213,236,236,30,30,30],"floor_reached":16,"playtime":448,"items_purged":[],"score":130,"play_id":"f48d2864-f642-4363-9e5f-18cf1a65a7bd","local_time":"20180719130515","is_ascension_mode":true,"campfire_choices":[{"data":"Zap","floor":6,"key":"SMITH"},{"floor":13,"key":"REST"},{"floor":15,"key":"REST"}],"neow_cost":"NONE","seed_source_timestamp":21640742208089,"circlet_count":0,"master_deck":["Strike_B","Strike_B","Strike_B","Strike_B","Defend_B","Defend_B","Defend_B","Defend_B","Zap+1","Dualcast","Defragment","Go for the Eyes","Defragment","Rebound","Rip and Tear","Doubt","Gash"],"relics":["Lizard Tail","Letter Opener","Juzu Bracelet","Toxic Egg 2","Matryoshka","Potion Belt","Bronze Scales","MealTicket"],"potions_floor_usage":[3,11,16],"damage_taken":[{"damage":4,"enemies":"Small Slimes","floor":1,"turns":4},{"damage":11,"enemies":"Cultist","floor":2,"turns":5},{"damage":5,"enemies":"2 Louse","floor":3,"turns":5},{"damage":32,"enemies":"Exordium Thugs","floor":5,"turns":6},{"damage":63,"enemies":"Gremlin Nob","floor":7,"turns":5},{"damage":33,"enemies":"3 Sentries","floor":11,"turns":9},{"damage":55,"enemies":"The Guardian","floor":16,"turns":4}],"seed_played":"-8703464656261253833","potions_obtained":[{"floor":1,"key":"Regen Potion"},{"floor":7,"key":"Dexterity Potion"},{"floor":11,"key":"Ancient Potion"}],"is_trial":false,"path_per_floor":["M","M","M","?","M","R","E","$","T","?","E","T","R","$","R"],"character_chosen":"DEFECT","items_purchased":["Juzu Bracelet","MealTicket"],"campfire_rested":2,"item_purchase_floors":[8,14],"current_hp_per_floor":[71,60,67,75,43,43,37,37,37,37,4,4,26,26,48,0],"gold":30,"neow_bonus":"BOSS_RELIC","is_prod":false,"is_daily":false,"chose_seed":false,"campfire_upgraded":1,"win_rate":0,"timestamp":1531998315,"path_taken":["M","M","M","?","M","R","E","$","T","?","E","?","R","?","R","BOSS"],"build_version":"2018-07-18","purchased_purges":0,"victory":false,"max_hp_per_floor":[75,75,75,75,75,75,75,75,75,75,75,75,75,75,75,75],"card_choices":[{"not_picked":["Go for the Eyes","Barrage"],"picked":"Defragment","floor":1},{"not_picked":["Darkness","Auto Shields"],"picked":"Go for the Eyes","floor":2},{"not_picked":["Coolheaded","Barrage"],"picked":"Defragment","floor":3},{"not_picked":["Barrage","Steam"],"picked":"Rebound","floor":5},{"not_picked":["Rainbow","Gash"],"picked":"Rip and Tear","floor":7},{"not_picked":["Turbo+1","Defragment"],"picked":"Gash","floor":11}],"player_experience":329433,"relics_obtained":[{"floor":7,"key":"Letter Opener"},{"floor":9,"key":"Toxic Egg 2"},{"floor":11,"key":"Matryoshka"},{"floor":12,"key":"Potion Belt"},{"floor":12,"key":"Bronze Scales"}],"event_choices":[{"event_name":"The Cleric","player_choice":"Healed","floor":4,"damage_taken":0},{"event_name":"Liars Game","player_choice":"agreed","floor":10,"damage_taken":0}],"is_beta":true,"boss_relics":[],"items_purged_floors":[],"is_endless":false,"potions_floor_spawned":[1,7,11],"killed_by":"The Guardian","ascension_level":4}