{"gold_per_floor":[117,117,128,140,155,155,180,197,275,275,286,297,331,103,103,204,204,217,217,142,142,33,58,58,92,92,192,217,72,103,103,103,199,199,210,98,0,17,17,45,60,93,117,147,147,167,221,247,247,247],"floor_reached":51,"playtime":2529,"items_purged":["Defend_B"],"score":1045,"play_id":"5d62c64d-9979-4073-af63-00f5e40a1453","local_time":"20190202214515","is_ascension_mode":true,"campfire_choices":[{"data":"Coolheaded","floor":6,"key":"SMITH"},{"data":"Zap","floor":10,"key":"SMITH"},{"data":"Defragment","floor":15,"key":"SMITH"},{"data":"Defragment","floor":24,"key":"SMITH"},{"data":"Buffer","floor":32,"key":"SMITH"},{"data":"Echo Form","floor":45,"key":"SMITH"},{"data":"Blizzard","floor":49,"key":"SMITH"}],"neow_cost":"NONE","seed_source_timestamp":415786510852475,"circlet_count":0,"master_deck":["Defend_B","Defend_B","Zap+1","Dualcast","Panacea","Cold Snap","Cold Snap","Conserve Battery","Coolheaded+1","Self Repair","Defragment+1","Echo Form+1","Defragment+1","Blizzard+1","Buffer+1","Electrodynamics+1","Storm+1","Buffer+1","Glacier","Storm+1","Chill","Glacier","Machine Learning+1","Loop+1","Parasite","Coolheaded+1","Storm+1"],"relics":["FrozenCore","Pocketwatch","Cables","Nunchaku","DataDisk","Empty Cage","Centennial Puzzle","Bottled Lightning","Strawberry","Pen Nib","Frozen Egg 2","Thread and Needle","Singing Bowl","Pantograph","WingedGreaves","Red Mask","Darkstone Periapt","The Courier","Orichalcum","Bottled Flame","Bird Faced Urn","Juzu Bracelet"],"potions_floor_usage":[13,23,33,44,50,50],"damage_taken":[{"damage":9,"enemies":"2 Louse","floor":1,"turns":3},{"damage":1,"enemies":"Cultist","floor":3,"turns":3},{"damage":1,"enemies":"Jaw Worm","floor":4,"turns":3},{"damage":7,"enemies":"Blue Slaver","floor":5,"turns":4},{"damage":17,"enemies":"Lagavulin","floor":7,"turns":9},{"damage":0,"enemies":"Large Slime","floor":8,"turns":5},{"damage":0,"enemies":"2 Fungi Beasts","floor":11,"turns":3},{"damage":1,"enemies":"Looter","floor":12,"turns":3},{"damage":14,"enemies":"Gremlin Nob","floor":13,"turns":4},{"damage":1,"enemies":"Hexaghost","floor":16,"turns":9},{"damage":2,"enemies":"3 Byrds","floor":18,"turns":4},{"damage":30,"enemies":"Gremlin Leader","floor":23,"turns":9},{"damage":20,"enemies":"Slavers","floor":25,"turns":7},{"damage":13,"enemies":"Colosseum Slavers","floor":27,"turns":5},{"damage":14,"enemies":"Colosseum Nobs","floor":27,"turns":6},{"damage":6,"enemies":"Gremlin Leader","floor":28,"turns":10},{"damage":20,"enemies":"Slavers","floor":30,"turns":2},{"damage":28,"enemies":"Collector","floor":33,"turns":8},{"damage":0,"enemies":"Orb Walker","floor":35,"turns":3},{"damage":7,"enemies":"3 Shapes","floor":38,"turns":2},{"damage":0,"enemies":"Reptomancer","floor":40,"turns":5},{"damage":13,"enemies":"Spire Growth","floor":41,"turns":4},{"damage":0,"enemies":"Nemesis","floor":42,"turns":5},{"damage":0,"enemies":"Reptomancer","floor":44,"turns":4},{"damage":0,"enemies":"Writhing Mass","floor":46,"turns":4},{"damage":22,"enemies":"2 Orb Walkers","floor":47,"turns":4},{"damage":0,"enemies":"Giant Head","floor":48,"turns":6},{"damage":35,"enemies":"Awakened One","floor":50,"turns":10}],"seed_played":"6647539665217327738","potions_obtained":[{"floor":3,"key":"FearPotion"},{"floor":8,"key":"AttackPotion"},{"floor":16,"key":"FocusPotion"},{"floor":28,"key":"SpeedPotion"},{"floor":30,"key":"Swift Potion"},{"floor":33,"key":"Weak Potion"},{"floor":35,"key":"Dexterity Potion"},{"floor":40,"key":"Fire Potion"},{"floor":46,"key":"SkillPotion"}],"is_trial":false,"path_per_floor":["M","?","M","M","M","R","E","M","T","R","M","M","E","$","R","B",null,"M","?","?","T","$","E","R","E","T","?","E","$","E","?","R","B",null,"M","$","?","M","?","E","M","E","T","E","R","M","?","E","R","B",null],"character_chosen":"DEFECT","items_purchased":["DataDisk","Defragment","Defragment","Blizzard","Storm+1","Storm+1","Chill"],"campfire_rested":0,"item_purchase_floors":[14,14,22,22,29,36,36],"current_hp_per_floor":[66,66,65,64,57,57,40,40,40,40,40,39,32,32,32,38,75,75,75,75,75,75,66,66,53,53,35,36,36,18,18,18,29,86,86,86,86,81,81,81,70,70,70,70,70,85,63,96,96,87],"gold":247,"neow_bonus":"RANDOM_COLORLESS","is_prod":false,"is_daily":false,"chose_seed":false,"campfire_upgraded":7,"win_rate":0,"timestamp":1549104315,"path_taken":["M","?","M","M","M","R","E","?","T","R","M","M","E","$","R","BOSS","M","?","?","?","$","E","R","E","T","?","E","$","E","?","R","BOSS","M","$","?","M","?","E","M","E","T","E","R","M","?","E","R","BOSS"],"build_version":"2019-01-23","purchased_purges":1,"victory":true,"max_hp_per_floor":[75,75,75,75,75,75,75,75,75,75,75,75,75,75,75,75,75,75,75,75,75,75,82,82,82,82,84,84,84,86,86,86,86,86,86,86,86,88,88,88,90,90,90,90,90,98,98,98,98,98],"card_choices":[{"not_picked":["Recycle","Hologram"],"picked":"Cold Snap","floor":1},{"not_picked":["Sweeping Beam","Go for the Eyes"],"picked":"Cold Snap","floor":3},{"not_picked":["Redo","Go for the Eyes"],"picked":"Conserve Battery","floor":4},{"not_picked":["Compile Driver","Double Energy"],"picked":"Coolheaded","floor":5},{"not_picked":["Ball Lightning","Auto Shields","Barrage"],"picked":"SKIP","floor":7},{"not_picked":["Barrage","Doom and Gloom","Cold Snap"],"picked":"SKIP","floor":8},{"not_picked":["Doom and Gloom","Sweeping Beam","Turbo"],"picked":"SKIP","floor":11},{"not_picked":["Amplify","Chaos"],"picked":"Self Repair","floor":12},{"not_picked":["Cold Snap","Compile Driver","Recycle"],"picked":"SKIP","floor":13},{"not_picked":["Core Surge","Seek"],"picked":"Echo Form","floor":16},{"not_picked":["Rebound","Barrage","Sunder+1"],"picked":"SKIP","floor":18},{"not_picked":["Hologram+1","Ball Lightning"],"picked":"Buffer","floor":23},{"not_picked":["Redo","Stack","Hologram"],"picked":"SKIP","floor":25},{"not_picked":["Aggregate","Beam Cell","Sweeping Beam+1"],"picked":"Singing Bowl","floor":27},{"not_picked":["Fusion+1","Genetic Algorithm"],"picked":"Electrodynamics+1","floor":28},{"not_picked":["Go for the Eyes+1","Recycle","Leap"],"picked":"Singing Bowl","floor":30},{"not_picked":["Multi-Cast","All For One"],"picked":"Buffer+1","floor":33},{"not_picked":["Self Repair+1","Beam Cell+1"],"picked":"Glacier","floor":35},{"not_picked":["Sweeping Beam+1","Leap","Streamline+1"],"picked":"Singing Bowl","floor":38},{"not_picked":["Melter","Streamline"],"picked":"Glacier","floor":40},{"not_picked":["Rebound","Go for the Eyes+1","Cold Snap"],"picked":"Singing Bowl","floor":41},{"not_picked":["Cold Snap","Consume"],"picked":"Machine Learning+1","floor":42},{"not_picked":["Streamline","Barrage+1"],"picked":"Loop+1","floor":44},{"not_picked":["Double Energy","Hologram","Barrage"],"picked":"Singing Bowl","floor":46},{"not_picked":["Chill","Sunder+1"],"picked":"Coolheaded+1","floor":47},{"not_picked":["Go for the Eyes","Compile Driver+1"],"picked":"Storm+1","floor":48}],"player_experience":1219402,"relics_obtained":[{"floor":7,"key":"Pocketwatch"},{"floor":9,"key":"Cables"},{"floor":13,"key":"Nunchaku"},{"floor":21,"key":"Bottled Lightning"},{"floor":23,"key":"Strawberry"},{"floor":25,"key":"Pen Nib"},{"floor":26,"key":"Frozen Egg 2"},{"floor":27,"key":"Thread and Needle"},{"floor":27,"key":"Singing Bowl"},{"floor":28,"key":"Pantograph"},{"floor":30,"key":"WingedGreaves"},{"floor":40,"key":"Darkstone Periapt"},{"floor":42,"key":"The Courier"},{"floor":43,"key":"Orichalcum"},{"floor":44,"key":"Bottled Flame"},{"floor":47,"key":"Bird Faced Urn"},{"floor":48,"key":"Juzu Bracelet"}],"event_choices":[{"cards_removed":["Strike_B"],"damage_healed":0,"gold_gain":0,"player_choice":"Purged","damage_taken":0,"max_hp_gain":0,"max_hp_loss":0,"event_name":"Purifier","floor":2,"gold_loss":0},{"damage_healed":0,"gold_gain":0,"player_choice":"Opened","damage_taken":0,"relics_obtained":["Centennial Puzzle"],"max_hp_gain":0,"max_hp_loss":0,"event_name":"The Mausoleum","floor":19,"gold_loss":0},{"cards_removed":["Strike_B"],"damage_healed":0,"gold_gain":0,"player_choice":"Gave Gold","damage_taken":0,"max_hp_gain":0,"max_hp_loss":0,"event_name":"Beggar","floor":20,"gold_loss":75},{"damage_healed":0,"gold_gain":0,"player_choice":"Fight","damage_taken":0,"max_hp_gain":0,"max_hp_loss":0,"event_name":"Colosseum","floor":27,"gold_loss":0},{"damage_healed":0,"gold_gain":0,"player_choice":"Fought Nobs","damage_taken":0,"max_hp_gain":0,"max_hp_loss":0,"event_name":"Colosseum","floor":27,"gold_loss":0},{"damage_healed":0,"gold_gain":0,"player_choice":"Ignored","damage_taken":0,"max_hp_gain":0,"max_hp_loss":0,"event_name":"Cursed Tome","floor":31,"gold_loss":0},{"damage_healed":0,"gold_gain":0,"player_choice":"Paid","damage_taken":0,"relics_obtained":["Red Mask"],"max_hp_gain":0,"max_hp_loss":0,"event_name":"Tomb of Lord Red Mask","floor":37,"gold_loss":98},{"cards_removed":["Defend_B"],"damage_healed":0,"gold_gain":0,"player_choice":"Removed Skill","damage_taken":0,"max_hp_gain":0,"max_hp_loss":0,"event_name":"Falling","floor":39,"gold_loss":0},{"damage_healed":0,"gold_gain":0,"player_choice":"Fight","damage_taken":0,"max_hp_gain":0,"max_hp_loss":0,"event_name":"Mysterious Sphere","floor":47,"gold_loss":0}],"is_beta":true,"boss_relics":[{"not_picked":["Tiny House","Ectoplasm"],"picked":"Empty Cage"},{"not_picked":["Velvet Choker","Fusion Hammer"],"picked":"FrozenCore"}],"items_purged_floors":[29],"is_endless":false,"potions_floor_spawned":[3,8,16,27,28,30,33,35,40,41,46],"ascension_level":1}