{"gold_per_floor":[115,131,131,231,241,255,266,266,266,280,21,21,21,45,45,45],"floor_reached":16,"playtime":777,"items_purged":["Strike_R"],"score":94,"play_id":"17213178-3cd3-498b-ae71-3671203dae02","local_time":"20181222144803","is_ascension_mode":false,"campfire_choices":[{"data":"Armaments","floor":8,"key":"SMITH"},{"data":"Apotheosis","floor":15,"key":"SMITH"}],"neow_cost":"NONE","seed_source_timestamp":657372273835,"circlet_count":0,"master_deck":["Strike_R","Strike_R","Strike_R","Strike_R","Defend_R","Defend_R","Defend_R","Defend_R","Bash","Combust","Warcry","Flex","Cleave","Armaments+1","Ghostly Armor","Apotheosis+1"],"relics":["Burning Blood","Regal Pillow","Ancient Tea Set","Golden Idol","Blood Vial"],"potions_floor_usage":[5,7],"damage_taken":[{"damage":12,"enemies":"Jaw Worm","floor":1,"turns":7},{"damage":9,"enemies":"Small Slimes","floor":2,"turns":4},{"damage":10,"enemies":"Cultist","floor":5,"turns":5},{"damage":32,"enemies":"Exordium Wildlife","floor":6,"turns":4},{"damage":16,"enemies":"Blue Slaver","floor":7,"turns":3},{"damage":3,"enemies":"3 Louse","floor":10,"turns":2},{"damage":13,"enemies":"Looter","floor":14,"turns":3},{"damage":36,"enemies":"Slime Boss","floor":16,"turns":3}],"seed_played":"-13331487977488350","potions_obtained":[{"floor":1,"key":"EssenceOfSteel"},{"floor":6,"key":"SteroidPotion"},{"floor":10,"key":"BloodPotion"},{"floor":14,"key":"PowerPotion"}],"is_trial":false,"path_per_floor":["M","M","?","?","M","M","M","R","T","M","$","?","T","M","R","B"],"character_chosen":"IRONCLAD","items_purchased":["Apotheosis"],"campfire_rested":0,"item_purchase_floors":[11],"current_hp_per_floor":[82,79,76,76,72,46,36,36,36,39,39,39,39,34,34,0],"gold":45,"neow_bonus":"TEN_PERCENT_HP_BONUS","is_prod":false,"is_daily":false,"chose_seed":false,"campfire_upgraded":2,"win_rate":0.0,"timestamp":1545511683,"path_taken":["M","M","?","?","M","M","M","R","T","?","$","?","?","M","R","BOSS"],"build_version":"2018-12-20","purchased_purges":1,"victory":false,"max_hp_per_floor":[88,88,88,88,88,88,88,88,88,88,88,81,81,81,81,81],"card_choices":[{"not_picked":["Twin Strike","Flex"],"picked":"Combust","floor":1},{"not_picked":["Anger","Sword Boomerang"],"picked":"Warcry","floor":2},{"not_picked":["Sword Boomerang","Hemokinesis"],"picked":"Flex","floor":5},{"not_picked":["Disarm","Headbutt"],"picked":"Cleave","floor":6},{"not_picked":["Blood for Blood","Disarm"],"picked":"Armaments","floor":7},{"not_picked":["Anger","Clothesline"],"picked":"Ghostly Armor","floor":10},{"not_picked":["Sword Boomerang","Rage","Anger"],"picked":"SKIP","floor":14}],"player_experience":78193,"relics_obtained":[{"floor":9,"key":"Ancient Tea Set"},{"floor":13,"key":"Blood Vial"}],"event_choices":[{"damage_healed":0,"gold_gain":0,"player_choice":"Success","damage_taken":3,"relics_obtained":["Regal Pillow"],"max_hp_gain":0,"max_hp_loss":0,"event_name":"Scrap Ooze","floor":3,"gold_loss":0},{"damage_healed":0,"gold_gain":100,"player_choice":"Pray","damage_taken":0,"max_hp_gain":0,"max_hp_loss":0,"event_name":"Golden Shrine","floor":4,"gold_loss":0},{"damage_healed":0,"gold_gain":0,"player_choice":"Lose Max HP","damage_taken":0,"relics_obtained":["Golden Idol"],"max_hp_gain":0,"max_hp_loss":7,"event_name":"Golden Idol","floor":12,"gold_loss":0}],"is_beta":false,"boss_relics":[],"items_purged_floors":[11],"is_endless":false,"potions_floor_spawned":[1,6,10,14],"killed_by":"Slime Boss","ascension_level":0}