{"gold_per_floor":[119,119,139,157,169,202,202],"floor_reached":7,"playtime":229,"items_purged":[],"score":98,"play_id":"cca92388-2c1c-4749-b70e-b4b3abf56681","local_time":"20181203124210","is_ascension_mode":true,"campfire_choices":[],"neow_cost":"NONE","seed_source_timestamp":1537207313411759,"circlet_count":0,"master_deck":["AscendersBane","Strike_B","Strike_B","Strike_B","Strike_B","Defend_B","Defend_B","Defend_B","Defend_B","Zap","Dualcast","White Noise","Cold Snap","Loop","FTL"],"special_seed":0,"relics":["Cracked Core","Smiling Mask","FaceOfCleric","Mercury Hourglass"],"potions_floor_usage":[6],"damage_taken":[{"damage":9,"enemies":"Jaw Worm","floor":1,"turns":3},{"damage":1,"enemies":"Cultist","floor":3,"turns":4},{"damage":0,"enemies":"2 Louse","floor":4,"turns":3},{"damage":10,"enemies":"Exordium Thugs","floor":5,"turns":4},{"damage":32,"enemies":"Gremlin Nob","floor":6,"turns":4},{"damage":18,"enemies":"The Mushroom Lair","floor":7,"turns":2}],"seed_played":"-6713816739397075271","potions_obtained":[{"floor":3,"key":"Poison Potion"},{"floor":4,"key":"Swift Potion"}],"is_trial":false,"path_per_floor":["M","?","M","M","M","E","?"],"character_chosen":"DEFECT","items_purchased":[],"campfire_rested":0,"item_purchase_floors":[],"current_hp_per_floor":[55,55,55,56,47,16,0],"gold":202,"neow_bonus":"RANDOM_COMMON_RELIC","is_prod":false,"is_daily":false,"chose_seed":false,"campfire_upgraded":0,"win_rate":0,"timestamp":1543869730,"path_taken":["M","?","M","?","M","E","?"],"build_version":"2018-11-15","purchased_purges":0,"victory":false,"max_hp_per_floor":[71,71,72,73,74,75,75],"card_choices":[{"not_picked":["Redo","Reprogram"],"picked":"White Noise","floor":1},{"not_picked":["Redo","Sweeping Beam"],"picked":"Cold Snap","floor":3},{"not_picked":["Conserve Battery","Aggregate"],"picked":"Loop","floor":4},{"not_picked":["Lockon","Melter","Stack"],"picked":"SKIP","floor":5},{"not_picked":["Blizzard","Storm"],"picked":"FTL","floor":6}],"player_experience":1536744,"relics_obtained":[{"floor":6,"key":"Mercury Hourglass"}],"event_choices":[{"damage_healed":0,"gold_gain":0,"player_choice":"Trade","damage_taken":0,"relics_obtained":["FaceOfCleric"],"max_hp_gain":0,"max_hp_loss":0,"event_name":"FaceTrader","floor":2,"gold_loss":0},{"damage_healed":0,"gold_gain":0,"player_choice":"Fought Mushrooms","damage_taken":0,"max_hp_gain":0,"max_hp_loss":0,"event_name":"Mushrooms","floor":7,"gold_loss":0}],"is_beta":false,"boss_relics":[],"items_purged_floors":[],"is_endless":false,"potions_floor_spawned":[3,4,5],"killed_by":"The Mushroom Lair","ascension_level":17}