{"gold_per_floor":[118,268,79,91,91,121,121,141,141,141,141,151,182,106,106,181,181,198,198,210,210,210,210,222,222,222,249,249,249,276,291,291,291],"floor_reached":33,"playtime":1222,"items_purged":["Doubt"],"score":665,"play_id":"9a3e7832-1ed8-4398-9f2f-47e9d520dc25","local_time":"20190122145648","is_ascension_mode":true,"campfire_choices":[{"data":"Zap","floor":7.0,"key":"SMITH"},{"data":"Hologram","floor":11.0,"key":"SMITH"},{"data":"All For One","floor":15.0,"key":"SMITH"},{"data":"Leap","floor":23,"key":"SMITH"},{"data":"Conserve Battery","floor":25,"key":"SMITH"},{"floor":29,"key":"REST"},{"floor":32,"key":"REST"}],"neow_cost":"NONE","seed_source_timestamp":512606833048231,"circlet_count":0,"master_deck":["AscendersBane","Strike_B","Defend_B","Defend_B","Defend_B","Defend_B","Zap+1","Dualcast","Hologram+1","Cold Snap","FTL","Ball Lightning","Redo","Ball Lightning","Go for the Eyes","Chill","All For One+1","Electrodynamics","Ball Lightning","Writhe","Leap+1","Conserve Battery+1","Fission+1","Capacitor"],"special_seed":0,"relics":["Cracked Core","NeowsBlessing","FossilizedHelix","Unceasing Top","Oddly Smooth Stone","Bag of Preparation","Empty Cage","Singing Bowl","Darkstone Periapt","Dodecahedron","Girya","Molten Egg 2"],"potions_floor_usage":[20,33],"damage_taken":[{"damage":0.0,"enemies":"Cultist","floor":1.0,"turns":1.0},{"damage":0.0,"enemies":"Small Slimes","floor":4.0,"turns":1.0},{"damage":0.0,"enemies":"Gremlin Nob","floor":6.0,"turns":1.0},{"damage":0.0,"enemies":"Jaw Worm","floor":8.0,"turns":2.0},{"damage":0.0,"enemies":"2 Fungi Beasts","floor":12.0,"turns":3.0},{"damage":0.0,"enemies":"3 Sentries","floor":13.0,"turns":6.0},{"damage":15.0,"enemies":"The Guardian","floor":16.0,"turns":11.0},{"damage":0.0,"enemies":"Chosen","floor":18.0,"turns":3.0},{"damage":8,"enemies":"Shell Parasite","floor":20,"turns":3},{"damage":13,"enemies":"Snecko","floor":24,"turns":5},{"damage":24,"enemies":"Gremlin Leader","floor":27,"turns":5},{"damage":14,"enemies":"Slavers","floor":30,"turns":4},{"damage":1,"enemies":"Snake Plant","floor":31,"turns":4},{"damage":58,"enemies":"Automaton","floor":33,"turns":6}],"seed_played":"-7195328874758937612","potions_obtained":[{"floor":1.0,"key":"Energy Potion"},{"floor":6.0,"key":"EssenceOfSteel"},{"floor":13.0,"key":"Dexterity Potion"},{"floor":18.0,"key":"Swift Potion"},{"floor":24,"key":"Poison Potion"}],"is_trial":false,"path_per_floor":["M","?","$","M","?","E","R","M","T","T","R","M","E","$","R","B",null,"M","?","M","T","?","R","M","R","T","E","?","R","E","M","R","B"],"character_chosen":"DEFECT","items_purchased":["Cold Snap","FTL","All For One"],"campfire_rested":2,"item_purchase_floors":[3,3,14],"current_hp_per_floor":[64,64,64,64,64,64,64,64,64,64,64,64,64,64,64,49,66,66,66,58,58,58,58,45,45,45,21,21,42,28,29,50,0],"gold":291,"neow_bonus":"THREE_ENEMY_KILL","is_prod":false,"is_daily":false,"chose_seed":false,"campfire_upgraded":5,"win_rate":0,"timestamp":1548197808,"path_taken":["M","?","$","M","?","E","R","?","T","?","R","?","E","?","R","BOSS","M","?","M","?","?","R","M","R","T","E","?","R","E","?","R","BOSS"],"build_version":"2019-01-17v2","purchased_purges":1,"victory":false,"max_hp_per_floor":[71,71,71,71,71,71,71,71,71,71,71,71,71,71,71,71,71,71,71,71,71,71,71,71,71,71,71,71,71,71,73,73,73],"card_choices":[{"not_picked":["Reinforced Body","Gash"],"picked":"Hologram","floor":1.0},{"not_picked":["Stack","Aggregate"],"picked":"Ball Lightning","floor":4.0},{"not_picked":["Consume","Redo"],"picked":"Ball Lightning","floor":6.0},{"not_picked":["Hologram","BootSequence"],"picked":"Go for the Eyes","floor":8.0},{"not_picked":["Compile Driver","Stack","Skim"],"picked":"SKIP","floor":12.0},{"not_picked":["Beam Cell","Go for the Eyes"],"picked":"Chill","floor":13.0},{"not_picked":["Reboot","Fission"],"picked":"Electrodynamics","floor":16.0},{"not_picked":["Leap","Hello World+1"],"picked":"Ball Lightning","floor":18.0},{"not_picked":["Steam Power","Force Field+1"],"picked":"Leap","floor":20},{"not_picked":["BootSequence","Recycle"],"picked":"Conserve Battery","floor":24},{"not_picked":["Seek","Go for the Eyes+1"],"picked":"Fission","floor":27},{"not_picked":["Blizzard","BootSequence"],"picked":"Capacitor","floor":30},{"not_picked":["Redo+1","Static Discharge","Compile Driver+1"],"picked":"Singing Bowl","floor":31}],"player_experience":1722867,"relics_obtained":[{"floor":6.0,"key":"FossilizedHelix"},{"floor":9.0,"key":"Unceasing Top"},{"floor":10.0,"key":"Oddly Smooth Stone"},{"floor":13.0,"key":"Bag of Preparation"},{"floor":21,"key":"Darkstone Periapt"},{"floor":26,"key":"Dodecahedron"},{"floor":27,"key":"Girya"},{"floor":30,"key":"Molten Egg 2"}],"event_choices":[{"damage_healed":0.0,"max_hp_gain":0.0,"max_hp_loss":0.0,"gold_gain":150.0,"event_name":"Liars Game","player_choice":"AGREE","floor":2.0,"gold_loss":0.0,"damage_taken":0.0,"cards_obtained":["Doubt"]},{"damage_healed":0.0,"max_hp_gain":0.0,"max_hp_loss":0.0,"gold_gain":0.0,"cards_transformed":["Strike_B"],"event_name":"Transmorgrifier","player_choice":"Transformed","floor":5.0,"gold_loss":0.0,"damage_taken":0.0,"cards_obtained":["Redo"]},{"damage_healed":0.0,"max_hp_gain":0.0,"max_hp_loss":0.0,"gold_gain":0.0,"event_name":"The Mausoleum","player_choice":"Opened","floor":19.0,"gold_loss":0.0,"damage_taken":0.0,"relics_obtained":["Singing Bowl"],"cards_obtained":["Writhe"]},{"damage_healed":0,"gold_gain":0,"player_choice":"Ignored","damage_taken":0,"max_hp_gain":0,"max_hp_loss":0,"event_name":"Vampires","floor":22,"gold_loss":0},{"damage_healed":0,"gold_gain":0,"player_choice":"Forge","damage_taken":0,"max_hp_gain":0,"max_hp_loss":0,"event_name":"Accursed Blacksmith","floor":28,"gold_loss":0,"cards_upgraded":["Fission"]}],"is_beta":false,"boss_relics":[{"not_picked":["Astrolabe","Velvet Choker"],"picked":"Empty Cage"}],"items_purged_floors":[3],"is_endless":false,"potions_floor_spawned":[1,6,13,18,24,30],"killed_by":"Automaton","ascension_level":19}