{"path_per_floor":["M","$","?","M","M","E","?","M","T","M","E","?","R","E","R","B",null,"M","?","?","M","?","R","$","E","T","$","?","M","M","M","R","B",null,"M","M","?","?","M","R","E","R","T","M","M","M","M","$","R","B"],"character_chosen":"DEFECT","items_purchased":["Bottled Flame","Kunai","Echo Form","Multi-Cast","Transmutation"],"gold_per_floor":[218,143,143,156,177,218,272,296,323,347,388,353,353,391,391,514,514,528,528,528,543,543,543,44,79,79,79,79,92,111,136,136,264,264,285,298,298,361,384,384,417,417,417,430,455,469,492,17,17,17],"floor_reached":51,"campfire_rested":4,"playtime":2439,"item_purchase_floors":[24,24,48,48,48],"current_hp_per_floor":[69,69,51,46,46,35,35,23,23,21,7,25,62,27,64,17,75,69,69,69,54,38,75,75,67,67,67,67,67,67,62,62,37,75,60,60,60,59,59,59,47,47,47,39,50,51,50,50,75,31],"items_purged":["Defend_B"],"gold":17,"score":819,"play_id":"d757a193-cb6e-4aa3-9233-63b0c47b5bd7","local_time":"20180602083839","is_prod":false,"is_daily":false,"chose_seed":false,"is_ascension_mode":false,"campfire_upgraded":3,"win_rate":0,"timestamp":1527946719,"campfire_choices":[{"floor":13,"key":"REST"},{"floor":15,"key":"REST"},{"floor":23,"key":"REST"},{"data":"Streamline","floor":32,"key":"SMITH"},{"data":"Buffer","floor":40,"key":"SMITH"},{"data":"Machine Learning","floor":42,"key":"SMITH"},{"floor":49,"key":"REST"}],"path_taken":["M","?","?","M","?","E","?","M","T","?","E","?","R","E","R","BOSS","M","?","?","M","?","R","$","E","T","?","?","?","?","M","R","BOSS","M","M","?","?","M","R","E","R","T","M","M","M","?","?","R","BOSS"],"build_version":"2018-05-31","seed_source_timestamp":1252964806912437,"purchased_purges":1,"victory":true,"master_deck":["Strike_B","Strike_B","Strike_B","Strike_B","Defend_B","Defend_B","Defend_B","Zap","Dualcast","Genetic Algorithm","Sunder","Rebound","Streamline+1","Genetic Algorithm","Sunder","Echo Form","Compile Driver","Machine Learning+1","Necronomicurse","Sunder","Fusion","Sunder","Conserve Battery+1","Buffer+1","Double Energy+1","Hologram+1","Streamline+1","Compile Driver+1","Compile Driver+1","Undo","Heatsinks","Force Field+1","Echo Form","Multi-Cast","Transmutation"],"max_hp_per_floor":[75,75,75,75,75,75,75,75,75,75,75,75,75,75,75,75,75,75,75,75,75,75,75,75,75,75,75,75,75,75,75,75,75,75,75,75,75,75,75,75,75,75,75,75,75,75,75,75,75,75],"relics":["Cracked Core","Golden Idol","Regal Pillow","Bag of Marbles","Bag of Preparation","Shuriken","Nuclear Battery","Ancient Tea Set","Necronomicon","Bottled Flame","Kunai","Shovel","Ginger","Velvet Choker","Unceasing Top","Bird Faced Urn","Smiling Mask"],"card_choices":[{"not_picked":["Cold Snap","BootSequence"],"picked":"Genetic Algorithm","floor":1},{"not_picked":["Fusion","Go for the Eyes"],"picked":"Sunder","floor":4},{"not_picked":["Conserve Battery","Go for the Eyes","All For One"],"picked":"SKIP","floor":5},{"not_picked":["Cold Snap","Go for the Eyes"],"picked":"Rebound","floor":6},{"not_picked":["Hello World","Rebound"],"picked":"Streamline","floor":8},{"not_picked":["Heatsinks","Cold Snap"],"picked":"Genetic Algorithm","floor":10},{"not_picked":["Thunder Strike","Rebound"],"picked":"Sunder","floor":11},{"not_picked":["Heatsinks","Chaos"],"picked":"Echo Form","floor":14},{"not_picked":["Echo Form","Thunder Strike"],"picked":"Seek","floor":16},{"not_picked":["Cold Snap","Gash","Turbo"],"picked":"SKIP","floor":18},{"not_picked":["Steam","Sunder"],"picked":"Machine Learning","floor":21},{"not_picked":["Leap","Steam"],"picked":"Sunder","floor":25},{"not_picked":["Conserve Battery","Force Field"],"picked":"Fusion","floor":29},{"not_picked":["Steam Power","Barrage"],"picked":"Sunder","floor":30},{"not_picked":["Heatsinks","Steam"],"picked":"Conserve Battery+1","floor":31},{"not_picked":["Meteor Strike","Electrodynamics"],"picked":"Buffer","floor":33},{"not_picked":["BootSequence+1","Compile Driver+1"],"picked":"Double Energy+1","floor":35},{"not_picked":["Leap+1","Stack"],"picked":"Hologram+1","floor":36},{"not_picked":["Leap","Steam"],"picked":"Streamline+1","floor":38},{"not_picked":["Melter+1","Turbo"],"picked":"Compile Driver+1","floor":39},{"not_picked":["Hologram","Barrage+1"],"picked":"Compile Driver+1","floor":41},{"not_picked":["Steam","Redo","Skim"],"picked":"SKIP","floor":44},{"not_picked":["Rip and Tear+1","Ball Lightning"],"picked":"Undo","floor":45},{"not_picked":["Glacier+1","Leap"],"picked":"Heatsinks","floor":46},{"not_picked":["Barrage","Genetic Algorithm"],"picked":"Force Field+1","floor":47}],"player_experience":215814,"potions_floor_usage":[33,33,45,50,50,50],"damage_taken":[{"damage":6,"enemies":"Cultist","floor":1,"turns":3},{"damage":5,"enemies":"Jaw Worm","floor":4,"turns":3},{"damage":0,"enemies":"Small Slimes","floor":5,"turns":3},{"damage":11,"enemies":"3 Sentries","floor":6,"turns":5},{"damage":12,"enemies":"Exordium Wildlife","floor":8,"turns":3},{"damage":2,"enemies":"3 Louse","floor":10,"turns":2},{"damage":14,"enemies":"Gremlin Nob","floor":11,"turns":3},{"damage":35,"enemies":"Lagavulin","floor":14,"turns":5},{"damage":47,"enemies":"Hexaghost","floor":16,"turns":8},{"damage":6,"enemies":"3 Byrds","floor":18,"turns":5},{"damage":15,"enemies":"2 Thieves","floor":21,"turns":4},{"damage":8,"enemies":"Slavers","floor":25,"turns":4},{"damage":0,"enemies":"3 Cultists","floor":29,"turns":3},{"damage":0,"enemies":"Snake Plant","floor":30,"turns":3},{"damage":5,"enemies":"Chosen and Byrds","floor":31,"turns":3},{"damage":25,"enemies":"Automaton","floor":33,"turns":7},{"damage":15,"enemies":"3 Darklings","floor":35,"turns":4},{"damage":0,"enemies":"Orb Walker","floor":36,"turns":1},{"damage":1,"enemies":"Mysterious Sphere","floor":38,"turns":3},{"damage":0,"enemies":"Sphere and 2 Shapes","floor":39,"turns":2},{"damage":12,"enemies":"Nemesis","floor":41,"turns":3},{"damage":12,"enemies":"4 Shapes","floor":44,"turns":3},{"damage":0,"enemies":"3 Darklings","floor":45,"turns":3},{"damage":3,"enemies":"Sphere and 2 Shapes","floor":46,"turns":3},{"damage":5,"enemies":"4 Shapes","floor":47,"turns":3},{"damage":54,"enemies":"Donu and Deca","floor":50,"turns":9}],"relics_obtained":[{"floor":6,"key":"Regal Pillow"},{"floor":9,"key":"Bag of Marbles"},{"floor":11,"key":"Bag of Preparation"},{"floor":14,"key":"Shuriken"},{"floor":22,"key":"Necronomicon"},{"floor":25,"key":"Shovel"},{"floor":26,"key":"Ginger"},{"floor":38,"key":"Unceasing Top"},{"floor":41,"key":"Bird Faced Urn"},{"floor":43,"key":"Smiling Mask"}],"event_choices":[{"event_name":"Golden Idol","player_choice":"Take Damage","floor":3,"damage_taken":0},{"event_name":"Golden Wing","player_choice":"Gained Gold","floor":7,"damage_taken":0},{"event_name":"The Cleric","player_choice":"Healed","floor":12,"damage_taken":0},{"event_name":"The Library","player_choice":"Read","floor":19,"damage_taken":0},{"event_name":"The Mausoleum","player_choice":"Yes","floor":20,"damage_taken":0},{"event_name":"Cursed Tome","player_choice":"Obtained Book","floor":22,"damage_taken":0},{"event_name":"Purifier","player_choice":"One Purge","floor":28,"damage_taken":0},{"event_name":"Mysterious Sphere","player_choice":"Fight","floor":38,"damage_taken":0}],"boss_relics":[{"not_picked":["Astrolabe","Tiny House"],"picked":"Nuclear Battery"},{"not_picked":["Orrery","Runic Pyramid"],"picked":"Velvet Choker"}],"items_purged_floors":[2],"potions_floor_spawned":[6,10,14,21,29,30,33,36,39,44,47],"seed_played":"-8712804860138615498","ascension_level":0,"potions_obtained":[{"floor":6,"key":"Strength Potion"},{"floor":10,"key":"Strength Potion"},{"floor":14,"key":"Strength Potion"},{"floor":29,"key":"Regen Potion"},{"floor":33,"key":"Ancient Potion"},{"floor":36,"key":"Weak Potion"},{"floor":44,"key":"FearPotion"},{"floor":47,"key":"Dexterity Potion"}],"is_trial":false}