{"gold_per_floor":[109,126,126,141,153,184,184,203,203,216,3,13,13,31,31,135,135,147,52,68,88,98,98,23,42,42,42,42,42,42],"floor_reached":30,"playtime":1327,"items_purged":[],"score":320,"play_id":"4c5abd3c-93f5-443e-b17e-9f0818fba344","local_time":"20190205010756","is_ascension_mode":true,"campfire_choices":[{"data":"Perfected Strike","floor":7,"key":"SMITH"},{"data":"Bash","floor":13,"key":"SMITH"},{"data":"Power Through","floor":15,"key":"SMITH"},{"floor":23,"key":"REST"},{"floor":27,"key":"REST"}],"neow_cost":"NONE","seed_source_timestamp":131249366009531,"circlet_count":0,"master_deck":["Strike_R","Strike_R","Strike_R","Strike_R","Strike_R","Defend_R","Defend_R","Defend_R","Bash+1","Battle Trance","Flex","Shrug It Off","Reckless Charge","Perfected Strike+1","Power Through+1","Pommel Strike","Feel No Pain","Whirlwind","Ghostly Armor","Twin Strike","Offering","Pommel Strike","Wild Strike","Metallicize","Sentinel","Ghostly Armor","True Grit+1","Normality","Shame"],"relics":["Burning Blood","Boot","Pear","Kunai","Cursed Key","Darkstone Periapt","Letter Opener"],"potions_floor_usage":[16,16,16,30],"damage_taken":[{"damage":0,"enemies":"Small Slimes","floor":1,"turns":3},{"damage":6,"enemies":"Cultist","floor":2,"turns":3},{"damage":7,"enemies":"Jaw Worm","floor":4,"turns":3},{"damage":8,"enemies":"Blue Slaver","floor":5,"turns":4},{"damage":42,"enemies":"3 Sentries","floor":6,"turns":12},{"damage":17,"enemies":"Looter","floor":8,"turns":3},{"damage":14,"enemies":"Red Slaver","floor":10,"turns":3},{"damage":3,"enemies":"Blue Slaver","floor":12,"turns":3},{"damage":6,"enemies":"Looter","floor":14,"turns":2},{"damage":44,"enemies":"The Guardian","floor":16,"turns":10},{"damage":6,"enemies":"Spheric Guardian","floor":18,"turns":3},{"damage":20,"enemies":"Chosen","floor":20,"turns":6},{"damage":34,"enemies":"Snake Plant","floor":21,"turns":4},{"damage":10,"enemies":"Centurion and Healer","floor":22,"turns":6},{"damage":26,"enemies":"Shelled Parasite and Fungi","floor":25,"turns":7},{"damage":68,"enemies":"Book of Stabbing","floor":30,"turns":5}],"seed_played":"-7192519894753981163","potions_obtained":[{"floor":1,"key":"SmokeBomb"},{"floor":6,"key":"GamblersBrew"},{"floor":10,"key":"Explosive Potion"},{"floor":12,"key":"Regen Potion"},{"floor":14,"key":"AttackPotion"},{"floor":21,"key":"Explosive Potion"},{"floor":25,"key":"GamblersBrew"}],"is_trial":false,"path_per_floor":["M","M","?","M","M","E","R","M","T","M","$","M","R","M","R","B",null,"M","$","M","M","M","R","?","M","T","R","?","$","E"],"character_chosen":"IRONCLAD","items_purchased":["Feel No Pain","Whirlwind","Ghostly Armor","Wild Strike","Metallicize"],"campfire_rested":2,"item_purchase_floors":[11,11,11,19,19],"current_hp_per_floor":[80,80,80,79,77,51,51,40,40,32,32,35,35,35,35,12,71,71,71,57,29,25,52,52,32,32,59,65,65,0],"gold":42,"neow_bonus":"RANDOM_COMMON_RELIC","is_prod":false,"is_daily":false,"chose_seed":false,"campfire_upgraded":3,"win_rate":0,"timestamp":1549296476,"path_taken":["M","M","?","M","?","E","R","M","T","M","$","M","R","M","R","BOSS","M","$","?","M","M","R","?","M","T","R","?","$","E"],"build_version":"2019-01-23","purchased_purges":0,"victory":false,"max_hp_per_floor":[80,80,80,80,80,90,90,90,90,90,90,90,90,90,90,90,90,90,90,90,90,90,90,90,90,90,90,96,96,96],"card_choices":[{"not_picked":["Fire Breathing","Thunderclap"],"picked":"Battle Trance","floor":1},{"not_picked":["Warcry","Entrench"],"picked":"Flex","floor":2},{"not_picked":["Body Slam","Warcry"],"picked":"Shrug It Off","floor":4},{"not_picked":["Clash","Shockwave"],"picked":"Reckless Charge","floor":5},{"not_picked":["Flex","Cleave"],"picked":"Perfected Strike","floor":6},{"not_picked":["Rupture","Iron Wave"],"picked":"Power Through","floor":8},{"not_picked":["Combust","Bloodletting"],"picked":"Pommel Strike","floor":10},{"not_picked":["Rampage","Feel No Pain","Iron Wave"],"picked":"SKIP","floor":12},{"not_picked":["Perfected Strike","Clash"],"picked":"Twin Strike","floor":14},{"not_picked":["Exhume","Double Tap"],"picked":"Offering","floor":16},{"not_picked":["Iron Wave","Headbutt+1"],"picked":"Pommel Strike","floor":18},{"not_picked":["Armaments","Intimidate+1"],"picked":"Sentinel","floor":20},{"not_picked":["Pummel","Disarm"],"picked":"Ghostly Armor","floor":21},{"not_picked":["Iron Wave+1","Sword Boomerang"],"picked":"True Grit+1","floor":22},{"not_picked":["Bludgeon","Flex+1","Searing Blow"],"picked":"SKIP","floor":25}],"player_experience":806478,"relics_obtained":[{"floor":6,"key":"Pear"},{"floor":9,"key":"Kunai"},{"floor":26,"key":"Darkstone Periapt"}],"event_choices":[{"damage_healed":0,"gold_gain":0,"player_choice":"Bought 0 Potions","damage_taken":0,"max_hp_gain":0,"max_hp_loss":0,"event_name":"The Woman in Blue","floor":3,"gold_loss":0},{"cards_removed":["Defend_R"],"damage_healed":0,"gold_gain":0,"player_choice":"Gave Gold","damage_taken":0,"max_hp_gain":0,"max_hp_loss":0,"event_name":"Beggar","floor":24,"gold_loss":75},{"damage_healed":0,"gold_gain":0,"player_choice":"Stole Relic","damage_taken":0,"relics_obtained":["Letter Opener"],"max_hp_gain":0,"max_hp_loss":0,"event_name":"Addict","floor":28,"gold_loss":0,"cards_obtained":["Shame"]}],"is_beta":false,"boss_relics":[{"not_picked":["Tiny House","Empty Cage"],"picked":"Cursed Key"}],"items_purged_floors":[],"is_endless":false,"potions_floor_spawned":[1,6,10,12,14,21,25],"killed_by":"Book of Stabbing","ascension_level":5}