{"gold_per_floor":[115,190,140,155,155,155,188,113,140,140,151,151,170,180,180,276,276,289,82,82,98,23,48,48,66,66,99,99,99,99,117,117,222,222,242,260,260,77,93,113,139,414,438,79,95,109,109,109,109,109,109,109,109,109],"floor_reached":54,"playtime":5050,"items_purged":["Strike_B","Regret"],"score":782,"play_id":"ae51a1b2-b9c6-47d1-81e9-9df26421b51d","local_time":"20181123041744","is_ascension_mode":false,"campfire_choices":[{"data":"Loop","floor":6,"key":"SMITH"},{"data":"White Noise","floor":10,"key":"SMITH"},{"floor":12,"key":"REST"},{"data":"Capacitor","floor":15,"key":"SMITH"},{"data":"Multi-Cast","floor":24,"key":"SMITH"},{"floor":28,"key":"RECALL"},{"data":"Go for the Eyes","floor":30,"key":"SMITH"},{"data":"Reinforced Body","floor":32,"key":"SMITH"},{"floor":49,"key":"REST"},{"floor":52,"key":"REST"}],"neow_cost":"TEN_PERCENT_HP_LOSS","seed_source_timestamp":88826823114429,"circlet_count":0,"master_deck":["Zap+1","Loop+1","Multi-Cast+1","White Noise+1","Capacitor+1","Reinforced Body+1","All For One","Steam","Steam","Go for the Eyes+1","Conserve Battery","Conserve Battery+1","Electrodynamics","Redo+1","Creative AI+1","Echo Form","Metamorphosis","Go for the Eyes+1","Steam","Chrysalis+1","Creative AI","Gash+1"],"relics":["FrozenCore","Cables","Strawberry","Pandora\u0027s Box","Chemical X","Letter Opener","Matryoshka","Sundial","NlothsMask","Peace Pipe"],"potions_floor_usage":[16,16,16,23,23,27,41,48,50],"damage_taken":[{"damage":10,"enemies":"Small Slimes","floor":1,"turns":3},{"damage":1,"enemies":"Jaw Worm","floor":4,"turns":4},{"damage":13,"enemies":"Lagavulin","floor":7,"turns":6},{"damage":1,"enemies":"Cultist","floor":11,"turns":3},{"damage":0,"enemies":"3 Louse","floor":13,"turns":1},{"damage":0,"enemies":"2 Fungi Beasts","floor":14,"turns":3},{"damage":9,"enemies":"Hexaghost","floor":16,"turns":8},{"damage":7,"enemies":"2 Thieves","floor":18,"turns":5},{"damage":0,"enemies":"Chosen","floor":21,"turns":3},{"damage":33,"enemies":"Slavers","floor":23,"turns":3},{"damage":0,"enemies":"Snecko","floor":25,"turns":4},{"damage":0,"enemies":"Book of Stabbing","floor":27,"turns":5},{"damage":2,"enemies":"Centurion and Healer","floor":31,"turns":3},{"damage":0,"enemies":"Automaton","floor":33,"turns":6},{"damage":0,"enemies":"3 Darklings","floor":35,"turns":4},{"damage":8,"enemies":"3 Shapes","floor":36,"turns":2},{"damage":19,"enemies":"Spire Growth","floor":39,"turns":5},{"damage":11,"enemies":"Sphere and 2 Shapes","floor":40,"turns":3},{"damage":4,"enemies":"Reptomancer","floor":41,"turns":7},{"damage":0,"enemies":"4 Shapes","floor":45,"turns":4},{"damage":22,"enemies":"3 Darklings","floor":46,"turns":5},{"damage":0,"enemies":"Jaw Worm Horde","floor":48,"turns":1},{"damage":15,"enemies":"Awakened One","floor":50,"turns":12},{"damage":76,"enemies":"Shield and Spear","floor":54,"turns":5}],"seed_played":"-8890515394913773949","potions_obtained":[{"floor":1,"key":"Explosive Potion"},{"floor":7,"key":"EssenceOfSteel"},{"floor":13,"key":"SkillPotion"},{"floor":18,"key":"FocusPotion"},{"floor":21,"key":"SkillPotion"},{"floor":23,"key":"EssenceOfSteel"},{"floor":39,"key":"AttackPotion"},{"floor":41,"key":"SmokeBomb"},{"floor":45,"key":"Fire Potion"},{"floor":46,"key":"Explosive Potion"}],"is_trial":false,"path_per_floor":["M","?","?","M","?","R","E","$","T","R","M","R","M","M","R","B",null,"M","$","?","M","?","E","R","M","T","E","R","?","R","M","R","B",null,"M","M","?","$","M","M","E","?","T","$","M","M","?","M","R","B",null,"R","$","E"],"character_chosen":"DEFECT","items_purchased":["Chemical X","Metamorphosis","Chrysalis","Creative AI"],"campfire_rested":3,"item_purchase_floors":[19,38,44,44],"current_hp_per_floor":[58,47,47,46,32,32,19,19,26,26,25,47,47,47,47,38,75,68,68,68,68,68,35,35,35,35,35,35,35,35,33,33,33,75,75,67,67,67,48,37,33,33,33,33,33,11,11,11,33,18,75,75,75,0],"gold":109,"neow_bonus":"TRANSFORM_TWO_CARDS","is_prod":false,"is_daily":false,"chose_seed":false,"campfire_upgraded":6,"win_rate":0,"timestamp":1542907064,"path_taken":["M","?","?","M","?","R","E","$","T","R","?","R","M","?","R","BOSS","M","$","?","M","?","E","R","M","T","E","R","?","R","M","R","BOSS","M","M","?","$","?","M","E","?","T","$","?","M","?","?","R","BOSS","R","$","E"],"build_version":"2018-11-15","purchased_purges":2,"victory":false,"max_hp_per_floor":[68,68,68,68,68,68,68,68,75,75,75,75,75,75,75,75,75,75,75,75,75,75,75,75,75,75,75,75,75,75,75,75,75,75,75,75,75,75,75,75,75,75,75,75,75,75,75,75,75,75,75,75,75,75],"card_choices":[{"not_picked":["Aggregate","Barrage","Blizzard"],"picked":"SKIP","floor":1},{"not_picked":["Streamline","Go for the Eyes"],"picked":"White Noise","floor":4},{"not_picked":["Recycle","Storm"],"picked":"Capacitor","floor":7},{"not_picked":["Melter","Turbo"],"picked":"Reinforced Body","floor":11},{"not_picked":["Gash","Rebound","Stack"],"picked":"SKIP","floor":13},{"not_picked":["Leap","Multi-Cast","BootSequence"],"picked":"SKIP","floor":14},{"not_picked":["Meteor Strike","Fission"],"picked":"All For One","floor":16},{"not_picked":["Rebound","Turbo"],"picked":"Conserve Battery+1","floor":18},{"not_picked":["Beam Cell","Reprogram","Steam Power"],"picked":"SKIP","floor":21},{"not_picked":["Redo","Stack","Scrape+1"],"picked":"SKIP","floor":23},{"not_picked":["Compile Driver","Aggregate+1","Sweeping Beam"],"picked":"SKIP","floor":25},{"not_picked":["Cold Snap+1","Skim"],"picked":"Electrodynamics","floor":27},{"not_picked":["Genetic Algorithm+1","Hologram"],"picked":"Redo+1","floor":31},{"not_picked":["Meteor Strike","Hyperbeam"],"picked":"Creative AI","floor":33},{"not_picked":["Redo","Cold Snap","Barrage+1"],"picked":"SKIP","floor":35},{"not_picked":["Barrage+1","Skim"],"picked":"Echo Form","floor":36},{"not_picked":["Scrape+1","Barrage+1"],"picked":"Go for the Eyes+1","floor":39},{"not_picked":["Steam Power","Turbo+1"],"picked":"Steam","floor":40},{"not_picked":["Turbo+1","Ball Lightning+1","Stack+1"],"picked":"SKIP","floor":41},{"not_picked":["Ball Lightning+1","Recycle","Sweeping Beam"],"picked":"SKIP","floor":45},{"not_picked":["Go for the Eyes","Barrage+1"],"picked":"Gash+1","floor":46}],"player_experience":936870,"relics_obtained":[{"floor":7,"key":"Cables"},{"floor":9,"key":"Strawberry"},{"floor":23,"key":"Letter Opener"},{"floor":26,"key":"Matryoshka"},{"floor":27,"key":"Sundial"},{"floor":41,"key":"Peace Pipe"}],"event_choices":[{"damage_healed":0,"gold_gain":75,"player_choice":"Gather Gold","damage_taken":11,"max_hp_gain":0,"max_hp_loss":0,"event_name":"World of Goop","floor":2,"gold_loss":0},{"cards_removed":["Strike_B"],"damage_healed":0,"gold_gain":0,"player_choice":"Card Removal","damage_taken":0,"max_hp_gain":0,"max_hp_loss":0,"event_name":"The Cleric","floor":3,"gold_loss":50},{"damage_healed":0,"gold_gain":0,"player_choice":"Entered Light","damage_taken":14,"max_hp_gain":0,"max_hp_loss":0,"event_name":"Shining Light","floor":5,"gold_loss":0,"cards_upgraded":["Defend_B","Zap"]},{"damage_healed":0,"gold_gain":0,"player_choice":"Ignored","damage_taken":0,"max_hp_gain":0,"max_hp_loss":0,"event_name":"Ghosts","floor":20,"gold_loss":0},{"cards_removed":["Dualcast"],"damage_healed":0,"gold_gain":0,"player_choice":"Gave Gold","damage_taken":0,"max_hp_gain":0,"max_hp_loss":0,"event_name":"Beggar","floor":22,"gold_loss":75},{"damage_healed":0,"gold_gain":0,"player_choice":"Trade","damage_taken":0,"relics_obtained":["NlothsMask"],"max_hp_gain":0,"max_hp_loss":0,"event_name":"FaceTrader","floor":29,"gold_loss":0},{"damage_healed":0,"gold_gain":0,"player_choice":"Upgraded","damage_taken":0,"max_hp_gain":0,"max_hp_loss":0,"event_name":"Upgrade Shrine","floor":37,"gold_loss":0,"cards_upgraded":["Creative AI"]},{"damage_healed":0,"gold_gain":275,"player_choice":"Desecrate","damage_taken":0,"max_hp_gain":0,"max_hp_loss":0,"event_name":"Golden Shrine","floor":42,"gold_loss":0,"cards_obtained":["Regret"]},{"damage_healed":0,"gold_gain":0,"player_choice":"Forge","damage_taken":0,"max_hp_gain":0,"max_hp_loss":0,"event_name":"Accursed Blacksmith","floor":47,"gold_loss":0,"cards_upgraded":["Chrysalis"]}],"is_beta":true,"boss_relics":[{"not_picked":["Fusion Hammer","Lizard Tail"],"picked":"Pandora\u0027s Box"},{"not_picked":["Tiny House","Black Star"],"picked":"FrozenCore"}],"items_purged_floors":[8,44],"is_endless":false,"potions_floor_spawned":[1,7,13,18,21,23,39,41,45,46,48],"killed_by":"Shield and Spear","ascension_level":0}