{"gold_per_floor":[114,134,134,134,134,177,177,201,201,241,241,241,92,111,111,241,241,255,268,168,168,192,232,232,275,275,275,294,315,359,374,374,500,500,523,116,116,137,359,397,397,430,430,430,464,464,464,464,464,464,464,464,20,59,59],"floor_reached":56,"playtime":2986,"items_purged":["Dualcast","Strike_B","Defend_B"],"score":1656,"play_id":"df33b3a6-abd0-46e3-9293-be40110afc61","local_time":"20181229174820","is_ascension_mode":true,"campfire_choices":[{"data":"Zap","floor":7,"key":"SMITH"},{"data":"Storm","floor":12,"key":"SMITH"},{"data":"Consume","floor":15,"key":"SMITH"},{"data":"Fission","floor":24,"key":"SMITH"},{"data":"Capacitor","floor":27,"key":"SMITH"},{"data":"Buffer","floor":32,"key":"SMITH"},{"data":"Echo Form","floor":41,"key":"SMITH"},{"data":"Panacea","floor":44,"key":"SMITH"},{"data":"Thunder Strike","floor":46,"key":"SMITH"},{"floor":49,"key":"RECALL"},{"data":"Biased Cognition","floor":52,"key":"SMITH"}],"neow_cost":"NONE","seed_source_timestamp":729923379062542,"circlet_count":0,"master_deck":["Defend_B","Defend_B","Defend_B","Zap+1","Leap","Storm+1","Consume+1","Loop","Capacitor","Tempest","Biased Cognition","Conserve Battery","Self Repair+1","Capacitor+1","Fission+1","Buffer+1","Hello World","Loop","Heatsinks+1","Echo Form+1","Reboot","White Noise+1","Aggregate+1","Seek+1","Capacitor+1","Heatsinks","Flash of Steel","Enlightenment","Panacea+1","Thunder Strike+1","Conserve Battery","Biased Cognition+1","Madness","Madness","Storm","Lockon","Rebound"],"relics":["Cracked Core","Golden Idol","Question Card","Meat on the Bone","Gremlin Horn","Black Star","Nloth\u0027s Gift","Vajra","Blue Candle","Pantograph","Bottled Tornado","Red Mask","Astrolabe","DataDisk","Bag of Preparation","Symbiotic Virus","Oddly Smooth Stone","Mummified Hand","Cables","Happy Flower","Potion Belt","Runic Capacitor","Dodecahedron","Blood Vial"],"potions_floor_usage":[10,16,19,19,22,23,23,29,30,33,55,55,55,55,55],"damage_taken":[{"damage":0,"enemies":"2 Louse","floor":1,"turns":1},{"damage":0,"enemies":"Jaw Worm","floor":2,"turns":1},{"damage":0,"enemies":"3 Sentries","floor":6,"turns":1},{"damage":7,"enemies":"Small Slimes","floor":8,"turns":4},{"damage":29,"enemies":"Gremlin Nob","floor":10,"turns":5},{"damage":17,"enemies":"Exordium Thugs","floor":14,"turns":4},{"damage":12,"enemies":"The Guardian","floor":16,"turns":8},{"damage":15,"enemies":"Chosen","floor":18,"turns":4},{"damage":13,"enemies":"Shell Parasite","floor":19,"turns":5},{"damage":29,"enemies":"Snake Plant","floor":22,"turns":4},{"damage":21,"enemies":"Book of Stabbing","floor":23,"turns":3},{"damage":23,"enemies":"Gremlin Leader","floor":25,"turns":5},{"damage":13,"enemies":"Snecko","floor":28,"turns":4},{"damage":31,"enemies":"Shelled Parasite and Fungi","floor":29,"turns":4},{"damage":41,"enemies":"Masked Bandits","floor":30,"turns":4},{"damage":19,"enemies":"Centurion and Healer","floor":31,"turns":3},{"damage":36,"enemies":"Automaton","floor":33,"turns":6},{"damage":0,"enemies":"Orb Walker","floor":35,"turns":3},{"damage":14,"enemies":"3 Shapes","floor":38,"turns":3},{"damage":22,"enemies":"Giant Head","floor":40,"turns":4},{"damage":22,"enemies":"Nemesis","floor":42,"turns":3},{"damage":0,"enemies":"Giant Head","floor":45,"turns":1},{"damage":0,"enemies":"Awakened One","floor":50,"turns":2},{"damage":25,"enemies":"Shield and Spear","floor":54,"turns":2},{"damage":4,"enemies":"The Heart","floor":55,"turns":3}],"seed_played":"-513433268235169054","potions_obtained":[{"floor":2,"key":"EssenceOfSteel"},{"floor":6,"key":"SteroidPotion"},{"floor":8,"key":"Regen Potion"},{"floor":14,"key":"EntropicBrew"},{"floor":16,"key":"Block Potion"},{"floor":22,"key":"Energy Potion"},{"floor":23,"key":"FocusPotion"},{"floor":25,"key":"Block Potion"},{"floor":38,"key":"Block Potion"},{"floor":45,"key":"Block Potion"}],"is_trial":false,"path_per_floor":["M","M","$","?","?","E","R","M","T","E","?","R","$","M","R","B",null,"M","M","$","?","M","E","R","E","T","R","M","M","?","M","R","B",null,"M","$","?","M","?","E","R","E","T","R","E","R","?","?","R","B",null,"R","$","E","B",null],"character_chosen":"DEFECT","items_purchased":["Capacitor","DataDisk","Heatsinks","Energy Potion","Storm","Ancient Potion","Weak Potion","Lockon","Runic Capacitor"],"campfire_rested":0,"item_purchase_floors":[13,36,36,36,53,53,53,53,53],"current_hp_per_floor":[75,75,75,80,60,60,60,53,53,55,80,80,80,70,70,65,80,72,66,66,66,59,50,50,56,56,56,53,51,39,49,49,50,80,80,80,70,66,66,54,54,64,64,64,80,80,70,70,70,80,80,80,80,65,80],"gold":59,"neow_bonus":"THREE_ENEMY_KILL","is_prod":false,"is_daily":false,"chose_seed":false,"campfire_upgraded":10,"win_rate":0,"timestamp":1546127300,"path_taken":["M","M","$","?","?","E","R","?","T","E","?","R","?","M","R","BOSS","M","M","$","?","?","E","R","E","T","R","M","M","?","M","R","BOSS","M","$","?","M","?","E","R","E","T","R","E","R","?","?","R","BOSS","R","$","E","BOSS"],"build_version":"2018-12-20","purchased_purges":3,"victory":true,"max_hp_per_floor":[75,75,75,80,80,80,80,80,80,80,80,80,80,80,80,80,80,80,80,80,80,80,80,80,80,80,80,80,80,80,80,80,80,80,80,80,80,80,80,80,80,80,80,80,80,80,80,80,80,80,80,80,80,80,80],"card_choices":[{"not_picked":["Rebound","Sweeping Beam"],"picked":"Leap","floor":1},{"not_picked":["Turbo","Hello World"],"picked":"Storm","floor":2},{"not_picked":["Stack","Reprogram"],"picked":"Consume","floor":6},{"not_picked":["Leap","Lockon","Conserve Battery"],"picked":"Self Repair","floor":8},{"not_picked":["Lockon","Chaos","Rebound"],"picked":"Loop","floor":10},{"not_picked":["Sweeping Beam","Multi-Cast","Go for the Eyes"],"picked":"Tempest","floor":14},{"not_picked":["Echo Form","All For One","Rainbow"],"picked":"Biased Cognition","floor":16},{"not_picked":["Barrage","Aggregate","Scrape"],"picked":"Conserve Battery","floor":18},{"not_picked":["Beam Cell+1","Ball Lightning","Undo"],"picked":"Self Repair+1","floor":19},{"not_picked":["Steam","Doom and Gloom","Beam Cell"],"picked":"Capacitor","floor":22},{"not_picked":["Stack","Go for the Eyes","Ball Lightning"],"picked":"Fission","floor":23},{"not_picked":["Compile Driver","Go for the Eyes+1","Multi-Cast"],"picked":"Buffer","floor":25},{"not_picked":["Sweeping Beam+1","Rainbow","Doom and Gloom"],"picked":"Hello World","floor":28},{"not_picked":["Steam","Redo","Go for the Eyes"],"picked":"Loop","floor":29},{"not_picked":["Ball Lightning+1","Barrage+1","Genetic Algorithm"],"picked":"Heatsinks+1","floor":30},{"not_picked":["Stack","Turbo","Consume"],"picked":"Echo Form","floor":31},{"not_picked":["Multi-Cast","All For One","Hyperbeam"],"picked":"Reboot","floor":33},{"not_picked":["Beam Cell+1","Conserve Battery","Blizzard+1"],"picked":"Capacitor+1","floor":35},{"not_picked":["PanicButton","Mind Blast","Blind"],"picked":"Flash of Steel","floor":37},{"not_picked":["Secret Technique","Flash of Steel","Dramatic Entrance"],"picked":"Enlightenment","floor":37},{"not_picked":["Metamorphosis","Jack Of All Trades","Dark Shackles"],"picked":"Panacea","floor":37},{"not_picked":["Streamline+1","Genetic Algorithm+1","Meteor Strike"],"picked":"Thunder Strike","floor":38},{"not_picked":["Force Field+1","Redo","Rebound+1"],"picked":"Conserve Battery","floor":40},{"not_picked":["Barrage+1","Stack+1","Turbo+1"],"picked":"Biased Cognition","floor":42},{"not_picked":["Darkness+1","Hologram+1","Coolheaded","Steam"],"picked":"SKIP","floor":45},{"not_picked":["Steam Power+1","Multi-Cast","Coolheaded+1"],"picked":"Rebound","floor":54}],"player_experience":332883,"relics_obtained":[{"floor":6,"key":"Question Card"},{"floor":9,"key":"Meat on the Bone"},{"floor":10,"key":"Gremlin Horn"},{"floor":23,"key":"Vajra"},{"floor":23,"key":"Blue Candle"},{"floor":25,"key":"Pantograph"},{"floor":25,"key":"Bottled Tornado"},{"floor":30,"key":"Red Mask"},{"floor":40,"key":"Bag of Preparation"},{"floor":40,"key":"Symbiotic Virus"},{"floor":42,"key":"Oddly Smooth Stone"},{"floor":42,"key":"Mummified Hand"},{"floor":43,"key":"Cables"},{"floor":45,"key":"Happy Flower"},{"floor":45,"key":"Potion Belt"},{"floor":54,"key":"Dodecahedron"},{"floor":54,"key":"Blood Vial"}],"event_choices":[{"damage_healed":0,"gold_gain":0,"player_choice":"Donut","damage_taken":0,"max_hp_gain":5,"max_hp_loss":0,"event_name":"Big Fish","floor":4,"gold_loss":0},{"damage_healed":0,"gold_gain":0,"player_choice":"Take Damage","damage_taken":20,"relics_obtained":["Golden Idol"],"max_hp_gain":0,"max_hp_loss":0,"event_name":"Golden Idol","floor":5,"gold_loss":0},{"damage_healed":25,"gold_gain":0,"player_choice":"Full Heal","damage_taken":0,"max_hp_gain":0,"max_hp_loss":0,"event_name":"Wheel of Change","floor":11,"gold_loss":0},{"damage_healed":0,"gold_gain":0,"player_choice":"Traded Relic","damage_taken":0,"relics_obtained":["Nloth\u0027s Gift"],"max_hp_gain":0,"max_hp_loss":0,"event_name":"N\u0027loth","floor":21,"relics_lost":["NeowsBlessing"],"gold_loss":0},{"damage_healed":0,"gold_gain":0,"player_choice":"Fought Bandits","damage_taken":0,"max_hp_gain":0,"max_hp_loss":0,"event_name":"Masked Bandits","floor":30,"gold_loss":0},{"damage_healed":0,"gold_gain":0,"player_choice":"Memory 3","damage_taken":10,"max_hp_gain":0,"max_hp_loss":0,"event_name":"SensoryStone","floor":37,"gold_loss":0},{"damage_healed":0,"gold_gain":222,"player_choice":"Wore Mask","damage_taken":0,"max_hp_gain":0,"max_hp_loss":0,"event_name":"Tomb of Lord Red Mask","floor":39,"gold_loss":0},{"damage_healed":0,"gold_gain":0,"player_choice":"Embrace Madness","damage_taken":10,"max_hp_gain":0,"max_hp_loss":0,"event_name":"Winding Halls","floor":47,"gold_loss":0,"cards_obtained":["Madness","Madness"]},{"cards_removed":["Self Repair"],"damage_healed":0,"gold_gain":0,"player_choice":"Removed Power","damage_taken":0,"max_hp_gain":0,"max_hp_loss":0,"event_name":"Falling","floor":48,"gold_loss":0}],"is_beta":false,"boss_relics":[{"not_picked":["Philosopher\u0027s Stone","Runic Dome"],"picked":"Black Star"},{"not_picked":["FrozenCore","Busted Crown"],"picked":"Astrolabe"}],"items_purged_floors":[13,20,36],"is_endless":false,"potions_floor_spawned":[2,6,8,14,16,18,22,23,25,38,45],"ascension_level":4}