{"gold_per_floor":[119,136,149,149,149,179,6,68,68,68,97,97],"floor_reached":12,"playtime":526,"items_purged":[],"score":140,"play_id":"58f4e32d-1ab5-4483-be9f-dae927cf200e","local_time":"20180802210802","is_ascension_mode":true,"campfire_choices":[{"floor":10,"key":"REST"}],"neow_cost":"NONE","seed_source_timestamp":2833871307646,"circlet_count":0,"master_deck":["Defend_G","Defend_G","Defend_G","Defend_G+1","Defend_G","Strike_G","Strike_G","Strike_G","Strike_G","Strike_G","Survivor","Neutralize","Prepared+1","Sucker Punch","Caltrops","Quick Slash","Jack Of All Trades","Caltrops","Storm of Steel","Noxious Fumes"],"relics":["Ring of the Snake","Boot","Pear","War Paint","Tiny Chest","Kunai","Bottled Tornado"],"potions_floor_usage":[3,3,6,8],"damage_taken":[{"damage":0,"enemies":"Small Slimes","floor":1,"turns":4},{"damage":0,"enemies":"Cultist","floor":2,"turns":4},{"damage":0,"enemies":"Jaw Worm","floor":3,"turns":3},{"damage":42,"enemies":"Gremlin Nob","floor":6,"turns":5},{"damage":20,"enemies":"3 Sentries","floor":8,"turns":6},{"damage":28,"enemies":"Gremlin Nob","floor":11,"turns":4},{"damage":22,"enemies":"Lots of Slimes","floor":12,"turns":2}],"seed_played":"-5970214344236802493","potions_obtained":[{"floor":2,"key":"EntropicBrew"}],"is_trial":false,"path_per_floor":["M","M","M","?","T","E","$","E","T","R","E"],"character_chosen":"THE_SILENT","items_purchased":["Jack Of All Trades","Caltrops"],"campfire_rested":1,"item_purchase_floors":[7,7],"current_hp_per_floor":[70,70,70,75,85,43,43,23,23,48,20,0],"gold":97,"neow_bonus":"RANDOM_COMMON_RELIC","is_prod":false,"is_daily":false,"chose_seed":false,"campfire_upgraded":0,"win_rate":0,"timestamp":1533236882,"path_taken":["M","M","M","?","?","E","$","E","T","R","E","?"],"build_version":"2018-08-01","purchased_purges":0,"victory":false,"max_hp_per_floor":[70,70,70,75,85,85,85,85,85,85,85,85],"card_choices":[{"not_picked":["Underhanded Strike","Deadly Poison"],"picked":"Prepared","floor":1},{"not_picked":["Noxious Fumes","Backflip"],"picked":"Sucker Punch","floor":2},{"not_picked":["Bane","Flying Knee"],"picked":"Caltrops","floor":3},{"not_picked":["Predator","Tools of the Trade"],"picked":"Quick Slash","floor":6},{"not_picked":["Acrobatics","Eviscerate"],"picked":"Storm of Steel","floor":8},{"not_picked":["Prepared","Bane"],"picked":"Noxious Fumes","floor":11}],"player_experience":363866,"relics_obtained":[{"floor":5,"key":"Pear"},{"floor":6,"key":"War Paint"},{"floor":8,"key":"Tiny Chest"},{"floor":9,"key":"Kunai"},{"floor":11,"key":"Bottled Tornado"}],"event_choices":[{"event_name":"Big Fish","player_choice":"Donut","floor":4,"damage_taken":0}],"is_beta":true,"boss_relics":[],"items_purged_floors":[],"is_endless":false,"potions_floor_spawned":[2],"killed_by":"Lots of Slimes","ascension_level":4}