{"gold_per_floor":[367,19,33,33,33,33,51,51,103,103,30,30,49,49,49,179,179,174,99,122,22,22,22,40,40,40,56,56,56,56,76,76,200,200,216,229,354,48,62,97,97,97,97,118,118,136,136,151,151,151],"floor_reached":51,"playtime":3315,"items_purged":["Strike_G","Strike_G","Strike_G"],"score":690,"play_id":"286a3293-abda-407d-b4b2-feabf5cdbb4a","local_time":"20190202132425","is_ascension_mode":false,"campfire_choices":[{"data":"Calculated Gamble","floor":6,"key":"SMITH"},{"data":"Acrobatics","floor":8,"key":"SMITH"},{"data":"Deflect","floor":10,"key":"SMITH"},{"floor":15,"key":"REST"},{"data":"Footwork","floor":23,"key":"SMITH"},{"floor":25,"key":"REST"},{"floor":32,"key":"REST"},{"floor":42,"key":"REST"},{"floor":45,"key":"REST"},{"data":"Adrenaline","floor":47,"key":"SMITH"},{"floor":49,"key":"REST"}],"neow_cost":"PERCENT_DAMAGE","seed_source_timestamp":369503193226195,"circlet_count":0,"master_deck":["Defend_G","Defend_G","Defend_G","Defend_G","Defend_G","Survivor","Neutralize","Acrobatics+1","Noxious Fumes","Calculated Gamble+1","Noxious Fumes","Deflect+1","Blur+1","Footwork+1","Bane","Die Die Die","Flying Knee","Noxious Fumes","Backflip","Adrenaline+1","Outmaneuver+1","Noxious Fumes","Well Laid Plans+1","Prepared+1","Distraction+1"],"relics":["Ring of the Snake","DollysMirror","Snake Skull","Regal Pillow","Golden Idol","Lizard Tail","Letter Opener","Paper Crane","Empty Cage","Nunchaku","Dream Catcher","Strawberry","Toxic Egg 2"],"potions_floor_usage":[27,27,31,33,40,44,50],"damage_taken":[{"damage":0,"enemies":"Small Slimes","floor":1,"turns":3},{"damage":4,"enemies":"Jaw Worm","floor":3,"turns":6},{"damage":1,"enemies":"2 Louse","floor":7,"turns":4},{"damage":14,"enemies":"Exordium Thugs","floor":13,"turns":5},{"damage":20,"enemies":"Hexaghost","floor":16,"turns":10},{"damage":19,"enemies":"2 Thieves","floor":18,"turns":4},{"damage":10,"enemies":"Shell Parasite","floor":20,"turns":7},{"damage":22,"enemies":"Snake Plant","floor":24,"turns":5},{"damage":2,"enemies":"Centurion and Healer","floor":27,"turns":6},{"damage":20,"enemies":"Shelled Parasite and Fungi","floor":31,"turns":8},{"damage":12,"enemies":"Collector","floor":33,"turns":9},{"damage":22,"enemies":"Orb Walker","floor":35,"turns":6},{"damage":7,"enemies":"3 Darklings","floor":36,"turns":5},{"damage":7,"enemies":"Mind Bloom Boss Battle","floor":37,"turns":8},{"damage":7,"enemies":"Spire Growth","floor":39,"turns":7},{"damage":51,"enemies":"Nemesis","floor":40,"turns":11},{"damage":27,"enemies":"Transient","floor":44,"turns":5},{"damage":25,"enemies":"4 Shapes","floor":46,"turns":5},{"damage":7,"enemies":"Jaw Worm Horde","floor":48,"turns":4},{"damage":36,"enemies":"Time Eater","floor":50,"turns":15}],"seed_played":"4139970263572872073","potions_obtained":[{"floor":3,"key":"Fire Potion"},{"floor":13,"key":"GamblersBrew"},{"floor":24,"key":"Block Potion"},{"floor":27,"key":"Regen Potion"},{"floor":31,"key":"Fire Potion"},{"floor":36,"key":"Energy Potion"},{"floor":37,"key":"GhostInAJar"},{"floor":48,"key":"AttackPotion"}],"is_trial":false,"path_per_floor":["M","$","M","?","$","R","M","R","T","R","$","?","M","?","R","B",null,"M","$","M","$","?","R","M","R","T","M","$","?","?","M","R","B",null,"M","M","?","$","M","E","?","R","T","M","R","M","R","M","R","B",null],"character_chosen":"THE_SILENT","items_purchased":["Noxious Fumes","Calculated Gamble","DollysMirror","Footwork","AttackPotion","Dexterity Potion","Noxious Fumes"],"campfire_rested":6,"item_purchase_floors":[2,2,2,11,38,38,38],"current_hp_per_floor":[49,49,45,42,42,42,41,41,41,41,41,46,32,14,51,31,75,56,56,46,46,46,46,24,61,61,59,59,50,50,45,75,63,75,53,46,39,39,32,22,29,68,68,41,80,55,55,48,82,46],"gold":151,"neow_bonus":"TWO_FIFTY_GOLD","is_prod":false,"is_daily":false,"chose_seed":false,"campfire_upgraded":5,"win_rate":0.0,"timestamp":1549135465,"path_taken":["M","$","M","?","$","R","M","R","T","R","$","?","M","?","R","BOSS","M","$","M","$","?","R","M","R","T","M","?","?","?","M","R","BOSS","M","M","?","$","M","E","?","R","T","?","R","M","R","M","R","BOSS"],"build_version":"2019-01-23","purchased_purges":3,"victory":true,"max_hp_per_floor":[70,70,70,70,70,70,70,70,70,70,70,75,75,75,75,75,75,75,75,75,75,75,75,75,75,75,75,75,75,75,75,75,75,75,75,75,75,75,75,75,82,82,82,82,82,82,82,82,82,82],"card_choices":[{"not_picked":["Prepared","Escape Plan"],"picked":"Acrobatics","floor":1},{"not_picked":["Infinite Blades","Crippling Poison"],"picked":"Deflect","floor":3},{"not_picked":["Deadly Poison","Slice"],"picked":"Blur","floor":7},{"not_picked":["Infinite Blades","Dagger Throw"],"picked":"Bane","floor":13},{"not_picked":["Phantasmal Killer","Venomology"],"picked":"Die Die Die","floor":16},{"not_picked":["Eviscerate","All Out Attack","Predator"],"picked":"SKIP","floor":18},{"not_picked":["Poisoned Stab","Bane"],"picked":"Flying Knee","floor":20},{"not_picked":["Bane+1","Outmaneuver","Underhanded Strike"],"picked":"SKIP","floor":24},{"not_picked":["Bouncing Flask","Dagger Throw"],"picked":"Noxious Fumes","floor":27},{"not_picked":["Calculated Gamble","Deadly Poison"],"picked":"Backflip","floor":31},{"not_picked":["Envenom","A Thousand Cuts"],"picked":"Adrenaline","floor":33},{"not_picked":["Quick Slash+1","Dodge and Roll"],"picked":"Outmaneuver+1","floor":35},{"not_picked":["Skewer+1","PiercingWail+1","Underhanded Strike+1"],"picked":"SKIP","floor":36},{"not_picked":["Bane","Blur+1","Blade Dance+1"],"picked":"SKIP","floor":39},{"not_picked":["Heel Hook+1","Dagger Spray+1","Slice"],"picked":"SKIP","floor":40},{"not_picked":["Poisoned Stab","Backstab+1"],"picked":"Well Laid Plans+1","floor":44},{"not_picked":["Storm of Steel+1","Backstab"],"picked":"Prepared+1","floor":45},{"not_picked":["Outmaneuver+1","Flechettes","Slice+1"],"picked":"SKIP","floor":46},{"not_picked":["All Out Attack","Flechettes+1"],"picked":"Distraction+1","floor":48}],"player_experience":97230,"relics_obtained":[{"floor":9,"key":"Regal Pillow"},{"floor":26,"key":"Letter Opener"},{"floor":37,"key":"Nunchaku"},{"floor":40,"key":"Dream Catcher"},{"floor":43,"key":"Toxic Egg 2"}],"event_choices":[{"damage_healed":0,"gold_gain":0,"player_choice":"Success","damage_taken":3,"relics_obtained":["Snake Skull"],"max_hp_gain":0,"max_hp_loss":0,"event_name":"Scrap Ooze","floor":4,"gold_loss":0},{"damage_healed":0,"gold_gain":0,"player_choice":"Donut","damage_taken":0,"max_hp_gain":5,"max_hp_loss":0,"event_name":"Big Fish","floor":12,"gold_loss":0},{"damage_healed":0,"gold_gain":0,"player_choice":"Take Damage","damage_taken":18,"relics_obtained":["Golden Idol"],"max_hp_gain":0,"max_hp_loss":0,"event_name":"Golden Idol","floor":14,"gold_loss":0},{"damage_healed":0,"gold_gain":0,"player_choice":"Forge","damage_taken":0,"max_hp_gain":0,"max_hp_loss":0,"event_name":"Accursed Blacksmith","floor":22,"gold_loss":0,"cards_upgraded":["Blur"]},{"damage_healed":0,"gold_gain":0,"player_choice":"Stopped","damage_taken":9,"max_hp_gain":0,"max_hp_loss":0,"event_name":"Cursed Tome","floor":29,"gold_loss":0},{"damage_healed":0,"gold_gain":0,"player_choice":"Opened","damage_taken":0,"relics_obtained":["Paper Crane"],"max_hp_gain":0,"max_hp_loss":0,"event_name":"The Mausoleum","floor":30,"gold_loss":0},{"damage_healed":0,"gold_gain":0,"player_choice":"Fight","damage_taken":0,"max_hp_gain":0,"max_hp_loss":0,"event_name":"MindBloom","floor":37,"gold_loss":0},{"damage_healed":0,"gold_gain":0,"player_choice":"Gave Potion","damage_taken":0,"relics_obtained":["Strawberry"],"max_hp_gain":0,"max_hp_loss":0,"event_name":"WeMeetAgain","floor":41,"gold_loss":0}],"is_beta":false,"boss_relics":[{"not_picked":["Fusion Hammer","Cursed Key"],"picked":"Lizard Tail"},{"not_picked":["WristBlade","Calling Bell"],"picked":"Empty Cage"}],"items_purged_floors":[19,21,38],"is_endless":false,"potions_floor_spawned":[3,13,24,27,31,36,37,48],"ascension_level":0}