{"gold_per_floor":[119,119,129,129,47,77,97,107,107,133,133,133,133,145,145,222,222,240,240,258,17,17,17,50,67,67,67],"floor_reached":27,"playtime":2151,"items_purged":["Strike_B"],"score":585,"play_id":"b6a65c41-e377-4a04-b9ab-8bcc4d65670f","local_time":"20181126083149","is_ascension_mode":true,"campfire_choices":[{"floor":13.0,"key":"REST"},{"data":"Streamline","floor":15.0,"key":"SMITH"},{"data":"Defragment","floor":23.0,"key":"SMITH"}],"neow_cost":"NONE","seed_source_timestamp":0,"circlet_count":0,"master_deck":["AscendersBane","Strike_B","Strike_B","Strike_B","Defend_B","Defend_B+1","Defend_B+1","Defend_B","Zap+1","Dualcast","Ball Lightning","Hologram","Coolheaded","Ball Lightning","Compile Driver","Consume","Gash","Streamline+1","Electrodynamics","Glacier","Loop","Leap","Capacitor","Necronomicurse","Conserve Battery+1","Defragment+1","Sunder","Creative AI","Stack"],"special_seed":0,"relics":["Cracked Core","NeowsBlessing","Boot","Emotion Chip","Question Card","Anchor","Orrery","Necronomicon","Shovel","Meat on the Bone"],"potions_floor_usage":[],"damage_taken":[{"damage":0.0,"enemies":"2 Louse","floor":1.0,"turns":1.0},{"damage":0.0,"enemies":"Jaw Worm","floor":3.0,"turns":1.0},{"damage":0.0,"enemies":"Lagavulin","floor":6.0,"turns":1.0},{"damage":0.0,"enemies":"Cultist","floor":7.0,"turns":2.0},{"damage":9.0,"enemies":"Looter","floor":8.0,"turns":3.0},{"damage":16.0,"enemies":"Gremlin Nob","floor":10.0,"turns":3.0},{"damage":0.0,"enemies":"Lots of Slimes","floor":14.0,"turns":2.0},{"damage":0.0,"enemies":"Slime Boss","floor":16.0,"turns":8.0},{"damage":23.0,"enemies":"Shell Parasite","floor":18.0,"turns":4.0},{"damage":13.0,"enemies":"3 Byrds","floor":20.0,"turns":3.0},{"damage":25.0,"enemies":"Book of Stabbing","floor":24.0,"turns":3.0},{"damage":45.0,"enemies":"Snake Plant","floor":25.0,"turns":4.0},{"damage":16,"enemies":"Shelled Parasite and Fungi","floor":27,"turns":2}],"seed_played":"2423756911055059022","potions_obtained":[{"floor":3.0,"key":"SkillPotion"},{"floor":8.0,"key":"Explosive Potion"},{"floor":14.0,"key":"Fire Potion"},{"floor":16.0,"key":"GamblersBrew"},{"floor":24.0,"key":"Fire Potion"}],"is_trial":false,"path_per_floor":["M","?","M","?","$","E","M","M","T","E","?","?","R","M","R","B",null,"M","?","M","$","?","R","E","M","T","M"],"character_chosen":"DEFECT","items_purchased":["Coolheaded","Ball Lightning","Defragment","Sunder"],"campfire_rested":1,"item_purchase_floors":[5,5,21,21],"current_hp_per_floor":[64,53,53,53,53,53,53,44,44,28,33,10,32,32,32,32,65,42,21,8,8,86,86,61,16,16,0],"gold":67,"neow_bonus":"THREE_ENEMY_KILL","is_prod":false,"is_daily":false,"chose_seed":false,"campfire_upgraded":2,"win_rate":0,"timestamp":1543249909,"path_taken":["M","?","M","?","?","E","?","M","T","E","?","?","R","M","R","BOSS","M","?","M","$","?","R","E","?","T","M"],"build_version":"2018-11-15","purchased_purges":1,"victory":false,"max_hp_per_floor":[71,71,71,71,71,71,71,71,71,71,76,76,76,76,76,76,76,76,76,76,76,86,86,86,86,86,86],"card_choices":[{"not_picked":["Compile Driver","Auto Shields"],"picked":"Ball Lightning","floor":1.0},{"not_picked":["Steam","Rebound"],"picked":"Hologram","floor":3.0},{"not_picked":["Beam Cell","Turbo"],"picked":"Compile Driver","floor":6.0},{"not_picked":["Leap","Sweeping Beam"],"picked":"Seek","floor":7.0},{"not_picked":["Stack","Sweeping Beam"],"picked":"Consume","floor":8.0},{"not_picked":["Redo","Stack","Hologram"],"picked":"Gash","floor":10.0},{"not_picked":["Force Field","Redo","Doom and Gloom"],"picked":"Streamline","floor":14.0},{"not_picked":["Rainbow","Seek","Core Surge"],"picked":"Electrodynamics","floor":16.0},{"not_picked":["Auto Shields","Machine Learning","Compile Driver"],"picked":"Glacier","floor":17.0},{"not_picked":["Sunder","Rebound","Turbo"],"picked":"Loop","floor":17.0},{"not_picked":["Cold Snap","Barrage","Beam Cell"],"picked":"Leap","floor":17.0},{"not_picked":["Sweeping Beam","Auto Shields","Ball Lightning"],"picked":"Capacitor","floor":18.0},{"not_picked":["Genetic Algorithm","Steam","Cold Snap"],"picked":"Conserve Battery+1","floor":20.0},{"not_picked":["Scrape","Coolheaded","Barrage"],"picked":"Creative AI","floor":24.0},{"not_picked":["Steam","Reprogram","Hologram"],"picked":"Stack","floor":25.0}],"player_experience":1362744,"relics_obtained":[{"floor":6.0,"key":"Emotion Chip"},{"floor":9.0,"key":"Question Card"},{"floor":10.0,"key":"Anchor"},{"floor":19.0,"key":"Necronomicon"},{"floor":24.0,"key":"Shovel"},{"floor":26.0,"key":"Meat on the Bone"}],"event_choices":[{"damage_healed":0.0,"max_hp_gain":0.0,"max_hp_loss":0.0,"gold_gain":0.0,"event_name":"Scrap Ooze","player_choice":"Success","floor":2.0,"gold_loss":0.0,"damage_taken":11.0,"relics_obtained":["Boot"]},{"damage_healed":0.0,"max_hp_gain":0.0,"max_hp_loss":0.0,"gold_gain":0.0,"event_name":"Living Wall","player_choice":"Grow","floor":4.0,"gold_loss":0.0,"damage_taken":0.0,"cards_upgraded":["Zap"]},{"damage_healed":0.0,"max_hp_gain":5.0,"max_hp_loss":0.0,"gold_gain":0.0,"event_name":"Big Fish","player_choice":"Donut","floor":11.0,"gold_loss":0.0,"damage_taken":0.0},{"damage_healed":0.0,"max_hp_gain":0.0,"max_hp_loss":0.0,"gold_gain":0.0,"event_name":"Shining Light","player_choice":"Entered Light","floor":12.0,"gold_loss":0.0,"damage_taken":23.0,"cards_upgraded":["Defend_B","Defend_B"]},{"damage_healed":0.0,"max_hp_gain":0.0,"max_hp_loss":0.0,"gold_gain":0.0,"event_name":"Cursed Tome","player_choice":"Obtained Book","floor":19.0,"gold_loss":0.0,"damage_taken":21.0},{"cards_removed":["Seek"],"damage_healed":68.0,"max_hp_gain":10.0,"max_hp_loss":0.0,"gold_gain":0.0,"event_name":"Bonfire Elementals","player_choice":"Offered Rare","floor":22.0,"gold_loss":0.0,"damage_taken":0.0}],"is_beta":false,"boss_relics":[{"not_picked":["Pandora\u0027s Box","Fusion Hammer"],"picked":"Orrery"}],"items_purged_floors":[21],"is_endless":false,"potions_floor_spawned":[3,8,10,14,16,20,24,25],"killed_by":"Shelled Parasite and Fungi","ascension_level":17}