{"gold_per_floor":[15,30,105,105,105,105,140,140,210,221,221,221,245,281,281,404,404,418,418,333,363,405,417,528,621,633,645,703,729,772,784,796,937,949,984,996,1022,1034,934,946,675,675,698,729,729,729,1062,73,73,73],"floor_reached":51,"playtime":3739,"items_purged":["Strike_G","Doubt"],"score":982,"play_id":"c653f7be-6edd-4903-9188-f5a00fb925d4","local_time":"20190111100212","is_ascension_mode":true,"campfire_choices":[{"floor":6,"key":"REST"},{"floor":15,"key":"REST"},{"data":"Tactician","floor":23,"key":"SMITH"},{"floor":27,"key":"REST"},{"floor":32,"key":"REST"},{"data":"Venomology","floor":40,"key":"SMITH"},{"data":"Tools of the Trade","floor":42,"key":"SMITH"},{"data":"Well Laid Plans","floor":49,"key":"SMITH"}],"neow_cost":"NO_GOLD","seed_source_timestamp":47041569615988,"circlet_count":0,"master_deck":["Defend_G","Defend_G+1","Defend_G+1","Defend_G+1","Strike_G","Strike_G+1","Survivor","Neutralize","Dagger Throw","Tools of the Trade+1","Leg Sweep","Poisoned Stab","Backstab","Acrobatics","Escape Plan","Unload","Grand Finale","Tactician+1","Heel Hook","Dagger Throw+1","Well Laid Plans+1","Venomology+1","PiercingWail+1","Underhanded Strike","Grand Finale","Infinite Blades+1","Acrobatics","Corpse Explosion"],"relics":["Ring of the Snake","Kunai","Gremlin Horn","WingedGreaves","Juzu Bracelet","Lizard Tail","MawBank","Tiny Chest","Singing Bowl","Pocketwatch","Orichalcum","Happy Flower","White Beast Statue","Bottled Lightning","Incense Burner","Ancient Tea Set","War Paint","Frozen Egg 2","Thread and Needle"],"potions_floor_usage":[14,16,29,33,35,37,44,50,50,50],"damage_taken":[{"damage":0,"enemies":"Cultist","floor":1,"turns":4},{"damage":0,"enemies":"Small Slimes","floor":2,"turns":4},{"damage":14,"enemies":"Gremlin Nob","floor":7,"turns":4},{"damage":0,"enemies":"2 Louse","floor":10,"turns":2},{"damage":6,"enemies":"2 Fungi Beasts","floor":13,"turns":3},{"damage":4,"enemies":"Lagavulin","floor":14,"turns":10},{"damage":32,"enemies":"Slime Boss","floor":16,"turns":17},{"damage":23,"enemies":"Spheric Guardian","floor":18,"turns":7},{"damage":8,"enemies":"Shell Parasite","floor":21,"turns":11},{"damage":18,"enemies":"Snake Plant","floor":29,"turns":3},{"damage":25,"enemies":"Book of Stabbing","floor":30,"turns":5},{"damage":93,"enemies":"Automaton","floor":33,"turns":13},{"damage":2,"enemies":"Orb Walker","floor":35,"turns":3},{"damage":7,"enemies":"3 Shapes","floor":37,"turns":5},{"damage":18,"enemies":"Nemesis","floor":44,"turns":7},{"damage":18,"enemies":"Awakened One","floor":50,"turns":16}],"seed_played":"-4781667478473581027","potions_obtained":[{"floor":8,"key":"Strength Potion"},{"floor":8,"key":"FairyPotion"},{"floor":8,"key":"EssenceOfSteel"},{"floor":13,"key":"Block Potion"},{"floor":16,"key":"PowerPotion"},{"floor":21,"key":"SpeedPotion"},{"floor":33,"key":"LiquidBronze"},{"floor":35,"key":"Explosive Potion"},{"floor":37,"key":"Ancient Potion"},{"floor":44,"key":"Energy Potion"}],"is_trial":false,"path_per_floor":["M","M","?","?","?","R","E","?","T","M","?","?","M","E","R","B",null,"M","?","?","M","?","R","?","T","T","R","T","M","E","?","R","B",null,"M","T","M","?","?","R","$","R","T","E","?","?","?","$","R","B",null],"character_chosen":"THE_SILENT","items_purchased":["Ancient Tea Set","Underhanded Strike","Frozen Egg 2","Infinite Blades+1","Thread and Needle","Acrobatics","Corpse Explosion","EssenceOfSteel"],"campfire_rested":4,"item_purchase_floors":[41,41,48,48,48,48,48,48],"current_hp_per_floor":[63,63,52,45,31,52,38,38,38,38,38,26,20,16,37,5,54,31,31,31,23,23,23,23,23,23,44,44,26,1,1,22,17,57,55,55,50,50,50,50,50,50,50,34,74,74,74,74,74,56],"gold":73,"neow_bonus":"TRANSFORM_TWO_CARDS","is_prod":false,"is_daily":false,"chose_seed":false,"campfire_upgraded":4,"win_rate":0,"timestamp":1547222532,"path_taken":["M","?","?","?","?","R","E","?","T","?","?","?","M","E","R","BOSS","M","?","?","M","?","R","?","?","T","R","?","M","E","?","R","BOSS","M","?","M","?","?","R","$","R","T","E","?","?","?","$","R","BOSS"],"build_version":"2019-01-10","purchased_purges":2,"victory":true,"max_hp_per_floor":[70,70,70,70,70,70,70,70,70,70,70,70,70,70,70,70,70,70,70,70,70,70,70,70,70,70,70,70,70,70,70,70,70,70,70,70,72,72,72,72,72,72,72,74,74,74,74,74,74,74],"card_choices":[{"not_picked":["Dodge and Roll","Flying Knee"],"picked":"Leg Sweep","floor":1},{"not_picked":["Flechettes","Caltrops"],"picked":"Poisoned Stab","floor":2},{"not_picked":["Distraction","PiercingWail"],"picked":"Backstab","floor":7},{"not_picked":["Riddle With Holes","Flechettes"],"picked":"Acrobatics","floor":10},{"not_picked":["Flying Knee","PiercingWail"],"picked":"Escape Plan","floor":13},{"not_picked":["Sucker Punch","Doppelganger"],"picked":"Unload","floor":14},{"not_picked":["Wraith Form v2","Bullet Time"],"picked":"Grand Finale","floor":16},{"not_picked":["Blade Dance","Underhanded Strike"],"picked":"Tactician","floor":18},{"not_picked":["Caltrops","Quick Slash+1"],"picked":"Heel Hook","floor":21},{"not_picked":["Quick Slash","Masterful Stab"],"picked":"Dagger Throw+1","floor":29},{"not_picked":["Quick Slash+1","Expertise"],"picked":"Well Laid Plans","floor":30},{"not_picked":["Night Terror","Storm of Steel"],"picked":"Venomology","floor":33},{"not_picked":["Dash+1","Backflip"],"picked":"PiercingWail+1","floor":35},{"not_picked":["Catalyst","PiercingWail+1","Endless Agony"],"picked":"Singing Bowl","floor":37},{"not_picked":["Dagger Spray","Burst","Blade Dance+1"],"picked":"Singing Bowl","floor":44}],"player_experience":423471,"relics_obtained":[{"floor":7,"key":"Kunai"},{"floor":9,"key":"Gremlin Horn"},{"floor":14,"key":"Juzu Bracelet"},{"floor":25,"key":"Singing Bowl"},{"floor":26,"key":"Pocketwatch"},{"floor":28,"key":"Orichalcum"},{"floor":30,"key":"Happy Flower"},{"floor":36,"key":"Bottled Lightning"},{"floor":44,"key":"War Paint"}],"event_choices":[{"damage_healed":0,"gold_gain":75,"player_choice":"Gather Gold","damage_taken":11,"max_hp_gain":0,"max_hp_loss":0,"event_name":"World of Goop","floor":3,"gold_loss":0},{"cards_removed":["Strike_G"],"damage_healed":0,"gold_gain":0,"player_choice":"Card Removal","damage_taken":7,"max_hp_gain":0,"max_hp_loss":0,"event_name":"Golden Wing","floor":4,"gold_loss":0},{"damage_healed":0,"gold_gain":0,"player_choice":"Entered Light","damage_taken":14,"max_hp_gain":0,"max_hp_loss":0,"event_name":"Shining Light","floor":5,"gold_loss":0,"cards_upgraded":["Defend_G","Strike_G"]},{"damage_healed":0,"gold_gain":0,"player_choice":"Got Potions","damage_taken":0,"max_hp_gain":0,"max_hp_loss":0,"event_name":"Lab","floor":8,"gold_loss":0},{"damage_healed":0,"gold_gain":0,"player_choice":"Take Wound","damage_taken":0,"relics_obtained":["Golden Idol"],"max_hp_gain":0,"max_hp_loss":0,"event_name":"Golden Idol","floor":11,"gold_loss":0,"cards_obtained":["Injury"]},{"damage_healed":0,"gold_gain":0,"player_choice":"Success","damage_taken":12,"relics_obtained":["WingedGreaves"],"max_hp_gain":0,"max_hp_loss":0,"event_name":"Scrap Ooze","floor":12,"gold_loss":0},{"cards_removed":["Injury"],"damage_healed":0,"gold_gain":0,"player_choice":"Elegance","damage_taken":0,"max_hp_gain":0,"max_hp_loss":0,"event_name":"Back to Basics","floor":19,"gold_loss":0},{"damage_healed":0,"gold_gain":0,"player_choice":"Obtained Relic","damage_taken":0,"relics_obtained":["MawBank"],"max_hp_gain":0,"max_hp_loss":0,"event_name":"Addict","floor":20,"gold_loss":85},{"damage_healed":0,"gold_gain":0,"player_choice":"Opened","damage_taken":0,"relics_obtained":["Tiny Chest"],"max_hp_gain":0,"max_hp_loss":0,"event_name":"The Mausoleum","floor":22,"gold_loss":0,"cards_obtained":["Writhe"]},{"damage_healed":0,"gold_gain":99,"player_choice":"Stole From Cult","damage_taken":0,"max_hp_gain":0,"max_hp_loss":0,"event_name":"Nest","floor":24,"gold_loss":0},{"cards_removed":["Writhe"],"damage_healed":0,"gold_gain":0,"player_choice":"Removed Curses","damage_taken":0,"max_hp_gain":0,"max_hp_loss":0,"event_name":"Fountain of Cleansing","floor":31,"gold_loss":0},{"damage_healed":0,"gold_gain":0,"player_choice":"Bought 0 Potions","damage_taken":0,"max_hp_gain":0,"max_hp_loss":0,"event_name":"The Woman in Blue","floor":38,"gold_loss":0},{"damage_healed":0,"gold_gain":0,"player_choice":"Paid Gold","damage_taken":0,"relics_obtained":["Incense Burner"],"max_hp_gain":0,"max_hp_loss":0,"event_name":"WeMeetAgain","floor":39,"gold_loss":112},{"damage_healed":40,"gold_gain":0,"player_choice":"Heal","damage_taken":0,"max_hp_gain":0,"max_hp_loss":0,"event_name":"MindBloom","floor":45,"gold_loss":0,"cards_obtained":["Doubt"]},{"damage_healed":0,"gold_gain":0,"player_choice":"Copied","damage_taken":0,"max_hp_gain":0,"max_hp_loss":0,"event_name":"Duplicator","floor":46,"gold_loss":0,"cards_obtained":["Grand Finale"]},{"damage_healed":0,"gold_gain":333,"player_choice":"Gave Idol","damage_taken":0,"max_hp_gain":0,"max_hp_loss":0,"event_name":"The Moai Head","floor":47,"relics_lost":["Golden Idol"],"gold_loss":0}],"is_beta":false,"boss_relics":[{"not_picked":["Runic Dome","Pandora\u0027s Box"],"picked":"Lizard Tail"},{"not_picked":["Tiny House","HoveringKite"],"picked":"White Beast Statue"}],"items_purged_floors":[41,48],"is_endless":false,"potions_floor_spawned":[13,16,21,33,35,37,44],"ascension_level":9}