{"gold_per_floor":[114,189,189,136,146,146,181,181,257,270,270,270,270,282,282,359,359,369,254,179,190,190],"floor_reached":22,"playtime":1251,"items_purged":["Strike_B"],"score":364,"play_id":"eb2ed27a-a4cc-4df5-91ec-42e5fb4a115e","local_time":"20190205114413","is_ascension_mode":true,"campfire_choices":[{"data":"Streamline","floor":6.0,"key":"SMITH"},{"data":"Sweeping Beam","floor":8.0,"key":"SMITH"},{"data":"Ball Lightning","floor":11.0,"key":"SMITH"},{"data":"Hologram","floor":15.0,"key":"SMITH"}],"neow_cost":"NONE","seed_source_timestamp":0,"circlet_count":0,"master_deck":["AscendersBane","Strike_B","Strike_B","Defend_B","Defend_B","Defend_B","Defend_B","Zap+1","Dualcast","Sweeping Beam+1","Streamline+1","Gash","Ball Lightning+1","Hologram+1","Fission","Hologram","Static Discharge"],"special_seed":0,"relics":["Cracked Core","Ginger","Cables","Velvet Choker"],"potions_floor_usage":[21],"damage_taken":[{"damage":0.0,"enemies":"2 Louse","floor":1.0,"turns":3.0},{"damage":6.0,"enemies":"Jaw Worm","floor":5.0,"turns":4.0},{"damage":20.0,"enemies":"3 Sentries","floor":7.0,"turns":5.0},{"damage":0.0,"enemies":"Small Slimes","floor":10.0,"turns":2.0},{"damage":4.0,"enemies":"3 Louse","floor":14.0,"turns":2.0},{"damage":25.0,"enemies":"Hexaghost","floor":16.0,"turns":8.0},{"damage":28.0,"enemies":"Shell Parasite","floor":18.0,"turns":3.0},{"damage":0,"enemies":"Spheric Guardian","floor":21,"turns":3},{"damage":34,"enemies":"Colosseum Slavers","floor":22,"turns":2}],"seed_played":"-2746290100020787781","potions_obtained":[{"floor":1.0,"key":"Strength Potion"},{"floor":14.0,"key":"Block Potion"},{"floor":16.0,"key":"EssenceOfSteel"},{"floor":18.0,"key":"PowerPotion"}],"is_trial":false,"path_per_floor":["M","?","?","$","M","R","E","R","T","M","R","?","?","M","R","B",null,"M","$","?","M","?"],"character_chosen":"DEFECT","items_purchased":["Streamline","Static Discharge"],"campfire_rested":0,"item_purchase_floors":[4,19],"current_hp_per_floor":[64,53,53,53,47,47,27,27,27,27,27,27,32,28,28,3,58,30,30,30,30,0],"gold":190,"neow_bonus":"UPGRADE_CARD","is_prod":false,"is_daily":false,"chose_seed":false,"campfire_upgraded":4,"win_rate":0,"timestamp":1549395853,"path_taken":["M","?","?","?","M","R","E","R","T","M","R","?","?","M","R","BOSS","M","$","?","M","?"],"build_version":"2019-01-23","purchased_purges":1,"victory":false,"max_hp_per_floor":[71,71,71,71,71,71,71,71,71,71,71,71,76,76,76,76,76,76,76,76,76,76],"card_choices":[{"not_picked":["Chaos","Skim"],"picked":"Sweeping Beam","floor":1.0},{"not_picked":["Tempest","Streamline","Steam"],"picked":"SKIP","floor":5.0},{"not_picked":["Reboot","Turbo"],"picked":"Gash","floor":7.0},{"not_picked":["Leap","Go for the Eyes"],"picked":"Ball Lightning","floor":10.0},{"not_picked":["Leap","Scrape"],"picked":"Hologram","floor":14.0},{"not_picked":["All For One","Meteor Strike"],"picked":"Fission","floor":16.0},{"not_picked":["Conserve Battery","Ball Lightning"],"picked":"Hologram","floor":18.0},{"not_picked":["Beam Cell","Rip and Tear","Rebound"],"picked":"SKIP","floor":21}],"player_experience":1817571,"relics_obtained":[{"floor":7.0,"key":"Ginger"},{"floor":9.0,"key":"Cables"}],"event_choices":[{"damage_healed":0.0,"max_hp_gain":0.0,"max_hp_loss":0.0,"gold_gain":75.0,"event_name":"World of Goop","player_choice":"Gather Gold","floor":2.0,"gold_loss":0.0,"damage_taken":11.0},{"damage_healed":0.0,"max_hp_gain":0.0,"max_hp_loss":0.0,"gold_gain":0.0,"event_name":"Golden Wing","player_choice":"Ignored","floor":3.0,"gold_loss":0.0,"damage_taken":0.0},{"damage_healed":0.0,"max_hp_gain":0.0,"max_hp_loss":0.0,"gold_gain":0.0,"event_name":"Liars Game","player_choice":"Ignored","floor":12.0,"gold_loss":0.0,"damage_taken":0.0},{"damage_healed":0.0,"max_hp_gain":5.0,"max_hp_loss":0.0,"gold_gain":0.0,"event_name":"Big Fish","player_choice":"Donut","floor":13.0,"gold_loss":0.0,"damage_taken":0.0},{"cards_removed":["Strike_B"],"damage_healed":0.0,"max_hp_gain":0.0,"max_hp_loss":0.0,"gold_gain":0.0,"event_name":"Beggar","player_choice":"Gave Gold","floor":20.0,"gold_loss":75.0,"damage_taken":0.0},{"damage_healed":0,"gold_gain":0,"player_choice":"Fight","damage_taken":0,"max_hp_gain":0,"max_hp_loss":0,"event_name":"Colosseum","floor":22,"gold_loss":0}],"is_beta":false,"boss_relics":[{"not_picked":["Philosopher\u0027s Stone","Ectoplasm"],"picked":"Velvet Choker"}],"items_purged_floors":[19],"is_endless":false,"potions_floor_spawned":[1,14,16,18],"killed_by":"Colosseum Slavers","ascension_level":20}