{"gold_per_floor":[115,115,128,99,99,99,119,151,176,176,209,209,209,236,248,333,345,371,383,395],"floor_reached":20,"playtime":804,"items_purged":[],"score":351,"play_id":"4b5d621f-a45d-4a4e-bb47-f266b1b8be01","local_time":"20190116142928","is_ascension_mode":true,"campfire_choices":[{"data":"Go for the Eyes","floor":6,"key":"SMITH"},{"data":"Streamline","floor":10,"key":"SMITH"},{"data":"White Noise","floor":12,"key":"SMITH"},{"floor":15,"key":"REST"}],"neow_cost":"NONE","seed_source_timestamp":628598856298121,"circlet_count":0,"master_deck":["AscendersBane","Strike_B","Strike_B","Strike_B","Strike_B","Defend_B","Defend_B","Defend_B","Defend_B","Zap+1","Dualcast","FTL","Go for the Eyes+1","Gash","White Noise+1","Streamline+1","Scrape","Steam","All For One","Compile Driver"],"relics":["Cracked Core","NeowsBlessing","Oddly Smooth Stone","Regal Pillow","Blood Vial","MawBank","Runic Pyramid"],"potions_floor_usage":[16],"damage_taken":[{"damage":0,"enemies":"Cultist","floor":1,"turns":1},{"damage":0,"enemies":"2 Louse","floor":3,"turns":1},{"damage":0,"enemies":"Jaw Worm","floor":7,"turns":1},{"damage":20,"enemies":"Lagavulin","floor":8,"turns":8},{"damage":14,"enemies":"3 Sentries","floor":11,"turns":6},{"damage":6,"enemies":"Blue Slaver","floor":14,"turns":2},{"damage":37,"enemies":"Slime Boss","floor":16,"turns":9},{"damage":13,"enemies":"Spheric Guardian","floor":18,"turns":4},{"damage":50,"enemies":"Masked Bandits","floor":20,"turns":3}],"seed_played":"-7350795700879469972","potions_obtained":[{"floor":1,"key":"Poison Potion"},{"floor":11,"key":"EssenceOfSteel"},{"floor":18,"key":"SmokeBomb"}],"is_trial":false,"path_per_floor":["M","$","M","$","?","R","M","E","T","R","E","R","?","M","R","B",null,"M","?","?"],"character_chosen":"DEFECT","items_purchased":["Gash"],"campfire_rested":1,"item_purchase_floors":[4],"current_hp_per_floor":[64,64,64,64,64,64,64,44,44,44,30,30,25,21,57,22,59,48,48,0],"gold":395,"neow_bonus":"THREE_ENEMY_KILL","is_prod":false,"is_daily":false,"chose_seed":false,"campfire_upgraded":3,"win_rate":0,"timestamp":1547677768,"path_taken":["M","$","?","?","?","R","?","E","T","R","E","R","?","M","R","BOSS","M","?","?"],"build_version":"2019-01-10","purchased_purges":0,"victory":false,"max_hp_per_floor":[71,71,71,71,71,71,71,71,71,71,71,71,71,71,71,71,71,71,71,71],"card_choices":[{"not_picked":["Static Discharge","Rebound"],"picked":"FTL","floor":1},{"not_picked":["Stack","Compile Driver"],"picked":"Go for the Eyes","floor":3},{"not_picked":["Heatsinks","Lockon"],"picked":"White Noise","floor":7},{"not_picked":["Heatsinks","Sweeping Beam"],"picked":"Streamline","floor":8},{"not_picked":["Auto Shields","Aggregate"],"picked":"Scrape","floor":11},{"not_picked":["Aggregate","Recycle"],"picked":"Steam","floor":14},{"not_picked":["Meteor Strike","Reboot"],"picked":"All For One","floor":16},{"not_picked":["Redo","Streamline"],"picked":"Compile Driver","floor":18}],"player_experience":1702872,"relics_obtained":[{"floor":8,"key":"Oddly Smooth Stone"},{"floor":9,"key":"Regal Pillow"},{"floor":11,"key":"Blood Vial"}],"event_choices":[{"damage_healed":0,"gold_gain":0,"player_choice":"Upgraded","damage_taken":0,"max_hp_gain":0,"max_hp_loss":0,"event_name":"Upgrade Shrine","floor":5,"gold_loss":0,"cards_upgraded":["Zap"]},{"damage_healed":0,"gold_gain":0,"player_choice":"Success","damage_taken":5,"relics_obtained":["MawBank"],"max_hp_gain":0,"max_hp_loss":0,"event_name":"Scrap Ooze","floor":13,"gold_loss":0},{"damage_healed":0,"gold_gain":0,"player_choice":"Ignored","damage_taken":0,"max_hp_gain":0,"max_hp_loss":0,"event_name":"Ghosts","floor":19,"gold_loss":0},{"damage_healed":0,"gold_gain":0,"player_choice":"Fought Bandits","damage_taken":0,"max_hp_gain":0,"max_hp_loss":0,"event_name":"Masked Bandits","floor":20,"gold_loss":0}],"is_beta":false,"boss_relics":[{"not_picked":["Black Star","Fusion Hammer"],"picked":"Runic Pyramid"}],"items_purged_floors":[],"is_endless":false,"potions_floor_spawned":[1,11,18],"killed_by":"Masked Bandits","ascension_level":19}