{"path_per_floor":["M","?","M","M","?","E","R","E","T","M","?","R","M","E","R","B",null,"M","M","M","M","$","E","R","M","T","E","M","$","R","?","R","B",null,"M","$","M","?"],"character_chosen":"DEFECT","items_purchased":["Tiny Chest","Ancient Tea Set","Lockon","Mind Blast","Lockon","Mind Blast","Chaos"],"gold_per_floor":[118,118,129,148,98,132,132,158,208,223,223,223,242,272,272,371,371,385,403,422,434,18,52,52,64,136,168,181,55,55,55,55,159,159,179,34,54,54,54],"floor_reached":39,"campfire_rested":4,"playtime":2179,"item_purchase_floors":[22,22,22,29,29,36,36],"current_hp_per_floor":[73,73,73,72,72,66,66,49,49,44,72,72,72,56,81,67,85,85,81,79,64,64,50,75,76,76,53,38,38,63,63,85,43,85,64,64,33,22,0],"items_purged":["Defend_B"],"gold":54,"score":488,"play_id":"1e236c86-1335-4545-8669-6cca642ecc37","local_time":"20180524141648","is_prod":false,"is_daily":false,"chose_seed":false,"is_ascension_mode":true,"campfire_upgraded":2,"win_rate":0,"timestamp":1527164208,"campfire_choices":[{"data":"Zap","floor":7,"key":"SMITH"},{"data":"Leap","floor":12,"key":"SMITH"},{"floor":15,"key":"REST"},{"floor":24,"key":"REST"},{"floor":30,"key":"REST"},{"floor":32,"key":"REST"}],"path_taken":["M","?","M","M","?","E","R","E","T","M","?","R","?","E","R","BOSS","M","M","M","M","$","E","R","M","T","E","M","$","R","?","R","BOSS","M","$","M","?","M"],"build_version":"2018-05-23v2","seed_source_timestamp":439997221424,"purchased_purges":1,"victory":false,"master_deck":["Strike_B","Defend_B","Zap+1","Dualcast","Core Surge","Hologram","Ball Lightning","Leap+1","Thunder Strike","Go for the Eyes","Leap","Go for the Eyes","Static Discharge","Core Surge","Barrage+1","Melter+1","Hologram+1","Capacitor+1","White Noise","Steam+1","Leap","Lockon","Core Surge","Melter+1","White Noise+1","Tempest","Mind Blast+1","Lockon","FTL+1","Injury","Defragment","Machine Learning","Undo+1","Mind Blast","Chaos","Rebound","Madness","Madness"],"max_hp_per_floor":[75,75,75,75,75,85,85,85,85,85,85,85,85,85,85,85,85,85,85,85,85,85,85,85,85,85,85,85,85,85,85,85,85,85,85,85,85,85,85],"relics":["Cracked Core","Pear","Dream Catcher","Bronze Scales","Anchor","Astrolabe","Tiny Chest","Ancient Tea Set","Bottled Lightning","Blue Candle","Symbiotic Virus","Eternal Feather"],"card_choices":[{"not_picked":["Coolheaded","Steam"],"picked":"Hologram","floor":1},{"not_picked":["Capacitor","Cold Snap"],"picked":"Hologram","floor":3},{"not_picked":["Redo","Force Field"],"picked":"Ball Lightning","floor":4},{"not_picked":["Go for the Eyes","Hyperbeam"],"picked":"Leap","floor":6},{"not_picked":["Redo","Skim"],"picked":"Thunder Strike","floor":8},{"not_picked":["Coolheaded","Steam Power"],"picked":"Go for the Eyes","floor":10},{"not_picked":["Stack","Conserve Battery"],"picked":"Leap","floor":13},{"not_picked":["Barrage","Hologram"],"picked":"Go for the Eyes","floor":14},{"not_picked":["Rainbow","Stack"],"picked":"Static Discharge","floor":15},{"not_picked":["Hyperbeam","Amplify"],"picked":"Core Surge","floor":16},{"not_picked":["Turbo","Barrage"],"picked":"Capacitor+1","floor":18},{"not_picked":["Capacitor+1","Hello World"],"picked":"White Noise","floor":19},{"not_picked":["Aggregate","Rebound+1"],"picked":"Steam+1","floor":20},{"not_picked":["Go for the Eyes","Capacitor+1"],"picked":"Leap","floor":21},{"not_picked":["Capacitor","Turbo+1"],"picked":"Core Surge","floor":23},{"not_picked":["Go for the Eyes","Force Field"],"picked":"Melter+1","floor":24},{"not_picked":["Rebound","Gash+1"],"picked":"White Noise+1","floor":25},{"not_picked":["Fusion","Compile Driver"],"picked":"Tempest","floor":27},{"not_picked":["Beam Cell","Streamline","Rebound+1"],"picked":"SKIP","floor":28},{"not_picked":["Compile Driver","Beam Cell"],"picked":"FTL+1","floor":30},{"not_picked":["Turbo","Ball Lightning"],"picked":"Defragment","floor":32},{"not_picked":["All For One","Creative AI"],"picked":"Machine Learning","floor":33},{"not_picked":["Capacitor+1","Ball Lightning"],"picked":"Undo+1","floor":35},{"not_picked":["Undo","Rip and Tear+1"],"picked":"Rebound","floor":37}],"player_experience":160803,"potions_floor_usage":[16,16,19,25,27,33,33,37,37],"damage_taken":[{"damage":2,"enemies":"2 Louse","floor":1,"turns":2},{"damage":0,"enemies":"Cultist","floor":3,"turns":3},{"damage":1,"enemies":"Jaw Worm","floor":4,"turns":3},{"damage":16,"enemies":"Lagavulin","floor":6,"turns":6},{"damage":17,"enemies":"Gremlin Nob","floor":8,"turns":4},{"damage":5,"enemies":"3 Louse","floor":10,"turns":3},{"damage":0,"enemies":"Blue Slaver","floor":13,"turns":2},{"damage":16,"enemies":"Lagavulin","floor":14,"turns":7},{"damage":14,"enemies":"Slime Boss","floor":16,"turns":5},{"damage":0,"enemies":"Spheric Guardian","floor":18,"turns":1},{"damage":4,"enemies":"Chosen","floor":19,"turns":5},{"damage":9,"enemies":"Snake Plant","floor":20,"turns":4},{"damage":15,"enemies":"Centurion and Healer","floor":21,"turns":6},{"damage":14,"enemies":"Book of Stabbing","floor":23,"turns":5},{"damage":8,"enemies":"Snecko","floor":25,"turns":5},{"damage":23,"enemies":"Slavers","floor":27,"turns":5},{"damage":15,"enemies":"Snake Plant","floor":28,"turns":4},{"damage":42,"enemies":"Champ","floor":33,"turns":11},{"damage":21,"enemies":"3 Shapes","floor":35,"turns":3},{"damage":31,"enemies":"3 Darklings","floor":37,"turns":4},{"damage":36,"enemies":"Transient","floor":39,"turns":5}],"relics_obtained":[{"floor":6,"key":"Pear"},{"floor":8,"key":"Dream Catcher"},{"floor":9,"key":"Bronze Scales"},{"floor":14,"key":"Anchor"},{"floor":23,"key":"Bottled Lightning"},{"floor":26,"key":"Blue Candle"},{"floor":27,"key":"Symbiotic Virus"}],"event_choices":[{"event_name":"Purifier","player_choice":"One Purge","floor":2,"damage_taken":0},{"event_name":"The Cleric","player_choice":"Card Removal","floor":5,"damage_taken":0},{"event_name":"Big Fish","player_choice":"Banana","floor":11,"damage_taken":0},{"event_name":"Accursed Blacksmith","player_choice":"Forge","floor":31,"damage_taken":0},{"event_name":"Winding Halls","player_choice":"Embrace Madness","floor":38,"damage_taken":0}],"boss_relics":[{"not_picked":["Orrery","Nuclear Battery"],"picked":"Astrolabe"},{"not_picked":["Pandora\u0027s Box","Tiny House"],"picked":"Eternal Feather"}],"items_purged_floors":[22],"potions_floor_spawned":[8,10,14,16,19,23,25,33,35],"seed_played":"-8847035845189050169","killed_by":"Transient","ascension_level":1,"potions_obtained":[{"floor":8,"key":"FocusPotion"},{"floor":10,"key":"Ancient Potion"},{"floor":14,"key":"FocusPotion"},{"floor":16,"key":"Dexterity Potion"},{"floor":19,"key":"Energy Potion"},{"floor":23,"key":"Regen Potion"},{"floor":25,"key":"Energy Potion"},{"floor":33,"key":"Poison Potion"},{"floor":35,"key":"Fire Potion"}],"is_trial":false}