{"path_per_floor":["M","?","?","M","?","E","M","R","T","$","R","M","T","$","R","B",null,"M","?","$","M","?"],"character_chosen":"THE_SILENT","items_purchased":["Mummified Hand"],"gold_per_floor":[117,117,117,129,304,338,349,349,421,100,100,116,116,16,16,121,121,139,39,39,53,53,53],"floor_reached":23,"campfire_rested":2,"playtime":1131,"current_hp_per_floor":[63,63,63,61,61,3,3,24,24,24,45,45,59,59,59,34,84,75,75,75,65,49,0],"items_purged":["Doubt","Injury"],"gold":53,"score":215,"play_id":"69ccabda-8745-4cf1-982a-72ea4ff2f4ec","local_time":"20180328204931","is_prod":false,"is_daily":false,"is_ascension_mode":true,"campfire_upgraded":1,"timestamp":1522288171,"path_taken":["M","?","?","M","?","E","M","R","T","$","R","?","?","?","R","BOSS","M","?","?","M","?","E"],"build_version":"2018-03-22v2","purchased_purges":2,"victory":false,"master_deck":["Defend_G","Defend_G","Defend_G","Defend_G","Defend_G","Strike_G","Strike_G","Strike_G","Strike_G","Survivor","Neutralize+1","Terror+1","Well Laid Plans","Backflip","Slice","Backflip","Burst","Slice","J.A.X.","Flying Knee","Necronomicurse"],"max_hp_per_floor":[70,70,70,70,70,70,70,70,70,70,70,70,84,84,84,84,84,84,84,84,84,84,84],"relics":["Ring of the Snake","Toolbox","Dodecahedron","Mummified Hand","Mango","Lizard Tail","Necronomicon"],"card_choices":[{"not_picked":["Outmaneuver","Cloak And Dagger"],"picked":"Terror","floor":1},{"not_picked":["Bouncing Flask","Acrobatics"],"picked":"Well Laid Plans","floor":4},{"not_picked":["Finisher","Underhanded Strike"],"picked":"Backflip","floor":6},{"not_picked":["Cloak And Dagger","Dagger Spray"],"picked":"Slice","floor":7},{"not_picked":["Distraction","Quick Slash"],"picked":"Backflip","floor":12},{"not_picked":["Bullet Time","Grand Finale"],"picked":"Burst","floor":16},{"not_picked":["Flechettes","Dagger Throw"],"picked":"Slice","floor":18},{"not_picked":["Catalyst","Bane"],"picked":"Flying Knee","floor":21}],"player_experience":91466,"potions_floor_usage":[23,23],"damage_taken":[{"damage":7,"enemies":"Jaw Worm","floor":1,"turns":4},{"damage":2,"enemies":"Small Slimes","floor":4,"turns":3},{"damage":58,"enemies":"Gremlin Nob","floor":6,"turns":6},{"damage":0,"enemies":"Cultist","floor":7,"turns":3},{"damage":0,"enemies":"Looter","floor":12,"turns":3},{"damage":25,"enemies":"The Guardian","floor":16,"turns":12},{"damage":9,"enemies":"Shell Parasite","floor":18,"turns":9},{"damage":10,"enemies":"Chosen","floor":21,"turns":5},{"damage":125,"enemies":"Gremlin Leader","floor":23,"turns":9}],"event_choices":[{"event_name":"Living Wall","player_choice":"Forget","floor":2,"damage_taken":0},{"event_name":"Accursed Blacksmith","player_choice":"Forge","floor":3,"damage_taken":0},{"event_name":"Liars Game","player_choice":"agreed","floor":5,"damage_taken":0},{"event_name":"Drug Dealer","player_choice":"Got JAXXED","floor":19,"damage_taken":0},{"event_name":"Cursed Tome","player_choice":"Obtained Book","floor":22,"damage_taken":0}],"boss_relics":[{"not_picked":["The Specimen","Orrery"],"picked":"Lizard Tail"}],"potions_floor_spawned":[4,7,12,21],"seed_played":"2953444588515650953","killed_by":"Gremlin Leader","ascension_level":3,"is_trial":false}