{"gold_per_floor":[118,67,117,127,139,170,170,116,197,231,242,242],"floor_reached":12,"playtime":463,"items_purged":[],"score":167,"play_id":"141979c0-4660-41a2-af0d-403b82fd2186","local_time":"20181217090614","is_ascension_mode":true,"campfire_choices":[{"floor":7,"key":"REST"}],"neow_cost":"NONE","seed_source_timestamp":442367802516652,"circlet_count":0,"master_deck":["AscendersBane","Defend_G","Defend_G","Defend_G","Defend_G","Defend_G","Strike_G","Strike_G","Strike_G","Strike_G","Strike_G","Survivor","Neutralize","Backflip","Deadly Poison","PiercingWail","Dodge and Roll","Escape Plan","Footwork","Cloak And Dagger"],"relics":["Ring of the Snake","NeowsBlessing","Bronze Scales","Blue Candle","Letter Opener"],"potions_floor_usage":[6,10,10],"damage_taken":[{"damage":0,"enemies":"Small Slimes","floor":1,"turns":1},{"damage":0,"enemies":"Cultist","floor":4,"turns":1},{"damage":0,"enemies":"Jaw Worm","floor":5,"turns":1},{"damage":39,"enemies":"3 Sentries","floor":6,"turns":16},{"damage":36,"enemies":"Gremlin Nob","floor":10,"turns":4},{"damage":0,"enemies":"Blue Slaver","floor":11,"turns":5},{"damage":3,"enemies":"2 Fungi Beasts","floor":12,"turns":2}],"seed_played":"-1248061360131987714","potions_obtained":[{"floor":4,"key":"AttackPotion"},{"floor":5,"key":"SkillPotion"},{"floor":10,"key":"Weak Potion"}],"is_trial":false,"path_per_floor":["M","$","?","M","M","E","R","$","T","E","M","M"],"character_chosen":"THE_SILENT","items_purchased":["Deadly Poison","Poison Potion"],"campfire_rested":1,"item_purchase_floors":[2,8],"current_hp_per_floor":[59,59,59,59,59,20,39,39,39,3,3,0],"gold":242,"neow_bonus":"THREE_ENEMY_KILL","is_prod":false,"is_daily":false,"chose_seed":false,"campfire_upgraded":0,"win_rate":0,"timestamp":1545066374,"path_taken":["M","$","?","M","?","E","R","?","T","E","M","M"],"build_version":"2018-12-13","purchased_purges":0,"victory":false,"max_hp_per_floor":[66,66,66,66,66,66,66,66,66,66,66,66],"card_choices":[{"not_picked":["Underhanded Strike","Dagger Throw"],"picked":"Backflip","floor":1},{"not_picked":["Quick Slash","Outmaneuver"],"picked":"PiercingWail","floor":4},{"not_picked":["Tactician","Underhanded Strike"],"picked":"Dodge and Roll","floor":5},{"not_picked":["Bane","Tools of the Trade"],"picked":"Escape Plan","floor":6},{"not_picked":["Distraction","Tactician"],"picked":"Footwork","floor":10},{"not_picked":["Choke","Outmaneuver"],"picked":"Cloak And Dagger","floor":11}],"player_experience":1574788,"relics_obtained":[{"floor":6,"key":"Bronze Scales"},{"floor":9,"key":"Blue Candle"},{"floor":10,"key":"Letter Opener"}],"event_choices":[{"damage_healed":0,"gold_gain":50,"player_choice":"Pray","damage_taken":0,"max_hp_gain":0,"max_hp_loss":0,"event_name":"Golden Shrine","floor":3,"gold_loss":0}],"is_beta":false,"boss_relics":[],"items_purged_floors":[],"is_endless":false,"potions_floor_spawned":[4,5,10],"killed_by":"2 Fungi Beasts","ascension_level":18}