{"path_per_floor":["M","M","M","$","?","R","E","R","T","M","R","?","M","$","R","B",null,"M","?","M","$","?","R"],"character_chosen":"IRONCLAD","items_purchased":["Armaments","True Grit","Wild Strike"],"gold_per_floor":[210,220,233,82,82,82,107,107,107,126,126,126,146,46,46,141,141,156,156,172,120,35,35,35],"floor_reached":24,"campfire_rested":1,"playtime":2015,"item_purchase_floors":[],"current_hp_per_floor":[65,54,51,51,35,59,54,54,54,59,59,59,46,46,46,25,66,41,41,30,30,30,30,0],"items_purged":["Strike_R","Strike_R"],"gold":35,"score":301,"play_id":"99ccc800-c05a-47a0-af98-16aa864cc373","local_time":"20180622113955","is_prod":false,"is_daily":false,"chose_seed":false,"is_ascension_mode":true,"campfire_upgraded":4,"win_rate":0,"timestamp":1529692795,"campfire_choices":[{"floor":6.0,"key":"REST"},{"data":"Armaments","floor":8.0,"key":"SMITH"},{"data":"Uppercut","floor":11.0,"key":"SMITH"},{"data":"Bash","floor":15.0,"key":"SMITH"},{"data":"Barricade","floor":23,"key":"SMITH"}],"path_taken":["M","M","M","$","?","R","E","R","T","M","R","?","M","?","R","BOSS","M","?","M","$","?","R","M"],"build_version":"2018-06-21","seed_source_timestamp":0,"purchased_purges":2,"circlet_count":0,"victory":false,"master_deck":["Strike_R","Strike_R","Strike_R","Defend_R","Defend_R","Defend_R","Defend_R","Bash+1","AscendersBane","Combust","Disarm+1","Flame Barrier+1","Armaments+1","True Grit+1","Uppercut+1","Feel No Pain","Barricade+1","True Grit","Wild Strike"],"max_hp_per_floor":[80,80,80,80,80,80,80,80,80,80,80,80,80,80,80,80,80,80,80,80,80,80,80,80],"special_seed":0,"relics":["Burning Blood","Ginger","Mercury Hourglass","Black Star","Happy Flower"],"card_choices":[{"not_picked":["Havoc","Flex"],"picked":"Combust","floor":1.0},{"not_picked":["Flex","Perfected Strike"],"picked":"Disarm","floor":2.0},{"not_picked":["Second Wind","Headbutt"],"picked":"Flame Barrier","floor":3.0},{"not_picked":["Havoc","Metallicize"],"picked":"Uppercut","floor":7.0},{"not_picked":["Fire Breathing","Bludgeon"],"picked":"Feel No Pain","floor":10.0},{"not_picked":["Wild Strike","Armaments","Thunderclap"],"picked":"SKIP","floor":13.0},{"not_picked":["Juggernaut","Limit Break"],"picked":"Barricade","floor":16.0},{"not_picked":["Whirlwind","Headbutt"],"picked":"True Grit","floor":18},{"not_picked":["Flex","Clothesline","Hemokinesis"],"picked":"SKIP","floor":20}],"player_experience":916207,"potions_floor_usage":[18,18,24],"damage_taken":[{"damage":13.0,"enemies":"Jaw Worm","floor":1.0,"turns":4.0},{"damage":17.0,"enemies":"Small Slimes","floor":2.0,"turns":3.0},{"damage":9.0,"enemies":"Cultist","floor":3.0,"turns":4.0},{"damage":11.0,"enemies":"3 Sentries","floor":7.0,"turns":6.0},{"damage":1.0,"enemies":"Exordium Wildlife","floor":10.0,"turns":2.0},{"damage":19.0,"enemies":"3 Louse","floor":13.0,"turns":2.0},{"damage":27.0,"enemies":"Hexaghost","floor":16.0,"turns":12.0},{"damage":31,"enemies":"2 Thieves","floor":18,"turns":5},{"damage":17,"enemies":"Shell Parasite","floor":20,"turns":12},{"damage":33,"enemies":"3 Cultists","floor":24,"turns":4}],"relics_obtained":[{"floor":7.0,"key":"Ginger"},{"floor":9.0,"key":"Mercury Hourglass"}],"event_choices":[{"event_name":"Shining Light","player_choice":"Entered Light","floor":5.0,"damage_taken":0.0},{"event_name":"Living Wall","player_choice":"Grow","floor":12.0,"damage_taken":0.0},{"event_name":"Ghosts","player_choice":"Ignored","floor":19,"damage_taken":0},{"event_name":"Addict","player_choice":"Obtained Relic","floor":22,"damage_taken":0}],"boss_relics":[{"not_picked":["Eternal Feather","Lizard Tail"],"picked":"Black Star"}],"items_purged_floors":[],"is_endless":false,"potions_floor_spawned":[3,7,13,18],"seed_played":"-6933406830691490673","killed_by":"3 Cultists","ascension_level":11,"potions_obtained":[{"floor":3.0,"key":"Energy Potion"},{"floor":7.0,"key":"Strength Potion"},{"floor":18,"key":"Explosive Potion"}],"is_trial":false}