{"gold_per_floor":[111,127,202,302,319,353,353,379,402,430,430,442,442,456,456,553,553,572,583,583],"floor_reached":20,"playtime":1084,"items_purged":[],"score":233,"play_id":"a4b4005d-51e2-427a-b192-250c1150aef6","local_time":"20190201213825","is_ascension_mode":true,"campfire_choices":[{"floor":7,"key":"REST"},{"floor":11,"key":"REST"},{"data":"Bash","floor":13,"key":"SMITH"},{"data":"Dual Wield","floor":15,"key":"SMITH"}],"neow_cost":"NONE","seed_source_timestamp":1911130246948632,"circlet_count":0,"master_deck":["Strike_R","Strike_R","Strike_R","Defend_R","Defend_R","Defend_R","Defend_R","Bash+1","Clash","Anger","Dual Wield+1","Iron Wave","Inflame+1","Iron Wave","Battle Trance","Barricade+1","Evolve+1"],"relics":["Burning Blood","Omamori","Bag of Marbles","Orichalcum","Bag of Preparation","Frozen Egg 2","Empty Cage"],"potions_floor_usage":[6,10,10,20],"damage_taken":[{"damage":7,"enemies":"Small Slimes","floor":1,"turns":4},{"damage":7,"enemies":"Jaw Worm","floor":2,"turns":3},{"damage":0,"enemies":"Cultist","floor":5,"turns":2},{"damage":50,"enemies":"3 Sentries","floor":6,"turns":11},{"damage":25,"enemies":"Lagavulin","floor":8,"turns":6},{"damage":15,"enemies":"3 Sentries","floor":10,"turns":9},{"damage":0,"enemies":"Exordium Wildlife","floor":12,"turns":2},{"damage":0,"enemies":"2 Fungi Beasts","floor":14,"turns":2},{"damage":41,"enemies":"The Guardian","floor":16,"turns":9},{"damage":36,"enemies":"Shell Parasite","floor":18,"turns":9},{"damage":39,"enemies":"3 Byrds","floor":19,"turns":7},{"damage":18,"enemies":"Colosseum Slavers","floor":20,"turns":1}],"seed_played":"-7412966172220421142","potions_obtained":[{"floor":1,"key":"Explosive Potion"},{"floor":6,"key":"Swift Potion"},{"floor":8,"key":"Fire Potion"},{"floor":10,"key":"EssenceOfSteel"},{"floor":18,"key":"SteroidPotion"}],"is_trial":false,"path_per_floor":["M","M","?","?","M","E","R","E","T","E","R","M","R","M","R","B",null,"M","M","?"],"character_chosen":"IRONCLAD","items_purchased":[],"campfire_rested":2,"item_purchase_floors":[],"current_hp_per_floor":[79,78,67,67,73,29,53,34,34,25,49,55,55,61,61,26,80,50,17,0],"gold":583,"neow_bonus":"RANDOM_COMMON_RELIC","is_prod":false,"is_daily":false,"chose_seed":false,"campfire_upgraded":2,"win_rate":0,"timestamp":1549024705,"path_taken":["M","M","?","?","M","E","R","E","T","E","R","M","R","?","R","BOSS","M","M","?"],"build_version":"2019-01-23","purchased_purges":0,"victory":false,"max_hp_per_floor":[80,80,80,80,80,80,80,80,80,80,80,80,80,80,80,80,80,80,80,80],"card_choices":[{"not_picked":["Burning Pact","Havoc"],"picked":"Clash","floor":1},{"not_picked":["Perfected Strike","Clothesline"],"picked":"Anger","floor":2},{"not_picked":["Combust","Corruption"],"picked":"Dual Wield","floor":5},{"not_picked":["Dark Embrace","Clash","Perfected Strike"],"picked":"SKIP","floor":6},{"not_picked":["Dark Embrace","Burning Pact"],"picked":"Iron Wave","floor":8},{"not_picked":["Twin Strike","Uppercut"],"picked":"Inflame","floor":10},{"not_picked":["Twin Strike","Anger"],"picked":"Iron Wave","floor":12},{"not_picked":["Reckless Charge","Armaments"],"picked":"Battle Trance","floor":14},{"not_picked":["Fiend Fire","Dark Embrace+1"],"picked":"Barricade+1","floor":16},{"not_picked":["Twin Strike","Spot Weakness"],"picked":"Evolve+1","floor":18},{"not_picked":["Pommel Strike+1","Twin Strike","Cleave"],"picked":"SKIP","floor":19}],"player_experience":769015,"relics_obtained":[{"floor":6,"key":"Bag of Marbles"},{"floor":8,"key":"Orichalcum"},{"floor":9,"key":"Bag of Preparation"},{"floor":10,"key":"Frozen Egg 2"}],"event_choices":[{"damage_healed":0,"gold_gain":75,"player_choice":"Gather Gold","damage_taken":11,"max_hp_gain":0,"max_hp_loss":0,"event_name":"World of Goop","floor":3,"gold_loss":0},{"damage_healed":0,"gold_gain":100,"player_choice":"Pray","damage_taken":0,"max_hp_gain":0,"max_hp_loss":0,"event_name":"Golden Shrine","floor":4,"gold_loss":0},{"damage_healed":0,"gold_gain":0,"player_choice":"Fight","damage_taken":0,"max_hp_gain":0,"max_hp_loss":0,"event_name":"Colosseum","floor":20,"gold_loss":0}],"is_beta":false,"boss_relics":[{"not_picked":["Calling Bell","Mark of Pain"],"picked":"Empty Cage"}],"items_purged_floors":[],"is_endless":false,"potions_floor_spawned":[1,6,8,10,18],"killed_by":"Colosseum Slavers","ascension_level":4}