{"gold_per_floor":[118,128,203,215,231,260,260,260,260,277,289,106,106,106,106,207,207,219,236,236,236,250,250,268,268,268,284,284,284,22,35,35,35],"floor_reached":33,"playtime":1980,"items_purged":[],"score":398,"play_id":"bb2173e8-eec3-4bae-8e34-5338b45c35e8","local_time":"20180921131948","is_ascension_mode":true,"campfire_choices":[{"data":"Intimidate","floor":8.0,"key":"SMITH"},{"data":"Bludgeon","floor":13.0,"key":"SMITH"},{"floor":15.0,"key":"REST"},{"data":"Whirlwind","floor":23,"key":"SMITH"},{"floor":25,"key":"REST"},{"floor":32,"key":"REST"}],"neow_cost":"NONE","seed_source_timestamp":623848070746436,"circlet_count":0,"master_deck":["Strike_R","Strike_R","Defend_R","Defend_R","Defend_R","Bash","AscendersBane","True Grit","Spot Weakness","Flame Barrier","Intimidate+1","Headbutt","Whirlwind+1","Bludgeon+1","True Grit","Reaper","Bandage Up","Limit Break","Hemokinesis+1","Feed+1","Wild Strike+1","Flame Barrier+1","Uppercut","Disarm","Sword Boomerang","Shrug It Off","Shockwave+1","Magnetism+1"],"special_seed":0,"relics":["Burning Blood","Bronze Scales","WingedGreaves","Torii","Astrolabe","Blue Candle","Frozen Egg 2","MutagenicStrength"],"potions_floor_usage":[16,24,28,33],"damage_taken":[{"damage":3.0,"enemies":"Small Slimes","floor":1.0,"turns":4.0},{"damage":8.0,"enemies":"Jaw Worm","floor":2.0,"turns":4.0},{"damage":1.0,"enemies":"2 Louse","floor":4.0,"turns":3.0},{"damage":10.0,"enemies":"Blue Slaver","floor":5.0,"turns":4.0},{"damage":28.0,"enemies":"Lagavulin","floor":6.0,"turns":5.0},{"damage":12.0,"enemies":"Large Slime","floor":10.0,"turns":9.0},{"damage":4.0,"enemies":"2 Fungi Beasts","floor":11.0,"turns":4.0},{"damage":14,"enemies":"The Guardian","floor":16,"turns":15},{"damage":19,"enemies":"Spheric Guardian","floor":18,"turns":4},{"damage":9,"enemies":"3 Byrds","floor":19,"turns":2},{"damage":26,"enemies":"Snake Plant","floor":22,"turns":4},{"damage":51,"enemies":"Cultist and Chosen","floor":24,"turns":5},{"damage":22,"enemies":"Centurion and Healer","floor":27,"turns":7},{"damage":18,"enemies":"Colosseum Slavers","floor":28,"turns":4},{"damage":23,"enemies":"Chosen and Byrds","floor":31,"turns":6},{"damage":72,"enemies":"Champ","floor":33,"turns":12}],"seed_played":"5429690882934099256","potions_obtained":[{"floor":4.0,"key":"Fire Potion"},{"floor":10.0,"key":"EssenceOfSteel"},{"floor":11.0,"key":"FearPotion"},{"floor":18,"key":"BloodPotion"},{"floor":24,"key":"Block Potion"}],"is_trial":false,"path_per_floor":["M","M","?","M","M","E","?","R","T","M","M","$","R","?","R","B",null,"M","M","T","?","M","R","M","R","T","M","?","?","$","M","R"],"character_chosen":"IRONCLAD","items_purchased":["Bludgeon","True Grit","Magnetism+1","Energy Potion"],"campfire_rested":3,"item_purchase_floors":[12,12,30,30],"current_hp_per_floor":[75,73,62,67,63,41,34,34,34,28,30,30,30,30,54,60,75,65,62,62,62,42,42,23,47,47,46,38,38,38,31,56,0],"gold":35,"neow_bonus":"RANDOM_COMMON_RELIC","is_prod":false,"is_daily":false,"chose_seed":false,"campfire_upgraded":3,"win_rate":0,"timestamp":1537561188,"path_taken":["M","M","?","M","M","E","?","R","T","M","M","$","R","?","R","BOSS","M","M","?","?","M","R","M","R","T","M","?","?","$","M","R","BOSS"],"build_version":"2018-09-20","purchased_purges":0,"victory":false,"max_hp_per_floor":[80,80,80,80,80,80,80,80,80,80,80,80,80,80,80,80,80,80,80,80,80,80,80,80,80,80,84,84,84,84,84,84,84],"card_choices":[{"not_picked":["Dual Wield","Havoc"],"picked":"True Grit","floor":1.0},{"not_picked":["Second Wind","Warcry","Wild Strike"],"picked":"SKIP","floor":2.0},{"not_picked":["Pummel","Ghostly Armor"],"picked":"Spot Weakness","floor":4.0},{"not_picked":["Perfected Strike","Headbutt"],"picked":"Flame Barrier","floor":5.0},{"not_picked":["Flex","Havoc"],"picked":"Intimidate","floor":6.0},{"not_picked":["Perfected Strike","Havoc"],"picked":"Headbutt","floor":10.0},{"not_picked":["Pommel Strike","Wild Strike"],"picked":"Whirlwind","floor":11.0},{"not_picked":["Reaper","Berserk"],"picked":"Limit Break","floor":16},{"not_picked":["Cleave","Anger"],"picked":"Flame Barrier+1","floor":18},{"not_picked":["Clothesline","Clash"],"picked":"Uppercut","floor":19},{"not_picked":["Havoc","Twin Strike+1"],"picked":"Sword Boomerang","floor":22},{"not_picked":["Wild Strike","True Grit+1"],"picked":"Shrug It Off","floor":24},{"not_picked":["Warcry","Pommel Strike"],"picked":"Shockwave+1","floor":27},{"not_picked":["Evolve+1","Blood for Blood","Fiend Fire"],"picked":"SKIP","floor":31}],"player_experience":1068682,"relics_obtained":[{"floor":6.0,"key":"WingedGreaves"},{"floor":9.0,"key":"Torii"},{"floor":20,"key":"Blue Candle"},{"floor":26,"key":"Frozen Egg 2"}],"event_choices":[{"event_name":"World of Goop","player_choice":"Gather Gold","floor":3.0,"damage_taken":0.0},{"event_name":"Golden Wing","player_choice":"Card Removal","floor":7.0,"damage_taken":0.0},{"event_name":"Match and Keep!","player_choice":"2 cards matched","floor":14.0,"damage_taken":0.0},{"event_name":"The Library","player_choice":"Read","floor":21,"damage_taken":0},{"event_name":"Colosseum","player_choice":"Fight","floor":28,"damage_taken":0},{"event_name":"Colosseum","player_choice":"Fled From Nobs","floor":28,"damage_taken":0},{"event_name":"Drug Dealer","player_choice":"Inject Mutagens","floor":29,"damage_taken":0}],"is_beta":false,"boss_relics":[{"not_picked":["Empty Cage","Black Blood"],"picked":"Astrolabe"}],"items_purged_floors":[],"is_endless":false,"potions_floor_spawned":[4,10,11,18,22,24],"killed_by":"Champ","ascension_level":12}