{"gold_per_floor":[109,109,126,139,156,156,156,156,183,153,172,172,191,221,233,320,332,358,420,280,290,7,7,7],"floor_reached":24,"playtime":751,"items_purged":["Strike_R"],"score":392,"play_id":"8debfcb5-4686-4186-88bb-c7074dd63a77","local_time":"20181109085536","is_ascension_mode":true,"campfire_choices":[{"data":"Armaments","floor":6.0,"key":"SMITH"},{"data":"Havoc","floor":8.0,"key":"SMITH"},{"data":"Fiend Fire","floor":12.0,"key":"SMITH"},{"data":"Fiend Fire","floor":15,"key":"SMITH"},{"data":"Spot Weakness","floor":23,"key":"SMITH"}],"neow_cost":"NONE","seed_source_timestamp":0,"circlet_count":0,"master_deck":["AscendersBane","Strike_R","Strike_R","Strike_R","Defend_R","Defend_R","Defend_R","Defend_R","Bash+1","Havoc+1","Spot Weakness+1","Armaments+1","Thunderclap","Rage","Fiend Fire+1","Fiend Fire+1","Impervious","Heavy Blade+1","Metallicize"],"special_seed":0,"relics":["Burning Blood","Omamori","MawBank","Busted Crown","Pear"],"potions_floor_usage":[13,16,16],"damage_taken":[{"damage":5.0,"enemies":"2 Louse","floor":1.0,"turns":4.0},{"damage":1.0,"enemies":"Cultist","floor":3.0,"turns":3.0},{"damage":7.0,"enemies":"Small Slimes","floor":4.0,"turns":4.0},{"damage":17.0,"enemies":"2 Fungi Beasts","floor":5.0,"turns":4.0},{"damage":4.0,"enemies":"Exordium Thugs","floor":11.0,"turns":5.0},{"damage":7,"enemies":"Gremlin Gang","floor":13,"turns":4},{"damage":28,"enemies":"Gremlin Nob","floor":14,"turns":4},{"damage":44,"enemies":"Hexaghost","floor":16,"turns":8},{"damage":20,"enemies":"Chosen","floor":18,"turns":4},{"damage":13,"enemies":"Spheric Guardian","floor":21,"turns":7},{"damage":56,"enemies":"Gremlin Leader","floor":24,"turns":4}],"seed_played":"6658213198286587311","potions_obtained":[{"floor":1.0,"key":"AttackPotion"},{"floor":5.0,"key":"Ancient Potion"},{"floor":10.0,"key":"Strength Potion"},{"floor":13,"key":"GamblersBrew"},{"floor":21,"key":"SteroidPotion"}],"is_trial":false,"path_per_floor":["M","?","M","M","M","R","?","R","T","?","M","R","M","E","R","B",null,"M","?","$","M","$","R","E"],"character_chosen":"IRONCLAD","items_purchased":["Metallicize","Pear"],"campfire_rested":0,"item_purchase_floors":[20,22],"current_hp_per_floor":[76,76,81,80,69,69,69,69,69,69,71,71,70,48,48,10,64,50,50,50,43,53,53,0],"gold":7,"neow_bonus":"TEN_PERCENT_HP_BONUS","is_prod":false,"is_daily":false,"chose_seed":false,"campfire_upgraded":5,"win_rate":0,"timestamp":1541782536,"path_taken":["M","?","M","?","M","R","?","R","T","?","M","R","M","E","R","BOSS","M","?","$","M","$","R","E"],"build_version":"2018-11-08","purchased_purges":1,"victory":false,"max_hp_per_floor":[82,82,82,82,82,82,82,82,82,82,82,82,82,82,82,82,82,82,82,82,82,92,92,92],"card_choices":[{"not_picked":["Evolve","Warcry"],"picked":"Havoc","floor":1.0},{"not_picked":["True Grit","Headbutt"],"picked":"Spot Weakness","floor":3.0},{"not_picked":["Twin Strike","Wild Strike"],"picked":"Armaments","floor":4.0},{"not_picked":["Havoc","Perfected Strike"],"picked":"Thunderclap","floor":5.0},{"not_picked":["Perfected Strike","Battle Trance"],"picked":"Fiend Fire","floor":11.0},{"not_picked":["Thunderclap","Havoc","Flex"],"picked":"SKIP","floor":13},{"not_picked":["Hemokinesis","Combust"],"picked":"Fiend Fire","floor":14},{"not_picked":["Juggernaut","Double Tap"],"picked":"Impervious","floor":16},{"not_picked":[],"picked":"Heavy Blade+1","floor":18},{"not_picked":["Armaments"],"picked":"SKIP","floor":21}],"player_experience":929137,"relics_obtained":[{"floor":9.0,"key":"Omamori"},{"floor":14,"key":"MawBank"}],"event_choices":[{"damage_healed":0.0,"max_hp_gain":0.0,"max_hp_loss":0.0,"gold_gain":0.0,"event_name":"Upgrade Shrine","player_choice":"Upgraded","floor":2.0,"gold_loss":0.0,"damage_taken":0.0,"cards_upgraded":["Bash"]},{"damage_healed":0.0,"max_hp_gain":0.0,"max_hp_loss":0.0,"gold_gain":0.0,"cards_transformed":["Strike_R"],"event_name":"Living Wall","player_choice":"Change","floor":7.0,"gold_loss":0.0,"damage_taken":0.0,"cards_obtained":["Rage"]},{"damage_healed":0.0,"max_hp_gain":0.0,"max_hp_loss":0.0,"gold_gain":0.0,"event_name":"The Woman in Blue","player_choice":"Bought 2 Potions","floor":10.0,"gold_loss":0.0,"damage_taken":0.0},{"damage_healed":0,"gold_gain":100,"player_choice":"Bet on Murderer","damage_taken":0,"max_hp_gain":0,"max_hp_loss":0,"event_name":"The Joust","floor":19,"gold_loss":50}],"is_beta":true,"boss_relics":[{"not_picked":["Runic Pyramid","Runic Dome"],"picked":"Busted Crown"}],"items_purged_floors":[20],"is_endless":false,"potions_floor_spawned":[1,5,13,21],"killed_by":"Gremlin Leader","ascension_level":20}