{"path_per_floor":["M","M","?","?","$","?","R","E","T","E","R","$","E","M","R","B",null,"M","$","M","M","M","E","?","E","T","E","?","R","?","M","R","B",null,"M","M","?","M","$","E","M","R","T","?","R","E","M","M","R","B"],"character_chosen":"IRONCLAD","items_purchased":["Rupture","Armaments","Shrug It Off","Sword Boomerang","Lantern","Bottled Lightning"],"gold_per_floor":[109,128,128,128,51,51,51,86,111,141,141,73,107,125,125,226,226,240,120,130,145,159,192,192,225,225,259,259,259,259,274,274,374,374,387,406,406,424,25,58,58,58,85,0,0,25,35,52,52,52],"floor_reached":51,"campfire_rested":4,"playtime":3642,"item_purchase_floors":[5,12,12,19,39,39],"current_hp_per_floor":[78,80,85,78,78,61,61,67,74,53,53,53,43,50,50,47,81,83,83,73,71,63,72,72,63,63,54,54,54,54,40,67,56,83,88,92,92,87,87,26,48,75,75,75,92,81,81,86,92,54],"items_purged":["Strike_R"],"gold":52,"score":1275,"play_id":"33143c45-3bf5-4047-98b5-0606904bce78","local_time":"20180621161241","is_prod":false,"is_daily":false,"chose_seed":false,"is_ascension_mode":true,"campfire_upgraded":4,"win_rate":0,"timestamp":1529622761,"campfire_choices":[{"data":"Rupture","floor":7,"key":"SMITH"},{"data":"Pummel","floor":11,"key":"SMITH"},{"data":"Armaments","floor":15,"key":"SMITH"},{"data":"Offering","floor":29,"key":"SMITH"},{"floor":32,"key":"REST"},{"floor":42,"key":"REST"},{"floor":45,"key":"REST"},{"floor":49,"key":"REST"}],"path_taken":["M","M","?","?","$","?","R","E","T","E","R","?","E","M","R","BOSS","M","$","M","M","M","E","?","E","T","E","?","R","?","M","R","BOSS","M","?","?","M","$","E","M","R","T","?","R","E","M","M","R","BOSS"],"build_version":"2018-06-14v2","seed_source_timestamp":682382958371465,"purchased_purges":1,"victory":true,"master_deck":["Defend_R+1","Defend_R+1","Defend_R+1","Defend_R+1","Bash","AscendersBane","Pummel+1","Combust+1","Rupture+1","Cleave","Pommel Strike","Armaments+1","Shrug It Off","Offering+1","Sword Boomerang","Intimidate+1","Shrug It Off+1","Battle Trance","Thunderclap+1","Blood for Blood","Bite","Bite","Bite","Bite","Metallicize","Headbutt+1"],"max_hp_per_floor":[80,80,85,85,85,85,85,85,92,92,92,92,92,92,92,92,92,92,92,92,92,92,92,92,92,92,92,92,92,92,92,92,92,92,92,92,92,92,92,92,92,92,92,92,92,92,92,92,92,92],"special_seed":0,"relics":["Burning Blood","NeowsBlessing","Vajra","Strawberry","Anchor","Busted Crown","Pen Nib","Dream Catcher","Smiling Mask","Art of War","Fusion Hammer","Lantern","Bottled Lightning","Meat on the Bone","Bag of Marbles","Red Mask","Bronze Scales"],"card_choices":[{"not_picked":["Clash","Sentinel"],"picked":"Pummel","floor":1},{"not_picked":["Body Slam","Rage"],"picked":"Combust","floor":2},{"not_picked":["Warcry","Clash"],"picked":"Cleave","floor":8},{"not_picked":["Perfected Strike","Twin Strike"],"picked":"Pommel Strike","floor":10},{"not_picked":["Rampage","Anger","Wild Strike"],"picked":"SKIP","floor":13},{"not_picked":["Carnage","Clothesline"],"picked":"Offering","floor":14},{"not_picked":["Corruption"],"picked":"SKIP","floor":18},{"not_picked":[],"picked":"Intimidate+1","floor":20},{"not_picked":[],"picked":"Shrug It Off+1","floor":21},{"not_picked":["Burning Pact+1"],"picked":"SKIP","floor":22},{"not_picked":["Warcry"],"picked":"SKIP","floor":23},{"not_picked":[],"picked":"Thunderclap+1","floor":25},{"not_picked":[],"picked":"Blood for Blood","floor":27},{"not_picked":["Clash"],"picked":"SKIP","floor":31},{"not_picked":["Headbutt"],"picked":"SKIP","floor":35},{"not_picked":["Wild Strike"],"picked":"SKIP","floor":36},{"not_picked":["Sword Boomerang"],"picked":"SKIP","floor":38},{"not_picked":["Heavy Blade"],"picked":"SKIP","floor":40},{"not_picked":[],"picked":"Metallicize","floor":42},{"not_picked":["Body Slam"],"picked":"SKIP","floor":46},{"not_picked":["Perfected Strike+1"],"picked":"SKIP","floor":47},{"not_picked":[],"picked":"Headbutt+1","floor":48}],"player_experience":909936,"potions_floor_usage":[10,16,20,23,27,33,38,41,50,50,50],"damage_taken":[{"damage":0.0,"enemies":"Jaw Worm","floor":1.0,"turns":1.0},{"damage":0,"enemies":"2 Louse","floor":2,"turns":1},{"damage":0,"enemies":"Gremlin Nob","floor":8,"turns":1},{"damage":27,"enemies":"Lagavulin","floor":10,"turns":5},{"damage":16,"enemies":"3 Sentries","floor":13,"turns":4},{"damage":1,"enemies":"Small Slimes","floor":14,"turns":3},{"damage":11,"enemies":"Slime Boss","floor":16,"turns":7},{"damage":6,"enemies":"Shell Parasite","floor":18,"turns":4},{"damage":18,"enemies":"2 Thieves","floor":20,"turns":3},{"damage":10,"enemies":"Centurion and Healer","floor":21,"turns":5},{"damage":16,"enemies":"3 Cultists","floor":22,"turns":4},{"damage":8,"enemies":"Gremlin Leader","floor":23,"turns":5},{"damage":17,"enemies":"Book of Stabbing","floor":25,"turns":5},{"damage":26,"enemies":"Slavers","floor":27,"turns":5},{"damage":26,"enemies":"Snecko","floor":31,"turns":5},{"damage":34,"enemies":"Collector","floor":33,"turns":9},{"damage":6,"enemies":"Orb Walker","floor":35,"turns":2},{"damage":8,"enemies":"3 Darklings","floor":36,"turns":4},{"damage":23,"enemies":"Maw","floor":38,"turns":5},{"damage":82,"enemies":"Giant Head","floor":40,"turns":8},{"damage":5,"enemies":"Sphere and 2 Shapes","floor":41,"turns":3},{"damage":23,"enemies":"Nemesis","floor":46,"turns":5},{"damage":15,"enemies":"3 Darklings","floor":47,"turns":3},{"damage":12,"enemies":"4 Shapes","floor":48,"turns":5},{"damage":54,"enemies":"Donu and Deca","floor":50,"turns":6}],"relics_obtained":[{"floor":8,"key":"Vajra"},{"floor":9,"key":"Strawberry"},{"floor":10,"key":"Anchor"},{"floor":13,"key":"Blood Vial"},{"floor":23,"key":"Pen Nib"},{"floor":25,"key":"Dream Catcher"},{"floor":26,"key":"Smiling Mask"},{"floor":27,"key":"Art of War"},{"floor":40,"key":"Meat on the Bone"},{"floor":43,"key":"Bag of Marbles"},{"floor":46,"key":"Bronze Scales"}],"event_choices":[{"event_name":"Big Fish","player_choice":"Donut","floor":3,"damage_taken":0},{"event_name":"Golden Wing","player_choice":"Card Removal","floor":4,"damage_taken":0},{"event_name":"Shining Light","player_choice":"Entered Light","floor":6,"damage_taken":0},{"event_name":"The Library","player_choice":"Read","floor":24,"damage_taken":0},{"event_name":"Back to Basics","player_choice":"Simplicity","floor":28,"damage_taken":0},{"event_name":"Vampires","player_choice":"Became a vampire (Vial)","floor":30,"damage_taken":0},{"event_name":"Falling","player_choice":"Removed Attack","floor":37,"damage_taken":0},{"event_name":"Tomb of Lord Red Mask","player_choice":"Paid","floor":44,"damage_taken":0}],"boss_relics":[{"not_picked":["Runic Pyramid","Pandora\u0027s Box"],"picked":"Busted Crown"},{"not_picked":["Runic Dome","Philosopher\u0027s Stone"],"picked":"Fusion Hammer"}],"items_purged_floors":[19],"is_endless":false,"potions_floor_spawned":[8,13,16,22,23,25,31,35,46,47,48],"seed_played":"-1302543483581834378","ascension_level":10,"potions_obtained":[{"floor":8,"key":"Poison Potion"},{"floor":13,"key":"AttackPotion"},{"floor":16,"key":"SteroidPotion"},{"floor":22,"key":"BloodPotion"},{"floor":23,"key":"SmokeBomb"},{"floor":25,"key":"BloodPotion"},{"floor":31,"key":"AttackPotion"},{"floor":35,"key":"Swift Potion"},{"floor":46,"key":"Block Potion"},{"floor":47,"key":"SkillPotion"},{"floor":48,"key":"SkillPotion"}],"is_trial":false}