{"path_per_floor":["M","M","M","?","$","E","?","R","T","R","M","$","?"],"character_chosen":"DEFECT","items_purchased":["Loop","Blood Vial","Thunder Strike"],"gold_per_floor":[116,127,147,322,93,125,125,125,125,125,146,8,8,8],"floor_reached":14,"campfire_rested":1,"playtime":181,"item_purchase_floors":[5,5,12],"current_hp_per_floor":[75,75,75,75,75,26,8,8,8,30,22,22,7,0],"items_purged":[],"gold":8,"score":88,"play_id":"7f8adb1b-6801-4ad2-8eb7-0259eb60e3cd","local_time":"20180603215919","is_prod":false,"is_daily":false,"chose_seed":false,"is_ascension_mode":false,"campfire_upgraded":1,"win_rate":0.0,"timestamp":1528027159,"campfire_choices":[{"data":"Loop","floor":8,"key":"SMITH"},{"floor":10,"key":"REST"}],"path_taken":["M","M","?","?","$","E","?","R","T","R","M","?","?","M"],"build_version":"2018-05-31","seed_source_timestamp":36207919285172,"purchased_purges":0,"victory":false,"master_deck":["Strike_B","Strike_B","Strike_B","Strike_B","Defend_B","Defend_B+1","Defend_B","Defend_B","Zap","Dualcast","Rebound","Doubt","Loop+1","Gash","Fusion+1","Thunder Strike"],"max_hp_per_floor":[75,75,75,75,75,75,75,75,75,75,75,75,75,75],"relics":["Cracked Core","NeowsBlessing","Blood Vial","Sundial","Golden Idol","Du-Vu Doll"],"card_choices":[{"not_picked":["Redo","Hello World"],"picked":"Rebound","floor":1},{"not_picked":["Steam","Chaos","Aggregate"],"picked":"SKIP","floor":2},{"not_picked":["Compile Driver","Turbo","Stack"],"picked":"SKIP","floor":3},{"not_picked":["Compile Driver","Leap"],"picked":"Gash","floor":6},{"not_picked":["Ball Lightning","Reprogram"],"picked":"Fusion","floor":11}],"player_experience":300263,"potions_floor_usage":[14],"damage_taken":[{"damage":0,"enemies":"Cultist","floor":1,"turns":1},{"damage":0,"enemies":"Small Slimes","floor":2,"turns":1},{"damage":0,"enemies":"Jaw Worm","floor":3,"turns":1},{"damage":49,"enemies":"Lagavulin","floor":6,"turns":6},{"damage":10,"enemies":"Looter","floor":11,"turns":2},{"damage":9,"enemies":"2 Fungi Beasts","floor":14,"turns":3}],"relics_obtained":[{"floor":6,"key":"Sundial"},{"floor":9,"key":"Du-Vu Doll"}],"event_choices":[{"event_name":"Liars Game","player_choice":"agreed","floor":4,"damage_taken":0},{"event_name":"Golden Idol","player_choice":"Take Damage","floor":7,"damage_taken":0},{"event_name":"Shining Light","player_choice":"Entered Light","floor":13,"damage_taken":0}],"boss_relics":[],"items_purged_floors":[],"potions_floor_spawned":[2,11],"seed_played":"-2933001783926282675","killed_by":"2 Fungi Beasts","ascension_level":0,"potions_obtained":[{"floor":2,"key":"Block Potion"},{"floor":11,"key":"FocusPotion"}],"is_trial":false}