{"path_per_floor":["M","M","M","?","T","R","M","E","T","R","M","M","?","M","R","B",null,"M","?","M","?","M","R","?","M","T","E"],"character_chosen":"IRONCLAD","items_purchased":[],"gold_per_floor":[119,138,152,152,175,175,190,221,248,248,260,272,272,291,291,391,421,433,433,452,452,462,462,462,479,479,508,508],"floor_reached":28,"campfire_rested":1,"playtime":1322,"item_purchase_floors":[],"current_hp_per_floor":[72,66,63,63,63,63,59,49,49,49,47,34,34,40,40,37,74,53,53,48,48,38,63,63,38,38,12,0],"items_purged":[],"gold":508,"score":327,"play_id":"dbafdf6c-3a16-46fa-bdc2-292e781c0c02","local_time":"20180610224736","is_prod":false,"is_daily":false,"chose_seed":false,"is_ascension_mode":true,"campfire_upgraded":3,"win_rate":0,"timestamp":1528688856,"campfire_choices":[{"data":"Perfected Strike","floor":6.0,"key":"SMITH"},{"data":"Berserk","floor":10.0,"key":"SMITH"},{"data":"Shockwave","floor":15.0,"key":"SMITH"},{"floor":23,"key":"REST"}],"path_taken":["M","M","?","?","?","R","M","E","T","R","M","?","?","?","R","BOSS","M","?","M","?","M","R","?","?","T","E","M"],"build_version":"2018-06-07v3","seed_source_timestamp":0,"purchased_purges":0,"victory":false,"master_deck":["Strike_R","Strike_R","Strike_R","Strike_R","Strike_R+1","Defend_R","Defend_R","Defend_R","Bash","Berserk+1","Pummel","Pommel Strike","Perfected Strike+1","Warcry","Berserk+1","Headbutt","Warcry","Shockwave+1","Immolate","Twin Strike","Pommel Strike","Seeing Red","Bash","Deep Breath","Intimidate+1","Dual Wield+1","Twin Strike","Flex","Perfected Strike"],"max_hp_per_floor":[80,80,80,80,80,80,80,80,80,80,80,80,80,80,80,80,85,85,85,85,85,85,85,85,85,85,85,85],"relics":["Burning Blood","Vajra","Pantograph","Dream Catcher","Tiny House","Question Card","Unceasing Top"],"card_choices":[{"not_picked":["Combust","Sword Boomerang"],"picked":"Pummel","floor":1.0},{"not_picked":["Carnage","Feel No Pain"],"picked":"Pommel Strike","floor":2.0},{"not_picked":["Metallicize","Body Slam"],"picked":"Perfected Strike","floor":3.0},{"not_picked":["Cleave","Armaments"],"picked":"Warcry","floor":7.0},{"not_picked":["Pummel","Cleave"],"picked":"Berserk","floor":8.0},{"not_picked":["Body Slam","Sword Boomerang"],"picked":"Headbutt","floor":11.0},{"not_picked":["Flame Barrier","Bloodletting"],"picked":"Warcry","floor":12.0},{"not_picked":["Iron Wave","Heavy Blade"],"picked":"Shockwave","floor":14.0},{"not_picked":["Fiend Fire","Bludgeon"],"picked":"Immolate","floor":16.0},{"not_picked":["Headbutt","Uppercut"],"picked":"Twin Strike","floor":17},{"not_picked":["Sentinel","Twin Strike"],"picked":"Pommel Strike","floor":18},{"not_picked":["Headbutt","Sword Boomerang"],"picked":"Intimidate+1","floor":20},{"not_picked":["True Grit","Inflame"],"picked":"Dual Wield+1","floor":22},{"not_picked":["Fire Breathing+1","Anger"],"picked":"Twin Strike","floor":23},{"not_picked":["Second Wind","Body Slam"],"picked":"Flex","floor":25},{"not_picked":["Bludgeon","Cleave","Headbutt"],"picked":"Perfected Strike","floor":27}],"player_experience":264905,"potions_floor_usage":[18,25,25,25,27,27,27,27],"damage_taken":[{"damage":6.0,"enemies":"Cultist","floor":1.0,"turns":3.0},{"damage":12.0,"enemies":"2 Louse","floor":2.0,"turns":3.0},{"damage":9.0,"enemies":"Jaw Worm","floor":3.0,"turns":4.0},{"damage":10.0,"enemies":"Exordium Wildlife","floor":7.0,"turns":2.0},{"damage":16.0,"enemies":"Gremlin Nob","floor":8.0,"turns":3.0},{"damage":8.0,"enemies":"Red Slaver","floor":11.0,"turns":4.0},{"damage":19.0,"enemies":"3 Louse","floor":12.0,"turns":3.0},{"damage":0.0,"enemies":"Exordium Wildlife","floor":14.0,"turns":2.0},{"damage":34.0,"enemies":"Hexaghost","floor":16.0,"turns":6.0},{"damage":27,"enemies":"2 Thieves","floor":18,"turns":4},{"damage":11,"enemies":"Chosen","floor":20,"turns":5},{"damage":16,"enemies":"3 Cultists","floor":22,"turns":4},{"damage":43,"enemies":"Snake Plant","floor":25,"turns":4},{"damage":32,"enemies":"Gremlin Leader","floor":27,"turns":4},{"damage":13,"enemies":"Snecko","floor":28,"turns":2}],"relics_obtained":[{"floor":5.0,"key":"Vajra"},{"floor":8.0,"key":"Pantograph"},{"floor":9.0,"key":"Dream Catcher"},{"floor":26,"key":"Question Card"},{"floor":27,"key":"Unceasing Top"}],"event_choices":[{"event_name":"The Lab","player_choice":"Got Potions","floor":4.0,"damage_taken":0.0},{"event_name":"Living Wall","player_choice":"Grow","floor":13.0,"damage_taken":0.0},{"event_name":"Match and Keep!","player_choice":"3 cards matched","floor":19,"damage_taken":0},{"event_name":"Purifier","player_choice":"One Purge","floor":21,"damage_taken":0},{"event_name":"Vampires","player_choice":"Ignored","floor":24,"damage_taken":0}],"boss_relics":[{"not_picked":["Busted Crown","Snecko Eye"],"picked":"Tiny House"}],"items_purged_floors":[],"potions_floor_spawned":[1,3,11,14,16,18,22],"seed_played":"759586122447903430","killed_by":"Snecko","ascension_level":7,"potions_obtained":[{"floor":1.0,"key":"Energy Potion"},{"floor":3.0,"key":"SkillPotion"},{"floor":4.0,"key":"Ancient Potion"},{"floor":16.0,"key":"EntropicBrew"},{"floor":17,"key":"PowerPotion"},{"floor":18,"key":"SkillPotion"},{"floor":22,"key":"EntropicBrew"}],"is_trial":false}