{"gold_per_floor":[214,60,78,93,93,120,71,71,71,106,136],"floor_reached":11,"playtime":878,"items_purged":[],"score":113,"play_id":"5308335b-af82-4ebd-acf0-af172041c1df","local_time":"20190206105013","is_ascension_mode":true,"campfire_choices":[{"floor":8,"key":"REST"}],"neow_cost":"NONE","seed_source_timestamp":76836748866193,"circlet_count":0,"master_deck":["Strike_R","Strike_R","Strike_R","Strike_R","Strike_R","Defend_R","Defend_R","Defend_R","Defend_R","Bash","Inflame","Perfected Strike","Rampage+1","Intimidate","Thunderclap","Demon Form"],"relics":["Burning Blood","Bronze Scales","Kunai","Letter Opener","Molten Egg 2"],"potions_floor_usage":[3,10],"damage_taken":[{"damage":2,"enemies":"2 Louse","floor":1,"turns":3},{"damage":12,"enemies":"Small Slimes","floor":3,"turns":3},{"damage":2,"enemies":"Jaw Worm","floor":4,"turns":3},{"damage":65,"enemies":"3 Sentries","floor":6,"turns":9},{"damage":29,"enemies":"Lagavulin","floor":10,"turns":6},{"damage":31,"enemies":"Lagavulin Event","floor":11,"turns":3}],"seed_played":"6223074350124125478","potions_obtained":[{"floor":1,"key":"LiquidBronze"},{"floor":6,"key":"EssenceOfSteel"},{"floor":10,"key":"Explosive Potion"}],"is_trial":false,"path_per_floor":["M","$","M","M","?","E","$","R","T","E","?"],"character_chosen":"IRONCLAD","items_purchased":["Bronze Scales","Thunderclap"],"campfire_rested":1,"item_purchase_floors":[2,7],"current_hp_per_floor":[76,76,70,74,74,15,15,39,39,16,0],"gold":136,"neow_bonus":"HUNDRED_GOLD","is_prod":false,"is_daily":false,"chose_seed":false,"campfire_upgraded":0,"win_rate":0,"timestamp":1549421413,"path_taken":["M","$","M","M","?","E","$","R","T","E","?"],"build_version":"2019-01-23","purchased_purges":0,"victory":false,"max_hp_per_floor":[80,80,80,80,80,80,80,80,80,80,80],"card_choices":[{"not_picked":["Warcry","Body Slam"],"picked":"Inflame","floor":1},{"not_picked":["True Grit","Shrug It Off"],"picked":"Perfected Strike","floor":3},{"not_picked":["Bloodletting","Fire Breathing"],"picked":"Rampage","floor":4},{"not_picked":["Blood for Blood","Fiend Fire"],"picked":"Intimidate","floor":6},{"not_picked":["Havoc","Perfected Strike"],"picked":"Demon Form","floor":10}],"player_experience":84379,"relics_obtained":[{"floor":6,"key":"Kunai"},{"floor":9,"key":"Letter Opener"},{"floor":10,"key":"Molten Egg 2"}],"event_choices":[{"damage_healed":0,"gold_gain":0,"player_choice":"Grow","damage_taken":0,"max_hp_gain":0,"max_hp_loss":0,"event_name":"Living Wall","floor":5,"gold_loss":0,"cards_upgraded":["Rampage"]},{"damage_healed":0,"gold_gain":30,"player_choice":"Searched \u00273\u0027 times","damage_taken":0,"max_hp_gain":0,"max_hp_loss":0,"event_name":"Dead Adventurer","floor":11,"gold_loss":0}],"is_beta":false,"boss_relics":[],"items_purged_floors":[],"is_endless":false,"potions_floor_spawned":[1,6,10],"killed_by":"Lagavulin Event","ascension_level":8}