{"gold_per_floor":[111,111,127,127,137,171,171,181,259,259,259],"floor_reached":11,"playtime":421,"items_purged":[],"score":113,"play_id":"8cd32aff-3a1e-45c7-9bdd-da67d0a9d886","local_time":"20190126103524","is_ascension_mode":true,"campfire_choices":[{"floor":7,"key":"REST"},{"data":"Corpse Explosion","floor":10,"key":"SMITH"}],"neow_cost":"NONE","seed_source_timestamp":1096867022415244,"circlet_count":0,"master_deck":["AscendersBane","Defend_G+1","Defend_G","Defend_G","Defend_G","Defend_G","Strike_G","Strike_G","Strike_G","Strike_G","Survivor+1","Neutralize","Heel Hook","Dagger Spray","Dagger Spray","Corpse Explosion+1","Backflip"],"relics":["Ring of the Snake","NeowsBlessing","Shovel","Pantograph"],"potions_floor_usage":[6,11],"damage_taken":[{"damage":0,"enemies":"Small Slimes","floor":1,"turns":1},{"damage":0,"enemies":"2 Louse","floor":3,"turns":1},{"damage":0,"enemies":"Cultist","floor":5,"turns":1},{"damage":47,"enemies":"Lagavulin","floor":6,"turns":10},{"damage":3,"enemies":"Exordium Wildlife","floor":8,"turns":7},{"damage":23,"enemies":"Large Slime","floor":11,"turns":6}],"seed_played":"8828409102817974268","potions_obtained":[{"floor":1,"key":"Swift Potion"},{"floor":6,"key":"Weak Potion"}],"is_trial":false,"path_per_floor":["M","?","M","?","M","E","R","M","T","R","M"],"character_chosen":"THE_SILENT","items_purchased":[],"campfire_rested":1,"item_purchase_floors":[],"current_hp_per_floor":[63,49,49,49,49,2,23,20,20,20,0],"gold":259,"neow_bonus":"THREE_ENEMY_KILL","is_prod":false,"is_daily":false,"chose_seed":false,"campfire_upgraded":1,"win_rate":0,"timestamp":1548520524,"path_taken":["M","?","M","?","?","E","R","M","T","R","M"],"build_version":"2019-01-23","purchased_purges":0,"victory":false,"max_hp_per_floor":[70,70,70,70,70,70,70,70,70,70,70],"card_choices":[{"not_picked":["Underhanded Strike","Flying Knee"],"picked":"Heel Hook","floor":1},{"not_picked":["Dagger Throw","Distraction"],"picked":"Dagger Spray","floor":3},{"not_picked":["Distraction","Caltrops"],"picked":"Dagger Spray","floor":5},{"not_picked":["Flying Knee","Tools of the Trade"],"picked":"Corpse Explosion","floor":6},{"not_picked":["Finisher","Dagger Spray"],"picked":"Backflip","floor":8}],"player_experience":470799,"relics_obtained":[{"floor":6,"key":"Shovel"},{"floor":9,"key":"Pantograph"}],"event_choices":[{"damage_healed":0,"gold_gain":0,"player_choice":"Entered Light","damage_taken":14,"max_hp_gain":0,"max_hp_loss":0,"event_name":"Shining Light","floor":2,"gold_loss":0,"cards_upgraded":["Defend_G","Survivor"]},{"cards_removed":["Strike_G"],"damage_healed":0,"gold_gain":0,"player_choice":"Offered Basic","damage_taken":0,"max_hp_gain":0,"max_hp_loss":0,"event_name":"Bonfire Elementals","floor":4,"gold_loss":0}],"is_beta":false,"boss_relics":[],"items_purged_floors":[],"is_endless":false,"potions_floor_spawned":[1,6],"killed_by":"Large Slime","ascension_level":11}