{"gold_per_floor":[113,85,85,85,65,103,103,121,421,464,480,493,16,36,36,132,132,157,82,82,98,111,111,149,165,214,214,53,66,90,90],"floor_reached":31,"playtime":921,"items_purged":["Strike_B"],"score":526,"play_id":"dfaa59c4-bde0-4417-9633-909705fb1e66","local_time":"20181221155623","is_ascension_mode":true,"campfire_choices":[{"data":"Zap","floor":7,"key":"SMITH"},{"data":"Defragment","floor":15,"key":"SMITH"},{"floor":23,"key":"REST"}],"neow_cost":"NONE","seed_source_timestamp":578425959172707,"circlet_count":0,"master_deck":["AscendersBane","Zap+1","Dualcast","Self Repair","Leap","Hologram","Compile Driver","Defragment+1","FTL","Coolheaded","Loop","Core Surge","Blizzard","Undo","Coolheaded","Electrodynamics","Tempest","Barrage","Conserve Battery","Cold Snap"],"relics":["Cracked Core","Golden Idol","Anchor","Old Coin","Ornamental Fan","Emotion Chip","Pandora\u0027s Box","Nloth\u0027s Gift","Dead Branch","Potion Belt","Juzu Bracelet"],"potions_floor_usage":[10,16,24,25,30,31],"damage_taken":[{"damage":0,"enemies":"Cultist","floor":1,"turns":1},{"damage":0,"enemies":"3 Sentries","floor":6,"turns":1},{"damage":0,"enemies":"Small Slimes","floor":8,"turns":1},{"damage":27,"enemies":"Lagavulin","floor":10,"turns":8},{"damage":0,"enemies":"2 Louse","floor":11,"turns":2},{"damage":1,"enemies":"Red Slaver","floor":12,"turns":3},{"damage":13,"enemies":"Lots of Slimes","floor":14,"turns":4},{"damage":30,"enemies":"The Guardian","floor":16,"turns":10},{"damage":2,"enemies":"Chosen","floor":18,"turns":4},{"damage":25,"enemies":"2 Thieves","floor":21,"turns":4},{"damage":13,"enemies":"3 Cultists","floor":22,"turns":4},{"damage":10,"enemies":"Gremlin Leader","floor":24,"turns":5},{"damage":1,"enemies":"Sentry and Sphere","floor":25,"turns":4},{"damage":10,"enemies":"Centurion and Healer","floor":29,"turns":5},{"damage":14,"enemies":"Snake Plant","floor":30,"turns":3},{"damage":37,"enemies":"Slavers","floor":31,"turns":2}],"seed_played":"629889208998498131","potions_obtained":[{"floor":1,"key":"FearPotion"},{"floor":5,"key":"Regen Potion"},{"floor":6,"key":"GamblersBrew"},{"floor":10,"key":"Regen Potion"},{"floor":21,"key":"Poison Potion"},{"floor":24,"key":"SpeedPotion"},{"floor":25,"key":"SkillPotion"}],"is_trial":false,"path_per_floor":["M","$","?","?","?","E","R","M","T","E","M","M","$","M","R","B",null,"M","?","?","M","M","R","E","M","T","?","$","M","M","E"],"character_chosen":"DEFECT","items_purchased":["Leap","Emotion Chip","Loop","Juzu Bracelet"],"campfire_rested":1,"item_purchase_floors":[2,13,13,28],"current_hp_per_floor":[64,64,43,43,43,50,50,50,50,44,51,57,57,51,51,43,59,64,64,64,46,33,52,49,55,55,55,55,45,31,0],"gold":90,"neow_bonus":"THREE_ENEMY_KILL","is_prod":false,"is_daily":false,"chose_seed":false,"campfire_upgraded":2,"win_rate":0,"timestamp":1545432983,"path_taken":["M","$","?","?","?","E","R","M","T","E","M","?","$","?","R","BOSS","M","?","?","?","M","R","E","M","T","?","$","M","M","E"],"build_version":"2018-12-20","purchased_purges":1,"victory":false,"max_hp_per_floor":[71,71,71,64,64,64,64,64,64,64,64,64,64,64,64,64,64,64,64,64,64,64,64,64,64,64,64,64,64,64,64],"card_choices":[{"not_picked":["Stack","Go for the Eyes"],"picked":"Self Repair","floor":1},{"not_picked":["Sweeping Beam","Melter"],"picked":"Hologram","floor":6},{"not_picked":["Reprogram","Melter"],"picked":"Compile Driver","floor":8},{"not_picked":["Static Discharge","Hologram"],"picked":"Defragment","floor":10},{"not_picked":["Undo","Steam"],"picked":"FTL","floor":11},{"not_picked":["Steam","Genetic Algorithm"],"picked":"Coolheaded","floor":12},{"not_picked":["Beam Cell","Barrage","Sweeping Beam"],"picked":"SKIP","floor":14},{"not_picked":["Machine Learning","Multi-Cast"],"picked":"Core Surge","floor":16},{"not_picked":["Compile Driver","Beam Cell+1"],"picked":"Conserve Battery","floor":18},{"not_picked":["Lockon+1","Sweeping Beam","Streamline+1"],"picked":"SKIP","floor":21},{"not_picked":["Darkness","Turbo"],"picked":"Cold Snap","floor":22},{"not_picked":["Go for the Eyes","All For One","Gash"],"picked":"SKIP","floor":24},{"not_picked":["Hologram","Leap","Blizzard"],"picked":"SKIP","floor":25},{"not_picked":["Reprogram+1","Streamline","Beam Cell+1"],"picked":"SKIP","floor":29},{"not_picked":["Blizzard+1","Compile Driver+1","Cold Snap"],"picked":"SKIP","floor":30}],"player_experience":730586,"relics_obtained":[{"floor":6,"key":"Anchor"},{"floor":9,"key":"Old Coin"},{"floor":10,"key":"Ornamental Fan"},{"floor":24,"key":"Dead Branch"},{"floor":26,"key":"Potion Belt"}],"event_choices":[{"damage_healed":0,"gold_gain":0,"player_choice":"Entered Light","damage_taken":21,"max_hp_gain":0,"max_hp_loss":0,"event_name":"Shining Light","floor":3,"gold_loss":0,"cards_upgraded":["Defend_B","Strike_B"]},{"damage_healed":0,"gold_gain":0,"player_choice":"Lose Max HP","damage_taken":0,"relics_obtained":["Golden Idol"],"max_hp_gain":0,"max_hp_loss":7,"event_name":"Golden Idol","floor":4,"gold_loss":0},{"damage_healed":0,"gold_gain":0,"player_choice":"Bought 1 Potion","damage_taken":0,"max_hp_gain":0,"max_hp_loss":0,"event_name":"The Woman in Blue","floor":5,"gold_loss":0},{"cards_removed":["Reprogram"],"damage_healed":0,"gold_gain":0,"player_choice":"Gave Gold","damage_taken":0,"max_hp_gain":0,"max_hp_loss":0,"event_name":"Beggar","floor":19,"gold_loss":75},{"damage_healed":0,"gold_gain":0,"player_choice":"Traded Relic","damage_taken":0,"relics_obtained":["Nloth\u0027s Gift"],"max_hp_gain":0,"max_hp_loss":0,"event_name":"N\u0027loth","floor":20,"relics_lost":["NeowsBlessing"],"gold_loss":0},{"damage_healed":0,"gold_gain":0,"player_choice":"Ignored","damage_taken":0,"max_hp_gain":0,"max_hp_loss":0,"event_name":"Ghosts","floor":27,"gold_loss":0}],"is_beta":false,"boss_relics":[{"not_picked":["Coffee Dripper","Tiny House"],"picked":"Pandora\u0027s Box"}],"items_purged_floors":[13],"is_endless":false,"potions_floor_spawned":[1,6,10,21,24,25],"killed_by":"Slavers","ascension_level":16}