{"path_per_floor":["M","M","M","M","M","R","E","R","T","E","$","M","?","?","R","B",null,"M","?","M","?","M"],"character_chosen":"IRONCLAD","items_purchased":["Feed"],"gold_per_floor":[111,131,150,163,181,181,211,211,237,268,32,52,109,59,59,162,162,175,90,101,101,113],"floor_reached":23,"campfire_rested":1,"playtime":1577,"current_hp_per_floor":[79,80,80,76,72,72,52,52,52,52,52,54,31,31,56,26,86,83,83,63,46,31],"items_purged":["Strike_R"],"gold":113,"score":228,"play_id":"cda1d8a8-7444-408c-a3d1-c48df01d9dd1","is_prod":false,"is_daily":false,"is_ascension_mode":false,"campfire_upgraded":2,"path_taken":["M","M","M","M","M","R","E","R","T","E","$","M","?","?","R","BOSS","M","?","M","?","M","E"],"build_version":"2018-02-22-PROD2","purchased_purges":1,"victory":false,"master_deck":["Strike_R","Strike_R","Strike_R","Strike_R","Defend_R","Defend_R","Defend_R","Bash+1","Limit Break","Ghostly Armor","Dropkick","Anger+1","Flex","Feed","Flex","Brutality","Spot Weakness","Heavy Blade+1"],"max_hp_per_floor":[80,80,80,80,80,80,80,80,80,80,80,83,86,86,86,86,86,89,89,89,94,97],"relics":["Burning Blood","Matryoshka","Bag of Marbles","Pen Nib","Bottled Lightning","Bronze Scales","Runic Cube","Frozen Egg 2"],"card_choices":[{"not_picked":["Cleave","Shrug It Off"],"picked":"Ghostly Armor"},{"not_picked":["True Grit","Headbutt"],"picked":"Dropkick"},{"not_picked":["True Grit","Burning Pact"],"picked":"Anger"},{"not_picked":["Combust","Bloodletting"],"picked":"Flex"},{"not_picked":["Feel No Pain","Headbutt"],"picked":"Flex"},{"not_picked":["Fiend Fire","Barricade"],"picked":"Brutality"},{"not_picked":["Anger","Iron Wave"],"picked":"Spot Weakness"},{"not_picked":["Warcry","Wild Strike"],"picked":"Heavy Blade"}],"player_experience":39233,"potions_floor_usage":[7,13,16,23],"damage_taken":[{"damage":7,"enemies":"Small Slimes","floor":1,"turns":4},{"damage":2,"enemies":"2 Louse","floor":2,"turns":3},{"damage":6,"enemies":"Cultist","floor":3,"turns":4},{"damage":10,"enemies":"2 Fungi Beasts","floor":4,"turns":5},{"damage":10,"enemies":"Looter","floor":5,"turns":3},{"damage":26,"enemies":"Lagavulin","floor":7,"turns":7},{"damage":6,"enemies":"3 Sentries","floor":10,"turns":8},{"damage":7,"enemies":"3 Louse","floor":12,"turns":3},{"damage":32,"enemies":"Lagavulin Event","floor":13,"turns":6},{"damage":36,"enemies":"The Guardian","floor":16,"turns":5},{"damage":12,"enemies":"3 Byrds","floor":18,"turns":3},{"damage":26,"enemies":"Spheric Guardian","floor":20,"turns":4},{"damage":24,"enemies":"Chosen and Byrds","floor":22,"turns":5},{"damage":34,"enemies":"Slavers","floor":23,"turns":4}],"event_choices":[{"event_name":"Dead Adventurer","player_choice":"Searched \u00273\u0027 times","floor":13,"damage_taken":0},{"event_name":"The Cleric","player_choice":"Card Removal","floor":14,"damage_taken":0},{"event_name":"Addict","player_choice":"Obtained Relic","floor":19,"damage_taken":0},{"event_name":"Forgotten Altar","player_choice":"Shed Blood","floor":21,"damage_taken":0}],"boss_relics":[{"not_picked":["Runic Pyramid","Snecko Eye"],"picked":"Runic Cube"}],"potions_floor_spawned":[1,5,7,10,16],"seed_played":"8617695264025216449","killed_by":"Slavers","ascension_level":0,"is_trial":false}