{"path_per_floor":["M","?","T","?","$","E","R","M","T","$","M","M","?","M","R","B",null,"M","?","M","$","$","E","R","$","T","?","R"],"character_chosen":"IRONCLAD","items_purchased":["Ghostly Armor","Shrug It Off"],"gold_per_floor":[117,67,67,67,67,99,99,117,117,42,61,75,75,87,87,190,190,205,205,221,121,48,80,80,31,54,54,54],"floor_reached":29,"campfire_rested":0,"playtime":1609,"current_hp_per_floor":[75,75,75,75,75,67,67,73,73,73,74,69,69,75,75,76,80,80,80,74,74,74,51,51,51,51,51,51],"items_purged":["Strike_R","Defend_R"],"gold":54,"play_id":"7589d9a9-af2a-49c0-aa99-f962458aea42","is_prod":false,"is_daily":false,"campfire_rituals":0,"campfire_upgraded":4,"is_hardmode":false,"path_taken":["M","?","?","?","$","E","R","?","T","$","M","M","?","M","R","BOSS","M","?","M","?","$","E","R","$","T","?","R","?"],"build_version":"2018-01-18-PROD4","purchased_purges":2,"victory":false,"master_deck":["Strike_R","Defend_R","Defend_R","Defend_R","Bash","Fiend Fire","Cleave","Body Slam","Shrug It Off","Spot Weakness","True Grit","Exhume","Body Slam","Ghostly Armor","Shrug It Off","Sentinel"],"max_hp_per_floor":[80,80,80,80,80,80,80,80,80,80,80,80,80,80,80,80,80,80,80,80,80,80,80,80,80,80,80,80],"relics":["Burning Blood","Whetstone","Regal Pillow","Ornamental Fan","Thread and Needle","Runic Pyramid","Letter Opener","Bag of Marbles"],"campfire_meditates":0,"card_choices":[{"not_picked":["Heavy Blade","Sever Soul"],"picked":"Cleave"},{"not_picked":["Spot Weakness","Sever Soul"],"picked":"Body Slam"},{"not_picked":["Spot Weakness","Feel No Pain"],"picked":"Shrug It Off"},{"not_picked":["Bludgeon","Anger"],"picked":"Spot Weakness"},{"not_picked":["Clash","Rage"],"picked":"True Grit"},{"not_picked":["Reaper","Brutality"],"picked":"Exhume"},{"not_picked":["Anger","Headbutt"],"picked":"Body Slam"}],"player_experience":161586,"potions_floor_usage":[],"damage_taken":[{"damage":11.0,"enemies":"Jaw Worm","floor":1.0,"turns":2.0},{"damage":14.0,"enemies":"Gremlin Nob","floor":6.0,"turns":3.0},{"damage":0.0,"enemies":"Cultist","floor":8.0,"turns":2.0},{"damage":5.0,"enemies":"2 Louse","floor":11.0,"turns":2.0},{"damage":11.0,"enemies":"Gremlin Gang","floor":12.0,"turns":4.0},{"damage":0.0,"enemies":"Large Slime","floor":14.0,"turns":3.0},{"damage":5.0,"enemies":"Slime Boss","floor":16.0,"turns":9.0},{"damage":6.0,"enemies":"3 Byrds","floor":18.0,"turns":4.0},{"damage":12.0,"enemies":"Spheric Guardian","floor":20.0,"turns":4.0},{"damage":44.0,"enemies":"Slavers","floor":23.0,"turns":7.0},{"damage":0,"enemies":"3 Cultists","floor":29,"turns":2}],"event_choices":[{"event_name":"The Cleric","player_choice":"Card Removal","floor":2.0,"damage_taken":0.0},{"event_name":"Purifier","player_choice":"One Purge","floor":4.0,"damage_taken":0.0},{"event_name":"Accursed Blacksmith","player_choice":"Rummage","floor":13.0,"damage_taken":0.0},{"event_name":"Back to Basics","player_choice":"Elegance","floor":19.0,"damage_taken":0.0},{"event_name":"The Library","player_choice":"Read","floor":27.0,"damage_taken":0.0}],"boss_relics":[],"potions_floor_spawned":[1,12,14,16,20,23],"seed_played":"-6202235568498676694","killed_by":"3 Cultists","is_trial":false}