{"path_per_floor":["M","?","M","$","M","R","?","M","T","$","R","M","$","M","R","B",null,"M","M"],"character_chosen":"DEFECT","items_purchased":["Beam Cell","Capacitor"],"gold_per_floor":[18,18,28,6,25,25,50,63,63,9,9,27,27,42,42,143,143,162,172,172],"floor_reached":20,"campfire_rested":2,"playtime":659,"current_hp_per_floor":[64,64,63,63,63,63,42,35,35,35,57,42,42,42,64,5,75,47,40,0],"items_purged":[],"gold":172,"score":166,"play_id":"81213783-97ac-4df8-810b-58e52eb05577","local_time":"20180506155339","is_prod":false,"is_daily":false,"chose_seed":false,"is_ascension_mode":false,"campfire_upgraded":1,"timestamp":1525614819,"path_taken":["M","?","?","$","M","R","?","M","T","$","R","?","?","M","R","BOSS","M","M","?"],"build_version":"2018-05-03","seed_source_timestamp":25104050548656,"purchased_purges":0,"victory":false,"master_deck":["Strike_B","Strike_B","Strike_B","Defend_B","Defend_B","Defend_B","Zap+1","Dualcast+1","Beam Cell","Ball Lightning","Defragment","Capacitor","Capacitor","Streamline","Go for the Eyes","Rainbow","Normality","Decay","Injury","Genetic Algorithm+1","Ball Lightning"],"max_hp_per_floor":[75,75,75,75,75,75,75,75,75,75,75,75,75,75,75,75,75,75,75,75],"relics":["Cracked Core","Odd Mushroom","Lantern","Calling Bell","Blood Vial","Toxic Egg 2","Ginger"],"card_choices":[{"not_picked":["Stack","Hologram"],"picked":"Ball Lightning","floor":5},{"not_picked":["Gash","Go for the Eyes"],"picked":"Defragment","floor":7},{"not_picked":["Streamline","Rebound"],"picked":"Capacitor","floor":8},{"not_picked":["Go for the Eyes","Skim"],"picked":"Streamline","floor":12},{"not_picked":["Reinforced Body","Rebound"],"picked":"Go for the Eyes","floor":14},{"not_picked":["Seek","Machine Learning"],"picked":"Rainbow","floor":16},{"not_picked":["Aggregate","Steam Power"],"picked":"Genetic Algorithm","floor":18},{"not_picked":["Genetic Algorithm","Turbo"],"picked":"Ball Lightning","floor":19}],"player_experience":38418,"potions_floor_usage":[],"damage_taken":[{"damage":11,"enemies":"Jaw Worm","floor":1,"turns":2},{"damage":1,"enemies":"Cultist","floor":3,"turns":3},{"damage":0,"enemies":"Small Slimes","floor":5,"turns":3},{"damage":21,"enemies":"The Mushroom Lair","floor":7,"turns":3},{"damage":7,"enemies":"Blue Slaver","floor":8,"turns":2},{"damage":15,"enemies":"Exordium Thugs","floor":12,"turns":4},{"damage":0,"enemies":"2 Fungi Beasts","floor":14,"turns":2},{"damage":59,"enemies":"The Guardian","floor":16,"turns":8},{"damage":28,"enemies":"3 Byrds","floor":18,"turns":5},{"damage":9,"enemies":"Chosen","floor":19,"turns":3},{"damage":46,"enemies":"Masked Bandits","floor":20,"turns":3}],"event_choices":[{"event_name":"Accursed Blacksmith","player_choice":"Forge","floor":2,"damage_taken":0},{"event_name":"Mushrooms","player_choice":"Fought Mushrooms","floor":7,"damage_taken":0},{"event_name":"Masked Bandits","player_choice":"Fought over 172 gold","floor":20,"damage_taken":0}],"boss_relics":[{"not_picked":["White Beast Statue","Lizard Tail"],"picked":"Calling Bell"}],"potions_floor_spawned":[1,8,16],"seed_played":"8276919431121306491","killed_by":"Masked Bandits","ascension_level":0,"is_trial":false}