{"gold_per_floor":[116,130,150,164,164,197,197,216,266,266,284,295,26,45,45,149,149,169,82,92,7,19,19,46,46,70,70,70],"floor_reached":28,"playtime":3009,"items_purged":["Strike_R"],"score":242,"play_id":"bb8e5a11-9924-499f-bd32-be4b9a081d58","local_time":"20180918215655","is_ascension_mode":false,"campfire_choices":[{"floor":7,"key":"REST"},{"floor":10,"key":"REST"},{"data":"Armaments","floor":15,"key":"SMITH"},{"data":"Seeing Red","floor":23,"key":"SMITH"}],"neow_cost":"NONE","seed_source_timestamp":0,"circlet_count":0,"master_deck":["Strike_R","Strike_R","Strike_R","Strike_R","Defend_R","Defend_R","Defend_R","Defend_R","Bash","Iron Wave","Flex","Seeing Red+1","Cleave","Pommel Strike","Battle Trance","Armaments+1","Headbutt","Panache+1","True Grit","Finesse","Intimidate","Warcry","Disarm"],"relics":["Burning Blood","Shuriken","Frozen Egg 2","Vajra","Black Star","Anchor","Peace Pipe","Unceasing Top","Omamori"],"potions_floor_usage":[4,6,16,28,28],"damage_taken":[{"damage":0,"enemies":"Cultist","floor":1,"turns":4},{"damage":0,"enemies":"Small Slimes","floor":2,"turns":3},{"damage":6,"enemies":"Jaw Worm","floor":3,"turns":3},{"damage":16,"enemies":"Exordium Thugs","floor":4,"turns":4},{"damage":40,"enemies":"Lagavulin","floor":6,"turns":7},{"damage":10,"enemies":"Looter","floor":8,"turns":3},{"damage":4,"enemies":"Blue Slaver","floor":11,"turns":3},{"damage":2,"enemies":"3 Louse","floor":12,"turns":4},{"damage":0,"enemies":"Looter","floor":14,"turns":3},{"damage":16,"enemies":"Slime Boss","floor":16,"turns":7},{"damage":27,"enemies":"Spheric Guardian","floor":18,"turns":6},{"damage":5,"enemies":"3 Byrds","floor":20,"turns":3},{"damage":18,"enemies":"Shelled Parasite and Fungi","floor":22,"turns":7},{"damage":23,"enemies":"Gremlin Leader","floor":24,"turns":5},{"damage":38,"enemies":"Cultist and Chosen","floor":28,"turns":8}],"seed_played":"61744383111732","potions_obtained":[{"floor":2,"key":"SteroidPotion"},{"floor":4,"key":"BloodPotion"},{"floor":6,"key":"Explosive Potion"},{"floor":11,"key":"EssenceOfSteel"},{"floor":14,"key":"FearPotion"},{"floor":18,"key":"EntropicBrew"}],"is_trial":false,"path_per_floor":["M","M","M","M","?","E","R","M","T","R","M","M","$","M","R","B",null,"M","$","M","?","M","R","E","?","T","$"],"character_chosen":"IRONCLAD","items_purchased":["Panache+1","Finesse"],"campfire_rested":2,"item_purchase_floors":[13,19],"current_hp_per_floor":[80,80,80,70,37,11,35,31,31,55,57,61,61,67,67,57,80,59,59,60,60,48,48,31,31,31,31,0],"gold":70,"neow_bonus":"THREE_CARDS","is_prod":false,"is_daily":false,"chose_seed":true,"campfire_upgraded":2,"win_rate":0.0,"timestamp":1537325815,"path_taken":["M","?","M","?","?","E","R","M","T","R","M","M","$","M","R","BOSS","M","$","M","?","M","R","E","?","T","?","M"],"build_version":"2018-09-06","purchased_purges":1,"victory":false,"max_hp_per_floor":[80,80,80,80,80,80,80,80,80,80,80,80,80,80,80,80,80,80,80,80,80,80,80,80,80,80,80,80],"card_choices":[{"not_picked":["Clash","Anger"],"picked":"Iron Wave","floor":0},{"not_picked":["Anger","Spot Weakness"],"picked":"Flex","floor":1},{"not_picked":["Anger","Clothesline"],"picked":"Seeing Red","floor":2},{"not_picked":["Wild Strike","Rage"],"picked":"Cleave","floor":3},{"not_picked":["Seeing Red","Rampage"],"picked":"Pommel Strike","floor":4},{"not_picked":["Twin Strike","Cleave","Sever Soul"],"picked":"SKIP","floor":6},{"not_picked":["Anger","Juggernaut+1"],"picked":"Battle Trance","floor":8},{"not_picked":["Body Slam","Rampage"],"picked":"Armaments","floor":11},{"not_picked":["Iron Wave","Warcry"],"picked":"Headbutt","floor":12},{"not_picked":["Clothesline","Bloodletting","Armaments"],"picked":"SKIP","floor":14},{"not_picked":["Reckless Charge+1","Iron Wave"],"picked":"True Grit","floor":18},{"not_picked":["Inflame+1","Pommel Strike"],"picked":"Intimidate","floor":20},{"not_picked":["Combust+1","Armaments"],"picked":"Warcry","floor":22},{"not_picked":["Ghostly Armor","Immolate"],"picked":"Disarm","floor":24}],"player_experience":41201,"relics_obtained":[{"floor":6,"key":"Frozen Egg 2"},{"floor":9,"key":"Vajra"},{"floor":24,"key":"Peace Pipe"},{"floor":24,"key":"Unceasing Top"},{"floor":26,"key":"Omamori"}],"event_choices":[{"event_name":"Scrap Ooze","player_choice":"success","floor":5,"damage_taken":33},{"event_name":"Addict","player_choice":"Obtained Relic","floor":21,"damage_taken":0},{"event_name":"Beggar","player_choice":"Ignored","floor":25,"damage_taken":0}],"is_beta":false,"boss_relics":[{"not_picked":["Mark of Pain","Fusion Hammer"],"picked":"Black Star"}],"items_purged_floors":[13],"is_endless":false,"potions_floor_spawned":[2,4,6,11,14,18,20],"killed_by":"Cultist and Chosen","ascension_level":0}