{"gold_per_floor":[114,131,143,162,180,211,211,244,244,270,270,61,89,14,14,110,110,130,130,130,144,162,162,162],"floor_reached":24,"playtime":1286,"items_purged":[],"score":249,"play_id":"b2299449-3f8b-4607-8154-d62a37f80042","local_time":"20181212212551","is_ascension_mode":true,"campfire_choices":[{"floor":7.0,"key":"REST"},{"floor":11.0,"key":"REST"},{"floor":15.0,"key":"REST"},{"floor":23,"key":"REST"}],"neow_cost":"NONE","seed_source_timestamp":426169792315344,"circlet_count":0,"master_deck":["Strike_B","Strike_B","Strike_B","Strike_B","Defend_B","Defend_B","Defend_B","Defend_B","Zap+1","Dualcast","Ball Lightning+1","Lockon+1","Beam Cell","Conserve Battery","Ball Lightning","Core Surge","Loop","Redo","Sunder","Defragment","Dramatic Entrance","Streamline","Defragment","Seek","Melter","Writhe","Auto Shields","Hologram"],"special_seed":0,"relics":["Cracked Core","Meat on the Bone","Whetstone","Juzu Bracelet","Bottled Tornado","Eternal Feather","Nilry\u0027s Codex","Vajra"],"potions_floor_usage":[22],"damage_taken":[{"damage":1.0,"enemies":"Cultist","floor":1.0,"turns":4.0},{"damage":0.0,"enemies":"2 Louse","floor":2.0,"turns":3.0},{"damage":0.0,"enemies":"Small Slimes","floor":3.0,"turns":2.0},{"damage":35.0,"enemies":"Gremlin Gang","floor":4.0,"turns":4.0},{"damage":6.0,"enemies":"Looter","floor":5.0,"turns":2.0},{"damage":31.0,"enemies":"Lagavulin","floor":6.0,"turns":4.0},{"damage":8.0,"enemies":"Gremlin Nob","floor":8.0,"turns":3.0},{"damage":14.0,"enemies":"Lagavulin","floor":10.0,"turns":4.0},{"damage":45.0,"enemies":"3 Sentries","floor":13.0,"turns":5.0},{"damage":25.0,"enemies":"Hexaghost","floor":16.0,"turns":7.0},{"damage":33.0,"enemies":"2 Thieves","floor":18.0,"turns":3.0},{"damage":35.0,"enemies":"Shell Parasite","floor":21.0,"turns":4.0},{"damage":12,"enemies":"3 Cultists","floor":22,"turns":4},{"damage":54,"enemies":"Book of Stabbing","floor":24,"turns":6}],"seed_played":"1719763058833927296","potions_obtained":[{"floor":3.0,"key":"Swift Potion"},{"floor":5.0,"key":"Dexterity Potion"},{"floor":6.0,"key":"Block Potion"},{"floor":13.0,"key":"Explosive Potion"},{"floor":16.0,"key":"Regen Potion"},{"floor":21.0,"key":"FearPotion"},{"floor":22,"key":"Strength Potion"}],"is_trial":false,"path_per_floor":["M","M","M","M","M","E","R","E","T","E","R","$","E","$","R","B",null,"M","?","?","M","M","R","E"],"character_chosen":"DEFECT","items_purchased":["Sunder","Defragment","Dramatic Entrance","Defragment"],"campfire_rested":4,"item_purchase_floors":[12,12,12,14],"current_hp_per_floor":[74,74,74,39,33,2,24,28,28,26,48,48,15,15,37,24,75,42,26,26,15,15,52,0],"gold":162,"neow_bonus":"UPGRADE_CARD","is_prod":false,"is_daily":false,"chose_seed":false,"campfire_upgraded":0,"win_rate":0,"timestamp":1544667951,"path_taken":["M","M","M","M","M","E","R","E","T","E","R","$","E","$","R","BOSS","M","?","?","M","M","R","E"],"build_version":"2018-12-06","purchased_purges":0,"victory":false,"max_hp_per_floor":[75,75,75,75,75,75,75,75,75,75,75,75,75,75,75,75,75,75,75,75,75,75,75,75],"card_choices":[{"not_picked":["Turbo","Barrage"],"picked":"Ball Lightning","floor":1.0},{"not_picked":["Consume","Streamline"],"picked":"Lockon","floor":2.0},{"not_picked":["Rebound","Sweeping Beam"],"picked":"Beam Cell","floor":3.0},{"not_picked":["Reinforced Body","Ball Lightning"],"picked":"Conserve Battery","floor":4.0},{"not_picked":["Rip and Tear","Heatsinks"],"picked":"Ball Lightning","floor":5.0},{"not_picked":["Reboot","Reprogram"],"picked":"Core Surge","floor":6.0},{"not_picked":["Gash","Blizzard"],"picked":"Loop","floor":8.0},{"not_picked":["Go for the Eyes","Steam"],"picked":"Redo","floor":10.0},{"not_picked":["Barrage","Stack"],"picked":"Streamline","floor":13.0},{"not_picked":["Multi-Cast","Meteor Strike"],"picked":"Seek","floor":16.0},{"not_picked":["Sweeping Beam","Turbo"],"picked":"Melter","floor":18.0},{"not_picked":["Hologram+1","Undo"],"picked":"Auto Shields","floor":21.0},{"not_picked":["Turbo","Compile Driver"],"picked":"Hologram","floor":22}],"player_experience":186840,"relics_obtained":[{"floor":6.0,"key":"Meat on the Bone"},{"floor":8.0,"key":"Whetstone"},{"floor":10.0,"key":"Juzu Bracelet"},{"floor":13.0,"key":"Bottled Tornado"},{"floor":19.0,"key":"Nilry\u0027s Codex"}],"event_choices":[{"damage_healed":0.0,"max_hp_gain":0.0,"max_hp_loss":0.0,"gold_gain":0.0,"event_name":"Cursed Tome","player_choice":"Obtained Book","floor":19.0,"gold_loss":0.0,"damage_taken":16.0},{"damage_healed":0.0,"max_hp_gain":0.0,"max_hp_loss":0.0,"gold_gain":0.0,"event_name":"The Mausoleum","player_choice":"Opened","floor":20.0,"gold_loss":0.0,"damage_taken":0.0,"relics_obtained":["Vajra"],"cards_obtained":["Writhe"]}],"is_beta":false,"boss_relics":[{"not_picked":["Ectoplasm","Astrolabe"],"picked":"Eternal Feather"}],"items_purged_floors":[],"is_endless":false,"potions_floor_spawned":[3,5,6,13,16,21,22],"killed_by":"Book of Stabbing","ascension_level":2}