{"gold_per_floor":[110,126,141,161,180,180,195,227,227,34,52,65,65,93,93,194,194,212,212,226,245,262,262,262,262,288,307,307,5,24,38,38,38],"floor_reached":33,"playtime":1574,"items_purged":["Strike_B"],"score":331,"play_id":"925c1e27-8e48-4cfb-b6ce-28537dda7da4","local_time":"20190131091142","is_ascension_mode":true,"campfire_choices":[{"data":"Loop","floor":6,"key":"SMITH"},{"floor":13,"key":"REST"},{"floor":15,"key":"REST"},{"floor":23,"key":"REST"},{"floor":28,"key":"REST"},{"floor":32,"key":"REST"}],"neow_cost":"NONE","seed_source_timestamp":1457514038778,"circlet_count":0,"master_deck":["Strike_B","Strike_B+1","Strike_B+1","Defend_B","Defend_B","Defend_B","Defend_B","Zap+1","Dualcast","Cold Snap","Loop+1","Heatsinks","Leap","Rebound","Cold Snap","Conserve Battery","Melter","Heatsinks","Steam","Beam Cell","Chaos","Machine Learning","Hologram","Sunder+1","Capacitor+1","Compile Driver","Doom and Gloom","Cold Snap","Turbo","Steam"],"relics":["Cracked Core","Whetstone","Cables","Nuclear Battery","Potion Belt","Nilry\u0027s Codex","Orichalcum","Kunai"],"potions_floor_usage":[4,16,16,27,30,31],"damage_taken":[{"damage":0,"enemies":"Cultist","floor":1,"turns":4},{"damage":1,"enemies":"Small Slimes","floor":2,"turns":2},{"damage":5,"enemies":"Jaw Worm","floor":3,"turns":2},{"damage":1,"enemies":"Looter","floor":4,"turns":3},{"damage":10,"enemies":"Exordium Wildlife","floor":5,"turns":3},{"damage":8,"enemies":"Blue Slaver","floor":7,"turns":3},{"damage":13,"enemies":"3 Sentries","floor":8,"turns":7},{"damage":0,"enemies":"2 Fungi Beasts","floor":11,"turns":3},{"damage":9,"enemies":"3 Louse","floor":12,"turns":4},{"damage":25,"enemies":"Lagavulin","floor":14,"turns":7},{"damage":19,"enemies":"Hexaghost","floor":16,"turns":10},{"damage":26,"enemies":"Shell Parasite","floor":18,"turns":5},{"damage":0,"enemies":"Spheric Guardian","floor":20,"turns":4},{"damage":21,"enemies":"Snake Plant","floor":21,"turns":4},{"damage":1,"enemies":"Snecko","floor":22,"turns":4},{"damage":10,"enemies":"3 Cultists","floor":27,"turns":4},{"damage":10,"enemies":"Centurion and Healer","floor":30,"turns":6},{"damage":11,"enemies":"Snecko","floor":31,"turns":8},{"damage":46,"enemies":"Automaton","floor":33,"turns":6}],"seed_played":"5842826439545955256","potions_obtained":[{"floor":1,"key":"SpeedPotion"},{"floor":4,"key":"FearPotion"},{"floor":11,"key":"SteroidPotion"},{"floor":14,"key":"AttackPotion"},{"floor":16,"key":"GamblersBrew"},{"floor":18,"key":"Dexterity Potion"},{"floor":27,"key":"SkillPotion"},{"floor":30,"key":"Ancient Potion"}],"is_trial":false,"path_per_floor":["M","M","M","M","M","R","M","E","T","$","M","M","R","E","R","B",null,"M","?","M","M","M","R","T","?","T","M","R","$","M","M","R","B"],"character_chosen":"DEFECT","items_purchased":["Melter","Heatsinks","Kunai","Cold Snap"],"campfire_rested":5,"item_purchase_floors":[10,10,29,29],"current_hp_per_floor":[75,74,69,68,58,58,50,37,37,37,37,28,50,25,47,28,63,37,37,37,16,15,37,37,21,21,11,33,33,23,12,34,0],"gold":38,"neow_bonus":"UPGRADE_CARD","is_prod":false,"is_daily":false,"chose_seed":false,"campfire_upgraded":1,"win_rate":0,"timestamp":1548922302,"path_taken":["M","M","M","M","M","R","M","E","T","$","?","M","R","E","R","BOSS","M","?","M","M","M","R","?","?","T","M","R","$","M","M","R","BOSS"],"build_version":"2019-01-23","purchased_purges":1,"victory":false,"max_hp_per_floor":[75,75,75,75,75,75,75,75,75,75,75,75,75,75,75,75,75,75,75,75,75,75,75,75,75,75,75,75,75,75,75,75,75],"card_choices":[{"not_picked":["Scrape","Gash"],"picked":"Cold Snap","floor":1},{"not_picked":["Conserve Battery","White Noise"],"picked":"Loop","floor":2},{"not_picked":["Undo","Go for the Eyes"],"picked":"Heatsinks","floor":3},{"not_picked":["Barrage","Amplify"],"picked":"Leap","floor":4},{"not_picked":["Gash","Stack"],"picked":"Rebound","floor":5},{"not_picked":["Sweeping Beam","Rip and Tear"],"picked":"Cold Snap","floor":7},{"not_picked":["Rebound","Doom and Gloom"],"picked":"Conserve Battery","floor":8},{"not_picked":["Loop","Barrage"],"picked":"Steam","floor":11},{"not_picked":["Skim","Hologram"],"picked":"Beam Cell","floor":12},{"not_picked":["Steam","Cold Snap"],"picked":"Chaos","floor":14},{"not_picked":["Fission","Rainbow"],"picked":"Machine Learning","floor":16},{"not_picked":["Rebound","Hello World"],"picked":"Hologram","floor":18},{"not_picked":["Beam Cell","Genetic Algorithm"],"picked":"Sunder+1","floor":20},{"not_picked":["Compile Driver","Hologram"],"picked":"Capacitor+1","floor":21},{"not_picked":["Turbo","Reinforced Body"],"picked":"Compile Driver","floor":22},{"not_picked":["Hologram","Gash"],"picked":"Doom and Gloom","floor":27},{"not_picked":["Scrape+1","Doom and Gloom"],"picked":"Turbo","floor":30},{"not_picked":["Gash","Rip and Tear+1"],"picked":"Steam","floor":31}],"player_experience":223636,"relics_obtained":[{"floor":8,"key":"Whetstone"},{"floor":14,"key":"Cables"},{"floor":24,"key":"Potion Belt"},{"floor":25,"key":"Nilry\u0027s Codex"},{"floor":26,"key":"Orichalcum"}],"event_choices":[{"damage_healed":0,"gold_gain":0,"player_choice":"Ignored","damage_taken":0,"max_hp_gain":0,"max_hp_loss":0,"event_name":"Vampires","floor":19,"gold_loss":0},{"damage_healed":0,"gold_gain":0,"player_choice":"Obtained Book","damage_taken":16,"max_hp_gain":0,"max_hp_loss":0,"event_name":"Cursed Tome","floor":25,"gold_loss":0}],"is_beta":true,"boss_relics":[{"not_picked":["Orrery","Busted Crown"],"picked":"Nuclear Battery"}],"items_purged_floors":[10],"is_endless":false,"potions_floor_spawned":[1,4,11,14,16,18,27,30],"killed_by":"Automaton","ascension_level":5}