{"gold_per_floor":[109,120,120,65,65,93,168,195,219,238,238,238,264,264,264,264],"floor_reached":16,"playtime":338,"items_purged":[],"score":282,"play_id":"65b06e97-8afd-44ea-8899-858084cc2ded","local_time":"20181210142843","is_ascension_mode":true,"campfire_choices":[{"floor":12,"key":"REST"},{"floor":15,"key":"REST"}],"neow_cost":"NONE","seed_source_timestamp":263251876610269,"circlet_count":0,"master_deck":["AscendersBane","Strike_R","Strike_R","Strike_R","Strike_R","Strike_R","Defend_R","Defend_R","Defend_R","Bash","Sentinel","Armaments+1","True Grit","Body Slam","Juggernaut","Clothesline","Headbutt","Clothesline"],"relics":["Burning Blood","NeowsBlessing","Anchor","Pen Nib","Magic Flower","Bag of Marbles","Nunchaku","Dodecahedron"],"potions_floor_usage":[8,16],"damage_taken":[{"damage":0,"enemies":"Cultist","floor":1,"turns":1},{"damage":0,"enemies":"2 Louse","floor":2,"turns":1},{"damage":0,"enemies":"Gremlin Nob","floor":6,"turns":1},{"damage":30,"enemies":"3 Sentries","floor":8,"turns":9},{"damage":2,"enemies":"Jaw Worm","floor":10,"turns":2},{"damage":27,"enemies":"Gremlin Nob","floor":13,"turns":4},{"damage":67,"enemies":"Slime Boss","floor":16,"turns":9}],"seed_played":"6212468209001469764","potions_obtained":[{"floor":1,"key":"SkillPotion"},{"floor":8,"key":"EssenceOfSteel"}],"is_trial":false,"path_per_floor":["M","M","?","$","?","E","?","E","T","M","T","R","E","?","R","B"],"character_chosen":"IRONCLAD","items_purchased":["True Grit"],"campfire_rested":2,"item_purchase_floors":[4],"current_hp_per_floor":[74,75,75,75,57,63,52,28,28,35,35,57,39,39,61,0],"gold":264,"neow_bonus":"THREE_ENEMY_KILL","is_prod":false,"is_daily":false,"chose_seed":false,"campfire_upgraded":0,"win_rate":0,"timestamp":1544477323,"path_taken":["M","M","?","$","?","E","?","E","T","M","?","R","E","?","R","BOSS"],"build_version":"2018-12-06","purchased_purges":0,"victory":false,"max_hp_per_floor":[75,75,75,75,75,75,75,75,75,75,75,75,75,75,75,75],"card_choices":[{"not_picked":["Rampage","Second Wind"],"picked":"Sentinel","floor":1},{"not_picked":["Clothesline","True Grit"],"picked":"Armaments","floor":2},{"not_picked":["Uppercut","Flex"],"picked":"Body Slam","floor":6},{"not_picked":["Sword Boomerang","Thunderclap"],"picked":"Juggernaut","floor":8},{"not_picked":["Reckless Charge","Disarm"],"picked":"Clothesline","floor":10},{"not_picked":["Sword Boomerang","Clothesline"],"picked":"Headbutt","floor":13}],"player_experience":585321,"relics_obtained":[{"floor":6,"key":"Pen Nib"},{"floor":8,"key":"Magic Flower"},{"floor":9,"key":"Bag of Marbles"},{"floor":11,"key":"Nunchaku"},{"floor":13,"key":"Dodecahedron"}],"event_choices":[{"damage_healed":0,"gold_gain":0,"player_choice":"Grow","damage_taken":0,"max_hp_gain":0,"max_hp_loss":0,"event_name":"Living Wall","floor":3,"gold_loss":0,"cards_upgraded":["Armaments"]},{"damage_healed":0,"gold_gain":0,"player_choice":"Success","damage_taken":18,"relics_obtained":["Anchor"],"max_hp_gain":0,"max_hp_loss":0,"event_name":"Scrap Ooze","floor":5,"gold_loss":0},{"damage_healed":0,"gold_gain":75,"player_choice":"Gather Gold","damage_taken":11,"max_hp_gain":0,"max_hp_loss":0,"event_name":"World of Goop","floor":7,"gold_loss":0},{"damage_healed":0,"gold_gain":0,"cards_transformed":["Defend_R"],"player_choice":"Transformed","damage_taken":0,"max_hp_gain":0,"max_hp_loss":0,"event_name":"Transmorgrifier","floor":14,"gold_loss":0,"cards_obtained":["Clothesline"]}],"is_beta":false,"boss_relics":[],"items_purged_floors":[],"is_endless":false,"potions_floor_spawned":[1,8],"killed_by":"Slime Boss","ascension_level":20}