{"path_per_floor":["M","?","?","?","M","E","M","R","T","?","M"],"character_chosen":"DEFECT","items_purchased":[],"gold_per_floor":[118,118,118,118,137,170,187,187,187,187,203,203],"floor_reached":12,"campfire_rested":0,"playtime":421,"item_purchase_floors":[],"current_hp_per_floor":[75,75,75,75,75,73,70,70,70,55,42,0],"items_purged":[],"gold":203,"score":103,"play_id":"3e1e3d9d-352a-4b6f-a821-4204c45de908","local_time":"20180603235218","is_prod":false,"is_daily":false,"chose_seed":false,"is_ascension_mode":false,"campfire_upgraded":1,"win_rate":0.0,"timestamp":1528033938,"campfire_choices":[{"data":"Loop","floor":8,"key":"SMITH"}],"path_taken":["M","?","?","?","?","E","M","R","T","?","M","M"],"build_version":"2018-05-31","seed_source_timestamp":42747970580860,"purchased_purges":0,"victory":false,"master_deck":["Strike_B","Strike_B","Strike_B","Strike_B","Defend_B+1","Defend_B","Defend_B","Defend_B","Zap","Dualcast+1","Storm+1","Regret","Loop+1"],"max_hp_per_floor":[75,75,75,75,75,75,75,75,75,75,75,75],"relics":["Cracked Core","NeowsBlessing","Ornamental Fan","Gambling Chip","Frozen Egg 2"],"card_choices":[{"not_picked":["Heatsinks","Gash"],"picked":"Storm","floor":1},{"not_picked":["Go for the Eyes","Steam","Stack"],"picked":"SKIP","floor":5},{"not_picked":["Glacier","Conserve Battery","Undo"],"picked":"SKIP","floor":6},{"not_picked":["Chill","Double Energy"],"picked":"Loop","floor":7},{"not_picked":["Go for the Eyes","Leap","Hologram"],"picked":"SKIP","floor":11}],"player_experience":306631,"potions_floor_usage":[6],"damage_taken":[{"damage":0,"enemies":"2 Louse","floor":1,"turns":1},{"damage":0,"enemies":"Jaw Worm","floor":5,"turns":1},{"damage":2,"enemies":"Lagavulin","floor":6,"turns":1},{"damage":3,"enemies":"Cultist","floor":7,"turns":3},{"damage":13,"enemies":"Looter","floor":11,"turns":3},{"damage":45,"enemies":"Gremlin Gang","floor":12,"turns":3}],"relics_obtained":[{"floor":6,"key":"Gambling Chip"},{"floor":9,"key":"Frozen Egg 2"}],"event_choices":[{"event_name":"Living Wall","player_choice":"Grow","floor":2,"damage_taken":0},{"event_name":"Big Fish","player_choice":"Box","floor":3,"damage_taken":0},{"event_name":"The Lab","player_choice":"Got Potions","floor":4,"damage_taken":0},{"event_name":"Shining Light","player_choice":"Entered Light","floor":10,"damage_taken":0}],"boss_relics":[],"items_purged_floors":[],"potions_floor_spawned":[1,6],"seed_played":"-4158527522347671429","killed_by":"Gremlin Gang","ascension_level":0,"potions_obtained":[{"floor":1,"key":"SteroidPotion"},{"floor":4,"key":"AttackPotion"},{"floor":4,"key":"FocusPotion"},{"floor":6,"key":"SpeedPotion"}],"is_trial":false}