{"gold_per_floor":[119,119,119,119,133,133,171,171,171,171,196,80,110,124,124,218,218,242,242,242,157,182,225,237],"floor_reached":24,"playtime":2202,"items_purged":[],"score":415,"play_id":"2523996c-09fa-44ce-a992-b52b148f1598","local_time":"20181118202704","is_ascension_mode":true,"campfire_choices":[{"data":"Coolheaded","floor":6,"key":"SMITH"},{"data":"Zap","floor":8,"key":"SMITH"},{"data":"Hologram","floor":10,"key":"SMITH"},{"data":"Coolheaded","floor":15,"key":"SMITH"}],"neow_cost":"NONE","seed_source_timestamp":56011589809084,"circlet_count":0,"master_deck":["AscendersBane","Strike_B","Strike_B","Defend_B","Defend_B","Defend_B","Defend_B","Zap+1","Dualcast","Conserve Battery","Seek","Coolheaded+1","Hologram+1","Coolheaded+1","Defragment","Doom and Gloom","Rainbow","Chill","Self Repair","Consume"],"relics":["Cracked Core","NeowsBlessing","Golden Idol","Torii","Centennial Puzzle","MawBank","Matryoshka"],"potions_floor_usage":[16,23],"damage_taken":[{"damage":0,"enemies":"2 Louse","floor":1,"turns":1},{"damage":0,"enemies":"Small Slimes","floor":5,"turns":1},{"damage":0,"enemies":"3 Sentries","floor":7,"turns":1},{"damage":0,"enemies":"Jaw Worm","floor":11,"turns":3},{"damage":0,"enemies":"Looter","floor":14,"turns":3},{"damage":7,"enemies":"Hexaghost","floor":16,"turns":10},{"damage":1,"enemies":"Spheric Guardian","floor":18,"turns":3},{"damage":23,"enemies":"Colosseum Slavers","floor":20,"turns":5},{"damage":12,"enemies":"3 Byrds","floor":22,"turns":5},{"damage":17,"enemies":"Gremlin Leader","floor":23,"turns":9},{"damage":23,"enemies":"Snecko","floor":24,"turns":6}],"seed_played":"-522049873211492380","potions_obtained":[{"floor":5,"key":"Energy Potion"},{"floor":11,"key":"Ancient Potion"},{"floor":18,"key":"FocusPotion"}],"is_trial":false,"path_per_floor":["M","?","?","?","M","R","E","R","T","R","M","$","?","M","R","B",null,"M","?","?","?","M","E","M"],"character_chosen":"DEFECT","items_purchased":["Defragment","Doom and Gloom"],"campfire_rested":0,"item_purchase_floors":[12,12],"current_hp_per_floor":[64,40,33,33,33,33,33,33,33,33,33,33,33,33,33,26,60,59,59,36,36,24,14,0],"gold":237,"neow_bonus":"THREE_ENEMY_KILL","is_prod":false,"is_daily":false,"chose_seed":false,"campfire_upgraded":4,"win_rate":0,"timestamp":1542533224,"path_taken":["M","?","?","?","M","R","E","R","T","R","M","$","?","M","R","BOSS","M","?","?","?","?","E","?"],"build_version":"2018-11-15","purchased_purges":0,"victory":false,"max_hp_per_floor":[71,71,71,71,71,71,71,71,71,71,71,71,71,71,71,71,71,71,71,71,71,71,71,71],"card_choices":[{"not_picked":["Beam Cell","Gash"],"picked":"Conserve Battery","floor":1},{"not_picked":["Leap","Barrage"],"picked":"Coolheaded","floor":5},{"not_picked":["Sweeping Beam","Multi-Cast"],"picked":"Hologram","floor":7},{"not_picked":["Conserve Battery","Compile Driver"],"picked":"Coolheaded","floor":11},{"not_picked":["Barrage","Gash","Sweeping Beam"],"picked":"SKIP","floor":14},{"not_picked":["Thunder Strike","Hyperbeam"],"picked":"Rainbow","floor":16},{"not_picked":["Steam Power","Rip and Tear"],"picked":"Chill","floor":18},{"not_picked":["Scrape","Melter"],"picked":"Self Repair","floor":22},{"not_picked":["White Noise","Redo"],"picked":"Consume","floor":23}],"player_experience":855385,"relics_obtained":[{"floor":7,"key":"Torii"},{"floor":9,"key":"Centennial Puzzle"},{"floor":23,"key":"Matryoshka"}],"event_choices":[{"damage_healed":0,"gold_gain":0,"player_choice":"Take Damage","damage_taken":24,"relics_obtained":["Golden Idol"],"max_hp_gain":0,"max_hp_loss":0,"event_name":"Golden Idol","floor":2,"gold_loss":0},{"cards_removed":["Strike_B"],"damage_healed":0,"gold_gain":0,"player_choice":"Card Removal","damage_taken":7,"max_hp_gain":0,"max_hp_loss":0,"event_name":"Golden Wing","floor":3,"gold_loss":0},{"damage_healed":0,"gold_gain":0,"cards_transformed":["Strike_B"],"player_choice":"Change","damage_taken":0,"max_hp_gain":0,"max_hp_loss":0,"event_name":"Living Wall","floor":4,"gold_loss":0,"cards_obtained":["Seek"]},{"damage_healed":0,"gold_gain":30,"player_choice":"Searched \u00272\u0027 times","damage_taken":0,"max_hp_gain":0,"max_hp_loss":0,"event_name":"Dead Adventurer","floor":13,"gold_loss":0},{"damage_healed":0,"gold_gain":0,"player_choice":"Ignored","damage_taken":0,"max_hp_gain":0,"max_hp_loss":0,"event_name":"Ghosts","floor":19,"gold_loss":0},{"damage_healed":0,"gold_gain":0,"player_choice":"Fight","damage_taken":0,"max_hp_gain":0,"max_hp_loss":0,"event_name":"Colosseum","floor":20,"gold_loss":0},{"damage_healed":0,"gold_gain":0,"player_choice":"Fled From Nobs","damage_taken":0,"max_hp_gain":0,"max_hp_loss":0,"event_name":"Colosseum","floor":20,"gold_loss":0},{"damage_healed":0,"gold_gain":0,"player_choice":"Obtained Relic","damage_taken":0,"relics_obtained":["MawBank"],"max_hp_gain":0,"max_hp_loss":0,"event_name":"Addict","floor":21,"gold_loss":85}],"is_beta":true,"boss_relics":[{"not_picked":[]}],"items_purged_floors":[],"is_endless":false,"potions_floor_spawned":[5,11,18],"killed_by":"Snecko","ascension_level":15}