{"gold_per_floor":[115,115,36,51,70,100,100,100,126,140,171,185,360,372,372,469,469,482,496,496],"floor_reached":20,"playtime":1124,"items_purged":[],"score":205,"play_id":"affe09cf-a365-47f6-b6ab-e6573dd50e83","local_time":"20181216235806","is_ascension_mode":true,"campfire_choices":[{"data":"Bouncing Flask","floor":7,"key":"SMITH"},{"floor":15,"key":"REST"}],"neow_cost":"NONE","seed_source_timestamp":38120218907910,"circlet_count":0,"master_deck":["Defend_G","Defend_G","Defend_G","Defend_G","Defend_G","Strike_G","Strike_G","Strike_G","Strike_G","Survivor","Neutralize","Accuracy","Footwork","Poisoned Stab","Blade Dance","Bouncing Flask+1","Endless Agony","Endless Agony","Poisoned Stab","Doubt","Predator","Glass Knife","Blade Dance+1","Outmaneuver+1"],"relics":["Ring of the Snake","NeowsBlessing","Art of War","Regal Pillow","Unceasing Top","Black Star"],"potions_floor_usage":[11,16,16,16,19],"damage_taken":[{"damage":0,"enemies":"Cultist","floor":1,"turns":1},{"damage":0,"enemies":"Jaw Worm","floor":4,"turns":1},{"damage":0,"enemies":"Small Slimes","floor":5,"turns":1},{"damage":24,"enemies":"Lagavulin","floor":6,"turns":8},{"damage":8,"enemies":"3 Louse","floor":10,"turns":4},{"damage":8,"enemies":"3 Sentries","floor":11,"turns":8},{"damage":2,"enemies":"2 Fungi Beasts","floor":12,"turns":4},{"damage":0,"enemies":"Large Slime","floor":14,"turns":5},{"damage":36,"enemies":"The Guardian","floor":16,"turns":8},{"damage":22,"enemies":"3 Byrds","floor":18,"turns":5},{"damage":8,"enemies":"Chosen","floor":19,"turns":4},{"damage":51,"enemies":"Snake Plant","floor":20,"turns":4}],"seed_played":"2092772928877064096","potions_obtained":[{"floor":5,"key":"GamblersBrew"},{"floor":6,"key":"Dexterity Potion"},{"floor":10,"key":"Explosive Potion"},{"floor":11,"key":"Weak Potion"},{"floor":12,"key":"EssenceOfSteel"},{"floor":16,"key":"Fruit Juice"}],"is_trial":false,"path_per_floor":["M","?","$","M","M","E","R","?","T","M","E","M","?","M","R","B",null,"M","M","M"],"character_chosen":"THE_SILENT","items_purchased":["Footwork"],"campfire_rested":1,"item_purchase_floors":[3],"current_hp_per_floor":[70,70,70,70,70,46,46,46,46,38,30,28,28,28,64,33,75,53,45,0],"gold":496,"neow_bonus":"THREE_ENEMY_KILL","is_prod":false,"is_daily":false,"chose_seed":false,"campfire_upgraded":1,"win_rate":0,"timestamp":1545022686,"path_taken":["M","?","$","M","?","E","R","?","T","M","E","M","?","M","R","BOSS","M","M","M"],"build_version":"2018-12-13","purchased_purges":0,"victory":false,"max_hp_per_floor":[70,70,70,70,70,70,70,70,70,70,70,70,70,70,70,75,75,75,75,75],"card_choices":[{"not_picked":["Dodge and Roll","Blade Dance"],"picked":"Accuracy","floor":1},{"not_picked":["Deadly Poison","Caltrops"],"picked":"Poisoned Stab","floor":4},{"not_picked":["Bane","Slice"],"picked":"Blade Dance","floor":5},{"not_picked":["Prepared","Predator"],"picked":"Bouncing Flask","floor":6},{"not_picked":["Dodge and Roll","Flying Knee"],"picked":"Endless Agony","floor":10},{"not_picked":["Wraith Form v2","Quick Slash"],"picked":"Endless Agony","floor":11},{"not_picked":["Footwork","Dagger Spray"],"picked":"Poisoned Stab","floor":12},{"not_picked":["Outmaneuver","Dodge and Roll"],"picked":"Predator","floor":14},{"not_picked":["Adrenaline","Grand Finale"],"picked":"Glass Knife","floor":16},{"not_picked":["Bane","Dagger Spray"],"picked":"Blade Dance+1","floor":18},{"not_picked":["Flying Knee","Leg Sweep"],"picked":"Outmaneuver+1","floor":19}],"player_experience":206742,"relics_obtained":[{"floor":6,"key":"Art of War"},{"floor":9,"key":"Regal Pillow"},{"floor":11,"key":"Unceasing Top"}],"event_choices":[{"cards_removed":["Strike_G"],"damage_healed":0,"gold_gain":0,"player_choice":"Purged","damage_taken":0,"max_hp_gain":0,"max_hp_loss":0,"event_name":"Purifier","floor":2,"gold_loss":0},{"damage_healed":0,"gold_gain":0,"player_choice":"Ignored","damage_taken":0,"max_hp_gain":0,"max_hp_loss":0,"event_name":"Golden Wing","floor":8,"gold_loss":0},{"damage_healed":0,"gold_gain":175,"player_choice":"AGREE","damage_taken":0,"max_hp_gain":0,"max_hp_loss":0,"event_name":"Liars Game","floor":13,"gold_loss":0,"cards_obtained":["Doubt"]}],"is_beta":false,"boss_relics":[{"not_picked":["Coffee Dripper","Fusion Hammer"],"picked":"Black Star"}],"items_purged_floors":[],"is_endless":false,"potions_floor_spawned":[5,6,10,11,12,16],"killed_by":"Snake Plant","ascension_level":2}