{"gold_per_floor":[119,40,40,40,40,40,71,71,71,71,84,103,128,148,148,148],"floor_reached":16,"playtime":398,"items_purged":[],"score":113,"play_id":"9e46b6b3-3439-42fe-b9ab-1bf6480d9873","local_time":"20180708005141","is_ascension_mode":true,"campfire_choices":[{"data":"Zap","floor":6,"key":"SMITH"},{"floor":10,"key":"REST"},{"floor":15,"key":"REST"}],"neow_cost":"","seed_source_timestamp":12336386252585,"circlet_count":0,"master_deck":["Strike_B","Strike_B","Strike_B","Defend_B","Defend_B","Defend_B","Defend_B","Zap+1","Dualcast","Scrape","Storm","All For One","Regret","Reprogram","Conserve Battery","Gash"],"relics":["Cracked Core","NlothsMask","Lantern","Ice Cream","Singing Bowl"],"potions_floor_usage":[16,16],"damage_taken":[{"damage":8,"enemies":"Jaw Worm","floor":1,"turns":3},{"damage":36,"enemies":"3 Sentries","floor":7,"turns":7},{"damage":0,"enemies":"Cultist","floor":11,"turns":2},{"damage":0,"enemies":"Small Slimes","floor":12,"turns":2},{"damage":34,"enemies":"Lagavulin","floor":13,"turns":7},{"damage":2,"enemies":"2 Fungi Beasts","floor":14,"turns":3},{"damage":36,"enemies":"The Guardian","floor":16,"turns":5}],"seed_played":"8438514799612205021","potions_obtained":[{"floor":1,"key":"Strength Potion"},{"floor":13,"key":"PowerPotion"}],"is_trial":false,"path_per_floor":["M","$","?","$","?","R","E","?","T","R","M","M","E","M","R"],"character_chosen":"DEFECT","items_purchased":["Storm"],"campfire_rested":2,"item_purchase_floors":[2],"current_hp_per_floor":[67,67,67,67,60,60,24,24,24,46,46,46,14,12,35,0],"gold":148,"neow_bonus":"","is_prod":false,"is_daily":false,"chose_seed":false,"campfire_upgraded":1,"win_rate":0.0,"timestamp":1530975101,"path_taken":["M","$","?","?","?","R","E","?","T","R","M","?","E","M","R","BOSS"],"build_version":"2018-07-05","purchased_purges":0,"victory":false,"max_hp_per_floor":[75,75,75,75,75,75,75,75,75,75,75,75,77,77,77,77],"card_choices":[{"not_picked":["Skim","Streamline"],"picked":"Scrape","floor":1},{"not_picked":["Skim","Sweeping Beam"],"picked":"All For One","floor":7},{"not_picked":["Leap","Beam Cell"],"picked":"Reprogram","floor":11},{"not_picked":["Go for the Eyes","Static Discharge"],"picked":"Conserve Battery","floor":12},{"not_picked":["Hyperbeam","Darkness","Rip and Tear"],"picked":"Singing Bowl","floor":13},{"not_picked":["Turbo","Stack"],"picked":"Gash","floor":14}],"player_experience":363739,"relics_obtained":[{"floor":7,"key":"Lantern"},{"floor":13,"key":"Singing Bowl"}],"event_choices":[{"event_name":"FaceTrader","player_choice":"Trade","floor":3,"damage_taken":0},{"event_name":"Golden Wing","player_choice":"Card Removal","floor":5,"damage_taken":0},{"event_name":"Big Fish","player_choice":"Box","floor":8,"damage_taken":0}],"boss_relics":[],"items_purged_floors":[],"is_endless":false,"potions_floor_spawned":[1,13],"killed_by":"The Guardian","ascension_level":1}