{"gold_per_floor":[114,84,99,114,129,159,159,159,184,34,64,164,164,194,194,294,294,309,324,423,423],"floor_reached":21,"playtime":709,"items_purged":[],"score":197,"play_id":"45544f74-3e72-49fb-abd8-8b9b3424eb3a","local_time":"20190203122057","daily_mods":["Allstar","Green Cards","Lethality"],"is_ascension_mode":false,"campfire_choices":[{"data":"Coolheaded","floor":7,"key":"SMITH"},{"data":"Consume","floor":13,"key":"SMITH"},{"data":"Flechettes","floor":15,"key":"SMITH"}],"neow_cost":"","seed_source_timestamp":57228008398525,"circlet_count":0,"master_deck":["Strike_B","Strike_B","Strike_B","Strike_B","Defend_B","Defend_B+1","Defend_B","Defend_B+1","Zap","Dualcast","Metamorphosis+1","Bandage Up","PanicButton","Deep Breath","Enlightenment","Coolheaded+1","Noxious Fumes","Cold Snap","Melter","Flechettes+1","Consume+1","Adrenaline","Creative AI","Clumsy","Flechettes"],"special_seed":17930,"relics":["Cracked Core","DataDisk","Omamori","War Paint","Bag of Marbles","Mercury Hourglass","Calling Bell","Smiling Mask","Frozen Egg 2","Mango"],"potions_floor_usage":[5,6,6,11,21],"damage_taken":[{"damage":0,"enemies":"2 Louse","floor":1,"turns":2},{"damage":2,"enemies":"Cultist","floor":3,"turns":3},{"damage":14,"enemies":"Jaw Worm","floor":4,"turns":2},{"damage":0,"enemies":"Looter","floor":5,"turns":2},{"damage":17,"enemies":"Lagavulin","floor":6,"turns":4},{"damage":1,"enemies":"3 Sentries","floor":11,"turns":5},{"damage":10,"enemies":"Gremlin Nob","floor":14,"turns":4},{"damage":42,"enemies":"The Guardian","floor":16,"turns":7},{"damage":10,"enemies":"Chosen","floor":18,"turns":5},{"damage":65,"enemies":"3 Byrds","floor":19,"turns":4},{"damage":30,"enemies":"Snake Plant","floor":21,"turns":2}],"seed_played":"8747077811986150983","potions_obtained":[{"floor":1,"key":"Poison Potion"},{"floor":2,"key":"Fire Potion"},{"floor":2,"key":"Poison Potion"},{"floor":5,"key":"FearPotion"},{"floor":11,"key":"FearPotion"},{"floor":19,"key":"Fire Potion"}],"is_trial":false,"path_per_floor":["M","?","M","M","M","E","R","?","T","$","E","?","R","E","R","B",null,"M","M","?","M"],"character_chosen":"DEFECT","items_purchased":["War Paint"],"campfire_rested":0,"item_purchase_floors":[10],"current_hp_per_floor":[75,75,73,61,61,48,48,48,48,48,51,51,51,45,45,7,89,79,18,18,0],"gold":423,"neow_bonus":"","is_prod":false,"is_daily":true,"chose_seed":false,"campfire_upgraded":3,"win_rate":0,"timestamp":1549192857,"path_taken":["M","?","M","M","?","E","R","?","T","?","E","?","R","E","R","BOSS","M","?","?","M"],"build_version":"2019-01-23","purchased_purges":0,"victory":false,"max_hp_per_floor":[75,75,75,75,75,75,75,75,75,75,75,75,75,75,75,75,89,89,89,89,89],"card_choices":[{"not_picked":["All Out Attack","Steam"],"picked":"Coolheaded","floor":1},{"not_picked":["Infinite Blades","Slice"],"picked":"Noxious Fumes","floor":3},{"not_picked":["Outmaneuver","Genetic Algorithm"],"picked":"Cold Snap","floor":4},{"not_picked":["Poisoned Stab","Hologram"],"picked":"Melter","floor":5},{"not_picked":["Undo","Barrage"],"picked":"Flechettes","floor":6},{"not_picked":["Prepared","Genetic Algorithm"],"picked":"Consume","floor":11},{"not_picked":["Rebound","Catalyst"],"picked":"Adrenaline","floor":14},{"not_picked":["Thunder Strike","Rainbow"],"picked":"Creative AI","floor":16},{"not_picked":["Outmaneuver","Deflect"],"picked":"Flechettes","floor":18},{"not_picked":["Stack","Tactician","Blur"],"picked":"SKIP","floor":19}],"player_experience":240048,"relics_obtained":[{"floor":6,"key":"DataDisk"},{"floor":9,"key":"Omamori"},{"floor":11,"key":"Bag of Marbles"},{"floor":14,"key":"Mercury Hourglass"},{"floor":17,"key":"Smiling Mask"},{"floor":17,"key":"Frozen Egg 2"},{"floor":17,"key":"Mango"}],"event_choices":[{"damage_healed":0,"gold_gain":0,"player_choice":"Bought 2 Potions","damage_taken":0,"max_hp_gain":0,"max_hp_loss":0,"event_name":"The Woman in Blue","floor":2,"gold_loss":0},{"damage_healed":0,"gold_gain":0,"player_choice":"Grow","damage_taken":0,"max_hp_gain":0,"max_hp_loss":0,"event_name":"Living Wall","floor":8,"gold_loss":0,"cards_upgraded":["Metamorphosis"]},{"damage_healed":0,"gold_gain":100,"player_choice":"Pray","damage_taken":0,"max_hp_gain":0,"max_hp_loss":0,"event_name":"Golden Shrine","floor":12,"gold_loss":0},{"damage_healed":0,"gold_gain":99,"player_choice":"Stole From Cult","damage_taken":0,"max_hp_gain":0,"max_hp_loss":0,"event_name":"Nest","floor":20,"gold_loss":0}],"is_beta":true,"boss_relics":[{"not_picked":["Orrery","Pandora\u0027s Box"],"picked":"Calling Bell"}],"items_purged_floors":[],"is_endless":false,"potions_floor_spawned":[1,3,5,11,19],"killed_by":"Snake Plant","ascension_level":0}