{"gold_per_floor":[219,239,249,249,268,268,268,303,303,320,320,320,65,80,80,80],"floor_reached":16,"playtime":677,"items_purged":[],"score":133,"play_id":"aab872bd-d49a-41ca-9f25-dc942c7ce570","local_time":"20190207103702","is_ascension_mode":true,"campfire_choices":[{"floor":6,"key":"REST"},{"floor":11,"key":"REST"},{"data":"Neutralize","floor":15,"key":"SMITH"}],"neow_cost":"NONE","seed_source_timestamp":2317971064500249,"circlet_count":0,"master_deck":["Defend_G","Defend_G","Defend_G","Defend_G","Defend_G","Strike_G+1","Strike_G","Strike_G","Strike_G","Survivor","Neutralize+1","Cloak And Dagger+1","Heel Hook","Deadly Poison","Accuracy","Sucker Punch","Crippling Poison","Leg Sweep"],"relics":["Ring of the Snake","FossilizedHelix","Blue Candle","Turnip","Meat on the Bone"],"potions_floor_usage":[8,16],"damage_taken":[{"damage":7,"enemies":"2 Louse","floor":1,"turns":4},{"damage":1,"enemies":"Small Slimes","floor":2,"turns":5},{"damage":1,"enemies":"Jaw Worm","floor":3,"turns":3},{"damage":0,"enemies":"Exordium Wildlife","floor":5,"turns":5},{"damage":17,"enemies":"Gremlin Nob","floor":8,"turns":5},{"damage":0,"enemies":"2 Fungi Beasts","floor":10,"turns":4},{"damage":0,"enemies":"Large Slime","floor":14,"turns":5},{"damage":48,"enemies":"Slime Boss","floor":16,"turns":12}],"seed_played":"-6391330259223084893","potions_obtained":[{"floor":1,"key":"FearPotion"},{"floor":10,"key":"SneckoOil"}],"is_trial":false,"path_per_floor":["M","M","M","?","M","R","?","E","T","M","R","?","$","M","R","B"],"character_chosen":"THE_SILENT","items_purchased":["Meat on the Bone"],"campfire_rested":2,"item_purchase_floors":[13],"current_hp_per_floor":[56,55,54,21,21,42,28,11,11,11,32,32,32,44,44,0],"gold":80,"neow_bonus":"HUNDRED_GOLD","is_prod":false,"is_daily":false,"chose_seed":false,"campfire_upgraded":1,"win_rate":0,"timestamp":1549496222,"path_taken":["M","M","M","?","M","R","?","E","T","M","R","?","$","M","R","BOSS"],"build_version":"2019-01-23","purchased_purges":0,"victory":false,"max_hp_per_floor":[70,70,70,70,70,70,70,70,70,70,70,70,70,70,70,70],"card_choices":[{"not_picked":["Riddle With Holes","Reflex"],"picked":"Cloak And Dagger","floor":1},{"not_picked":["Dodge and Roll","Deadly Poison"],"picked":"Heel Hook","floor":2},{"not_picked":["Cloak And Dagger","Flying Knee"],"picked":"Deadly Poison","floor":3},{"not_picked":["Distraction","Slice"],"picked":"Accuracy","floor":5},{"not_picked":["Poisoned Stab","Riddle With Holes"],"picked":"Sucker Punch","floor":8},{"not_picked":["Deflect","Finisher"],"picked":"Crippling Poison","floor":10},{"not_picked":["Dagger Spray","Underhanded Strike"],"picked":"Leg Sweep","floor":14}],"player_experience":287163,"relics_obtained":[{"floor":8,"key":"Blue Candle"},{"floor":9,"key":"Turnip"}],"event_choices":[{"damage_healed":0,"gold_gain":0,"player_choice":"Success","damage_taken":33,"relics_obtained":["FossilizedHelix"],"max_hp_gain":0,"max_hp_loss":0,"event_name":"Scrap Ooze","floor":4,"gold_loss":0},{"damage_healed":0,"gold_gain":0,"player_choice":"Entered Light","damage_taken":14,"max_hp_gain":0,"max_hp_loss":0,"event_name":"Shining Light","floor":7,"gold_loss":0,"cards_upgraded":["Strike_G","Cloak And Dagger"]},{"cards_removed":["Strike_G"],"damage_healed":0,"gold_gain":0,"player_choice":"Forget","damage_taken":0,"max_hp_gain":0,"max_hp_loss":0,"event_name":"Living Wall","floor":12,"gold_loss":0}],"is_beta":false,"boss_relics":[],"items_purged_floors":[],"is_endless":false,"potions_floor_spawned":[1,10],"killed_by":"Slime Boss","ascension_level":6}