{"path_per_floor":["M","$","M","M","M","E","R","E","T","R","M","M","R","?","R","B",null,"M","?","T","M","$","R","E","?","T","R","M","M","?","M","R","B",null,"M","?","M","?","?","M","M","R","T","M","M","$","M","?","R"],"character_chosen":"DEFECT","items_purchased":["Calipers","Conserve Battery","Bronze Scales","Oddly Smooth Stone"],"gold_per_floor":[363,19,35,45,61,96,96,125,125,125,143,161,161,161,161,257,257,268,268,314,330,41,41,76,76,76,76,95,111,0,16,16,120,120,133,0,13,13,13,26,44,44,44,57,74,74,86,46,46,46],"floor_reached":50,"campfire_rested":7,"playtime":2318,"item_purchase_floors":[],"current_hp_per_floor":[67,67,65,54,54,23,45,21,21,43,19,12,35,60,60,27,77,68,68,68,60,60,60,28,12,12,40,26,19,19,17,46,12,101,84,84,84,84,81,30,19,52,52,47,18,18,41,41,74,0],"items_purged":[],"gold":46,"score":526,"play_id":"d4c4d208-4c2a-42e4-b2ea-e548095c40d7","local_time":"20180604011027","is_prod":false,"is_daily":false,"chose_seed":false,"is_ascension_mode":false,"campfire_upgraded":2,"win_rate":0.0,"timestamp":1528038627,"campfire_choices":[{"floor":7.0,"key":"REST"},{"floor":10.0,"key":"REST"},{"floor":13.0,"key":"REST"},{"data":"Gash","floor":15.0,"key":"SMITH"},{"data":"Echo Form","floor":23,"key":"SMITH"},{"floor":27,"key":"REST"},{"floor":32,"key":"REST"},{"floor":42,"key":"REST"},{"floor":49,"key":"REST"}],"path_taken":["M","$","M","M","M","E","R","E","T","R","M","M","R","?","R","BOSS","M","?","?","M","$","R","E","?","T","R","M","?","?","M","R","BOSS","M","?","M","?","?","M","M","R","T","?","M","$","?","?","R","BOSS"],"build_version":"2018-05-31","seed_source_timestamp":45517008709439,"purchased_purges":0,"victory":false,"master_deck":["Strike_B","Strike_B","Strike_B","Strike_B","Defend_B","Defend_B","Defend_B","Defend_B","Zap","Dualcast","Gash+1","Conserve Battery","Gash","Conserve Battery","Chill","Reinforced Body","Echo Form+1","FTL+1","Gash","Madness","White Noise+1","Conserve Battery+1"],"max_hp_per_floor":[75,75,75,75,75,75,75,75,75,75,77,77,77,77,77,77,77,77,77,77,79,79,79,95,95,95,95,95,97,97,99,99,101,101,103,103,105,105,107,109,111,111,111,113,113,113,113,113,113,113],"relics":["Cracked Core","Calipers","Singing Bowl","Centennial Puzzle","Du-Vu Doll","Black Star","Anchor","Bronze Scales","Oddly Smooth Stone","Gambling Chip","Mango","Enchiridion","Sundial","White Beast Statue","Red Mask","Bird Faced Urn"],"card_choices":[{"not_picked":["Redo","Beam Cell"],"picked":"Gash","floor":1.0},{"not_picked":["Steam Power","Compile Driver"],"picked":"Beam Cell","floor":3.0},{"not_picked":["Compile Driver","Coolheaded"],"picked":"Gash","floor":4.0},{"not_picked":["Redo","Hyperbeam","Sunder"],"picked":"SKIP","floor":5.0},{"not_picked":["Lockon","Doom and Gloom"],"picked":"Conserve Battery","floor":6.0},{"not_picked":["Steam","Ball Lightning"],"picked":"Chill","floor":8.0},{"not_picked":["Rebound","Beam Cell","Rip and Tear"],"picked":"Singing Bowl","floor":11.0},{"not_picked":["Cold Snap","Double Energy"],"picked":"Reinforced Body","floor":12.0},{"not_picked":["Reboot","All For One"],"picked":"Echo Form","floor":16.0},{"not_picked":["Aggregate","Ball Lightning"],"picked":"FTL+1","floor":18.0},{"not_picked":["Coolheaded","Streamline","Steam"],"picked":"Singing Bowl","floor":21},{"not_picked":["Rip and Tear","Ball Lightning","Steam"],"picked":"Singing Bowl","floor":24},{"not_picked":["Seek","Force Field"],"picked":"Gash","floor":28},{"not_picked":["Consume+1","Go for the Eyes","Rip and Tear"],"picked":"Singing Bowl","floor":29},{"not_picked":["Streamline","Melter","Go for the Eyes"],"picked":"Singing Bowl","floor":31},{"not_picked":["Hyperbeam","Fission","All For One"],"picked":"Singing Bowl","floor":33},{"not_picked":["Go for the Eyes+1","Defragment+1","Steam+1"],"picked":"Singing Bowl","floor":35},{"not_picked":["Coolheaded+1","FTL","Loop"],"picked":"Singing Bowl","floor":37},{"not_picked":["Enlightenment","Trip"],"picked":"Madness","floor":39},{"not_picked":["Good Instincts","Dark Shackles","Blind"],"picked":"Singing Bowl","floor":39},{"not_picked":["Leap","Storm+1","Hologram+1"],"picked":"Singing Bowl","floor":40},{"not_picked":["Chaos+1","Rebound+1","Ball Lightning+1"],"picked":"Singing Bowl","floor":41},{"not_picked":["Hello World","Blizzard+1","Doom and Gloom"],"picked":"Singing Bowl","floor":44},{"not_picked":["Genetic Algorithm+1","Beam Cell+1"],"picked":"White Noise+1","floor":45},{"not_picked":["Hologram+1","Self Repair"],"picked":"Conserve Battery+1","floor":47}],"player_experience":309367,"potions_floor_usage":[33,33,45,45,50,50,50,50,50,50],"damage_taken":[{"damage":8.0,"enemies":"2 Louse","floor":1.0,"turns":2.0},{"damage":2.0,"enemies":"Small Slimes","floor":3.0,"turns":4.0},{"damage":11.0,"enemies":"Jaw Worm","floor":4.0,"turns":2.0},{"damage":0.0,"enemies":"Blue Slaver","floor":5.0,"turns":3.0},{"damage":31.0,"enemies":"Lagavulin","floor":6.0,"turns":6.0},{"damage":24.0,"enemies":"Gremlin Nob","floor":8.0,"turns":4.0},{"damage":26.0,"enemies":"Gremlin Gang","floor":11.0,"turns":4.0},{"damage":7.0,"enemies":"Large Slime","floor":12.0,"turns":5.0},{"damage":48.0,"enemies":"Hexaghost","floor":16.0,"turns":12.0},{"damage":9.0,"enemies":"3 Byrds","floor":18.0,"turns":6.0},{"damage":10,"enemies":"Shell Parasite","floor":21,"turns":4},{"damage":48,"enemies":"Slavers","floor":24,"turns":8},{"damage":14,"enemies":"Snecko","floor":28,"turns":6},{"damage":9,"enemies":"Snake Plant","floor":29,"turns":4},{"damage":4,"enemies":"3 Cultists","floor":31,"turns":6},{"damage":36,"enemies":"Collector","floor":33,"turns":8},{"damage":19,"enemies":"3 Darklings","floor":35,"turns":7},{"damage":2,"enemies":"3 Shapes","floor":37,"turns":6},{"damage":53,"enemies":"Maw","floor":40,"turns":8},{"damage":13,"enemies":"3 Darklings","floor":41,"turns":7},{"damage":11,"enemies":"Sphere and 2 Shapes","floor":44,"turns":7},{"damage":33,"enemies":"4 Shapes","floor":45,"turns":6},{"damage":3,"enemies":"3 Darklings","floor":47,"turns":8},{"damage":87,"enemies":"Time Eater","floor":50,"turns":14}],"relics_obtained":[{"floor":6.0,"key":"Singing Bowl"},{"floor":8.0,"key":"Centennial Puzzle"},{"floor":9.0,"key":"Du-Vu Doll"},{"floor":20.0,"key":"Anchor"},{"floor":24,"key":"Gambling Chip"},{"floor":24,"key":"Mango"},{"floor":25,"key":"Enchiridion"},{"floor":26,"key":"Sundial"},{"floor":43,"key":"Bird Faced Urn"}],"event_choices":[{"event_name":"Big Fish","player_choice":"Banana","floor":14.0,"damage_taken":0.0},{"event_name":"Fountain of Cleansing","player_choice":"Removed Curse","floor":19.0,"damage_taken":0.0},{"event_name":"Cursed Tome","player_choice":"Obtained Book","floor":25,"damage_taken":0},{"event_name":"Masked Bandits","player_choice":"Paid Bandits 111 gold","floor":30,"damage_taken":0},{"event_name":"Tomb of Lord Red Mask","player_choice":"Paid","floor":36,"damage_taken":0},{"event_name":"SensoryStone","player_choice":"Memory 2","floor":39,"damage_taken":0},{"event_name":"The Woman in Blue","player_choice":"Bought 3 Potions","floor":48,"damage_taken":0}],"boss_relics":[{"not_picked":["Snecko Eye","Calling Bell"],"picked":"White Beast Statue"}],"items_purged_floors":[],"potions_floor_spawned":[1,4,11,28,29,35,37,40,41,44,45,47],"seed_played":"8062618817180849427","killed_by":"Time Eater","ascension_level":0,"potions_obtained":[{"floor":1.0,"key":"Poison Potion"},{"floor":4.0,"key":"GamblersBrew"},{"floor":11.0,"key":"Regen Potion"},{"floor":28,"key":"Strength Potion"},{"floor":29,"key":"FearPotion"},{"floor":35,"key":"Ancient Potion"},{"floor":37,"key":"EssenceOfSteel"},{"floor":40,"key":"EssenceOfSteel"},{"floor":45,"key":"Strength Potion"},{"floor":47,"key":"GamblersBrew"},{"floor":48,"key":"EntropicBrew"}],"is_trial":false}