{"gold_per_floor":[116,291,291,311,261,261,261,288,288,1,27,41,60,60,60,160,160,184,207,234,171,181,181,198,198,221,240,240,252,152,169,169,169],"floor_reached":33,"playtime":1029,"items_purged":["Normality","Doubt"],"score":297,"play_id":"4f4b7e2d-877d-43be-a6e9-a65ae5bc998a","local_time":"20190114222035","is_ascension_mode":true,"campfire_choices":[{"data":"Zap","floor":6,"key":"SMITH"},{"floor":15,"key":"DIG"},{"data":"Creative AI","floor":23,"key":"SMITH"},{"floor":25,"key":"DIG"},{"floor":32,"key":"REST"}],"neow_cost":"NONE","seed_source_timestamp":4248336174530,"circlet_count":0,"master_deck":["Strike_B","Strike_B","Defend_B","Defend_B","Defend_B","Defend_B","Zap+1","Dualcast","Core Surge","Coolheaded","Creative AI+1","Conserve Battery","Electrodynamics","Clumsy","Force Field","Defragment"],"relics":["Cracked Core","Symbiotic Virus","Ancient Tea Set","Mercury Hourglass","Emotion Chip","Shovel","Cables","Calling Bell","MawBank","Letter Opener","Ginger","Mango","Orichalcum","FaceOfCleric"],"potions_floor_usage":[11,16,22,29],"damage_taken":[{"damage":5,"enemies":"2 Louse","floor":1,"turns":2},{"damage":0,"enemies":"Small Slimes","floor":4,"turns":3},{"damage":18,"enemies":"3 Sentries","floor":8,"turns":5},{"damage":10,"enemies":"Lagavulin","floor":11,"turns":5},{"damage":0,"enemies":"Cultist","floor":12,"turns":2},{"damage":0,"enemies":"Exordium Wildlife","floor":13,"turns":2},{"damage":33,"enemies":"Hexaghost","floor":16,"turns":10},{"damage":3,"enemies":"Chosen","floor":18,"turns":2},{"damage":12,"enemies":"3 Byrds","floor":19,"turns":2},{"damage":18,"enemies":"Centurion and Healer","floor":20,"turns":3},{"damage":11,"enemies":"Snake Plant","floor":22,"turns":4},{"damage":10,"enemies":"Snecko","floor":24,"turns":4},{"damage":13,"enemies":"Shelled Parasite and Fungi","floor":27,"turns":4},{"damage":4,"enemies":"Centurion and Healer","floor":29,"turns":5},{"damage":9,"enemies":"Sentry and Sphere","floor":31,"turns":4},{"damage":41,"enemies":"Automaton","floor":33,"turns":6}],"seed_played":"4775034530606731303","potions_obtained":[{"floor":8,"key":"PowerPotion"},{"floor":11,"key":"Poison Potion"},{"floor":13,"key":"Strength Potion"},{"floor":18,"key":"EssenceOfSteel"},{"floor":24,"key":"Strength Potion"},{"floor":27,"key":"Block Potion"}],"is_trial":false,"path_per_floor":["M","?","?","M","?","R","T","E","T","$","E","M","M","?","R","B",null,"M","M","M","$","M","R","M","R","T","M","?","M","$","M","R","B"],"character_chosen":"DEFECT","items_purchased":["Emotion Chip"],"campfire_rested":1,"item_purchase_floors":[10],"current_hp_per_floor":[70,70,70,70,70,70,70,52,52,52,42,42,42,42,42,9,75,72,60,42,42,31,31,21,35,35,22,22,19,19,11,38,0],"gold":169,"neow_bonus":"ONE_RANDOM_RARE_CARD","is_prod":false,"is_daily":false,"chose_seed":false,"campfire_upgraded":2,"win_rate":0,"timestamp":1547464835,"path_taken":["M","?","?","?","?","R","?","E","T","?","E","?","?","?","R","BOSS","M","M","M","$","M","R","M","R","T","?","?","M","$","M","R","BOSS"],"build_version":"2018-11-15","purchased_purges":2,"victory":false,"max_hp_per_floor":[75,75,75,75,75,75,75,75,75,75,75,75,75,75,75,75,75,75,75,75,75,75,75,75,89,89,89,89,90,90,91,91,91],"card_choices":[{"not_picked":["Leap","Turbo"],"picked":"Coolheaded","floor":1},{"not_picked":["Doom and Gloom","Undo","Beam Cell"],"picked":"SKIP","floor":4},{"not_picked":["Barrage","Amplify","Fusion"],"picked":"SKIP","floor":8},{"not_picked":["Coolheaded","Streamline"],"picked":"Creative AI","floor":11},{"not_picked":["Double Energy","Sweeping Beam","Redo"],"picked":"SKIP","floor":12},{"not_picked":["Undo","Rebound","Melter"],"picked":"SKIP","floor":13},{"not_picked":["Core Surge","Thunder Strike"],"picked":"Electrodynamics","floor":16},{"not_picked":["Stack","Barrage+1","Rebound"],"picked":"SKIP","floor":18},{"not_picked":["Recycle","Auto Shields","Sweeping Beam"],"picked":"SKIP","floor":19},{"not_picked":["Beam Cell+1","Gash"],"picked":"Force Field","floor":20},{"not_picked":["Leap+1","Sweeping Beam","Ball Lightning"],"picked":"SKIP","floor":22},{"not_picked":["Steam","Rebound+1","Ball Lightning"],"picked":"SKIP","floor":24},{"not_picked":["Recycle","Heatsinks","Tempest"],"picked":"SKIP","floor":27},{"not_picked":["Compile Driver","Stack"],"picked":"Defragment","floor":29},{"not_picked":["Hello World","Turbo+1","Rainbow"],"picked":"SKIP","floor":31}],"player_experience":1082853,"relics_obtained":[{"floor":7,"key":"Symbiotic Virus"},{"floor":8,"key":"Ancient Tea Set"},{"floor":9,"key":"Mercury Hourglass"},{"floor":11,"key":"Shovel"},{"floor":15,"key":"Cables"},{"floor":17,"key":"MawBank"},{"floor":17,"key":"Letter Opener"},{"floor":17,"key":"Ginger"},{"floor":25,"key":"Mango"},{"floor":26,"key":"Orichalcum"}],"event_choices":[{"damage_healed":0,"gold_gain":175,"player_choice":"AGREE","damage_taken":0,"max_hp_gain":0,"max_hp_loss":0,"event_name":"Liars Game","floor":2,"gold_loss":0,"cards_obtained":["Doubt"]},{"cards_removed":["Doubt"],"damage_healed":0,"gold_gain":0,"player_choice":"Purged","damage_taken":0,"max_hp_gain":0,"max_hp_loss":0,"event_name":"Purifier","floor":3,"gold_loss":0},{"cards_removed":["Strike_B"],"damage_healed":0,"gold_gain":0,"player_choice":"Card Removal","damage_taken":0,"max_hp_gain":0,"max_hp_loss":0,"event_name":"The Cleric","floor":5,"gold_loss":50},{"damage_healed":0,"gold_gain":0,"cards_transformed":["Strike_B"],"player_choice":"Transformed","damage_taken":0,"max_hp_gain":0,"max_hp_loss":0,"event_name":"Transmorgrifier","floor":14,"gold_loss":0,"cards_obtained":["Conserve Battery"]},{"damage_healed":0,"gold_gain":0,"player_choice":"Trade","damage_taken":0,"relics_obtained":["FaceOfCleric"],"max_hp_gain":0,"max_hp_loss":0,"event_name":"FaceTrader","floor":28,"gold_loss":0}],"is_beta":true,"boss_relics":[{"not_picked":["White Beast Statue","Eternal Feather"],"picked":"Calling Bell"}],"items_purged_floors":[21,30],"is_endless":false,"potions_floor_spawned":[8,11,13,18,24,27],"killed_by":"Automaton","ascension_level":1}