{"gold_per_floor":[116,116,266,18,18,18,52,52,52,83,95,122,210,222],"floor_reached":14,"playtime":463,"items_purged":["Doubt"],"score":211,"play_id":"20784aea-41fc-400f-8988-f7a37bae549c","local_time":"20181214163258","is_ascension_mode":true,"campfire_choices":[{"data":"Defend_R","floor":6,"key":"SMITH"},{"data":"True Grit","floor":8,"key":"SMITH"},{"data":"Reckless Charge","floor":11,"key":"SMITH"}],"neow_cost":"NONE","seed_source_timestamp":209968600742662,"circlet_count":0,"master_deck":["AscendersBane","Strike_R","Strike_R","Strike_R","Strike_R","Strike_R","Defend_R","Defend_R","Defend_R","Defend_R+1","Bash+1","True Grit+1","Reckless Charge+1","Cleave","Thunderclap"],"relics":["Burning Blood","NeowsBlessing","Golden Idol","Juzu Bracelet","Gambling Chip","MawBank","Omamori"],"potions_floor_usage":[13],"damage_taken":[{"damage":0,"enemies":"Small Slimes","floor":1,"turns":2},{"damage":0,"enemies":"3 Sentries","floor":7,"turns":2},{"damage":0,"enemies":"Jaw Worm","floor":10,"turns":1},{"damage":1,"enemies":"Cultist","floor":12,"turns":3},{"damage":40,"enemies":"Lagavulin Event","floor":13,"turns":5},{"damage":43,"enemies":"Lagavulin","floor":14,"turns":5}],"seed_played":"5551617520183049597","potions_obtained":[{"floor":10,"key":"PowerPotion"},{"floor":13,"key":"Poison Potion"}],"is_trial":false,"path_per_floor":["M","?","?","$","?","R","E","R","T","M","R","M","?","E"],"character_chosen":"IRONCLAD","items_purchased":["Juzu Bracelet"],"campfire_rested":0,"item_purchase_floors":[4],"current_hp_per_floor":[74,48,48,48,48,48,54,54,54,60,60,65,31,0],"gold":222,"neow_bonus":"THREE_ENEMY_KILL","is_prod":false,"is_daily":false,"chose_seed":false,"campfire_upgraded":3,"win_rate":0,"timestamp":1544833978,"path_taken":["M","?","?","$","?","R","E","R","T","M","R","M","?","E"],"build_version":"2018-12-13","purchased_purges":1,"victory":false,"max_hp_per_floor":[75,75,75,75,75,75,75,75,75,75,75,75,75,75],"card_choices":[{"not_picked":["Warcry","Rupture","Perfected Strike"],"picked":"SKIP","floor":1},{"not_picked":["Wild Strike","Anger"],"picked":"True Grit","floor":7},{"not_picked":["Clash","Iron Wave"],"picked":"Reckless Charge","floor":10},{"not_picked":["Sever Soul","Second Wind"],"picked":"Cleave","floor":12},{"not_picked":["Body Slam","Warcry"],"picked":"Thunderclap","floor":13}],"player_experience":1568945,"relics_obtained":[{"floor":7,"key":"Gambling Chip"},{"floor":9,"key":"MawBank"},{"floor":13,"key":"Omamori"}],"event_choices":[{"damage_healed":0,"gold_gain":0,"player_choice":"Take Damage","damage_taken":26,"relics_obtained":["Golden Idol"],"max_hp_gain":0,"max_hp_loss":0,"event_name":"Golden Idol","floor":2,"gold_loss":0},{"damage_healed":0,"gold_gain":150,"player_choice":"AGREE","damage_taken":0,"max_hp_gain":0,"max_hp_loss":0,"event_name":"Liars Game","floor":3,"gold_loss":0,"cards_obtained":["Doubt"]},{"damage_healed":0,"gold_gain":0,"player_choice":"Grow","damage_taken":0,"max_hp_gain":0,"max_hp_loss":0,"event_name":"Living Wall","floor":5,"gold_loss":0,"cards_upgraded":["Bash"]},{"damage_healed":0,"gold_gain":0,"player_choice":"Searched \u00271\u0027 times","damage_taken":0,"max_hp_gain":0,"max_hp_loss":0,"event_name":"Dead Adventurer","floor":13,"gold_loss":0}],"is_beta":false,"boss_relics":[],"items_purged_floors":[4],"is_endless":false,"potions_floor_spawned":[10,13],"killed_by":"Lagavulin","ascension_level":18}