{"gold_per_floor":[114,22,37,52,127,157,172,202,202,217,18,33,48,78,78,178,178,193,208,223,223,223,253,352,367,422,452,467,497,79,94,94,194,194,209,284,284,38,53,83,83,98,98,113,10,40,40,55,55,55],"floor_reached":51,"playtime":2027,"items_purged":["Writhe","Venomology"],"score":1266,"play_id":"b793c85b-56d6-47a0-83e8-dd7171e7cbaf","local_time":"20180820095138","daily_mods":["Brewmaster","Cursed Run","Lethality"],"is_ascension_mode":false,"campfire_choices":[{"data":"Zap","floor":15,"key":"SMITH"},{"floor":32,"key":"REST"},{"data":"Steam Power","floor":41,"key":"SMITH"},{"data":"Steam Power","floor":47,"key":"SMITH"},{"data":"Hologram","floor":49,"key":"SMITH"}],"neow_cost":"","seed_source_timestamp":0,"circlet_count":0,"master_deck":["Strike_B+1","Strike_B+1","Strike_B+1","Strike_B+1","Defend_B+1","Defend_B+1","Defend_B+1","Defend_B+1","Zap+1","Dualcast","Venomology","Venomology","Venomology","Venomology","Skim","Beam Cell","Gash","Rebound","Hologram","Double Energy","Beam Cell+1","Rebound+1","Writhe","Gash+1","Mind Blast+1","Steam Power+1","Beam Cell+1","Cold Snap+1","Decay","Biased Cognition","Gash+1","Gash+1","Go for the Eyes+1","Hologram+1","Doom and Gloom+1","BootSequence+1","Core Surge+1","Steam Power+1","Injury","All For One+1","Beam Cell+1","Regret","Dramatic Entrance+1","Flash of Steel+1","Normality","Go for the Eyes+1","Ball Lightning+1","Steam","Shame"],"special_seed":17763,"relics":["Cursed Key","Darkstone Periapt","Du-Vu Doll","White Beast Statue","Molten Egg 2","Blood Vial","Oddly Smooth Stone","Smiling Mask","Bottled Flame","Orrery","Strawberry","Tiny Chest","Singing Bowl","Bag of Marbles","Gambling Chip","Busted Crown","Vajra","Meat on the Bone","Bottled Lightning"],"potions_floor_usage":[1,3,4,4,6,6,6,6,6,6,6,6,6,6,7,8,8,8,8,10,10,10,10,10,12,12,14,14,14,16,18,18,19,20,20,23,25,25,27,29,29,33,33,33,39,39,40,42,42,42,46,46,48,50,50,50,50,50,50],"damage_taken":[{"damage":0,"enemies":"Cultist","floor":1,"turns":2},{"damage":0,"enemies":"Small Slimes","floor":3,"turns":2},{"damage":4,"enemies":"2 Louse","floor":4,"turns":2},{"damage":4,"enemies":"Lagavulin","floor":6,"turns":3},{"damage":0,"enemies":"2 Fungi Beasts","floor":7,"turns":2},{"damage":0,"enemies":"Gremlin Nob","floor":8,"turns":3},{"damage":0,"enemies":"Large Slime","floor":10,"turns":4},{"damage":0,"enemies":"3 Louse","floor":12,"turns":2},{"damage":0,"enemies":"Looter","floor":13,"turns":1},{"damage":0,"enemies":"Lagavulin","floor":14,"turns":2},{"damage":0,"enemies":"Slime Boss","floor":16,"turns":3},{"damage":0,"enemies":"Spheric Guardian","floor":18,"turns":2},{"damage":0,"enemies":"Chosen","floor":19,"turns":2},{"damage":0,"enemies":"Centurion and Healer","floor":20,"turns":2},{"damage":44,"enemies":"Gremlin Leader","floor":23,"turns":3},{"damage":0,"enemies":"Snecko","floor":25,"turns":2},{"damage":10,"enemies":"Slavers","floor":27,"turns":3},{"damage":0,"enemies":"Cultist and Chosen","floor":28,"turns":2},{"damage":0,"enemies":"Gremlin Leader","floor":29,"turns":2},{"damage":0,"enemies":"Centurion and Healer","floor":31,"turns":1},{"damage":0,"enemies":"Collector","floor":33,"turns":4},{"damage":0,"enemies":"Orb Walker","floor":35,"turns":1},{"damage":0,"enemies":"3 Darklings","floor":39,"turns":1},{"damage":4,"enemies":"2 Orb Walkers","floor":40,"turns":2},{"damage":0,"enemies":"Spire Growth","floor":42,"turns":2},{"damage":0,"enemies":"Sphere and 2 Shapes","floor":44,"turns":1},{"damage":0,"enemies":"Giant Head","floor":46,"turns":2},{"damage":13,"enemies":"Jaw Worm Horde","floor":48,"turns":2},{"damage":60,"enemies":"Awakened One","floor":50,"turns":6}],"seed_played":"2261956990400884625","potions_obtained":[{"floor":1,"key":"GamblersBrew"},{"floor":3,"key":"Regen Potion"},{"floor":4,"key":"Explosive Potion"},{"floor":6,"key":"Energy Potion"},{"floor":7,"key":"PowerPotion"},{"floor":8,"key":"Explosive Potion"},{"floor":10,"key":"Swift Potion"},{"floor":12,"key":"Swift Potion"},{"floor":14,"key":"Poison Potion"},{"floor":16,"key":"Block Potion"},{"floor":19,"key":"AttackPotion"},{"floor":20,"key":"Swift Potion"},{"floor":25,"key":"Strength Potion"},{"floor":27,"key":"FocusPotion"},{"floor":28,"key":"PowerPotion"},{"floor":29,"key":"Poison Potion"},{"floor":33,"key":"GamblersBrew"},{"floor":39,"key":"Fruit Juice"},{"floor":40,"key":"Swift Potion"},{"floor":42,"key":"GamblersBrew"},{"floor":46,"key":"Explosive Potion"}],"is_trial":false,"path_per_floor":["M","$","M","M","T","E","M","E","T","M","$","M","M","E","R","B",null,"M","M","M","?","?","E","?","M","T","E","M","E","$","M","R","B",null,"M","?","?","$","M","E","R","M","T","M","$","E","R","M","R","B"],"character_chosen":"DEFECT","items_purchased":["Beam Cell","Gash","Gash+1","Mind Blast+1","All For One+1","Gambling Chip","Vajra","Flash of Steel+1","Ball Lightning+1","Steam"],"campfire_rested":1,"item_purchase_floors":[2,2,11,11,30,30,38,38,45,45],"current_hp_per_floor":[75,75,75,71,77,73,75,77,83,85,85,87,87,87,87,93,93,93,93,93,93,93,56,56,58,64,58,62,66,66,68,101,111,120,122,110,104,104,113,113,113,117,123,125,125,129,129,120,120,80],"gold":55,"neow_bonus":"","is_prod":false,"is_daily":true,"chose_seed":false,"campfire_upgraded":4,"win_rate":0,"timestamp":1534751498,"path_taken":["M","$","M","M","?","E","M","E","T","M","$","M","?","E","R","BOSS","M","M","?","?","?","E","?","M","T","E","?","E","$","M","R","BOSS","M","?","?","$","?","E","R","M","T","M","$","E","R","M","R","BOSS"],"build_version":"2018-08-16","purchased_purges":2,"victory":true,"max_hp_per_floor":[75,75,75,75,81,81,81,81,87,87,87,87,87,87,87,93,93,93,93,93,93,93,100,100,100,106,108,110,112,112,112,112,120,120,122,122,126,126,133,135,135,137,143,143,143,145,145,147,147,153],"card_choices":[{"not_picked":["Coolheaded","Blizzard"],"picked":"Skim","floor":1},{"not_picked":["Reinforced Body","Stack"],"picked":"Rebound","floor":3},{"not_picked":["Leap","Ball Lightning"],"picked":"Hologram","floor":4},{"not_picked":["Melter+1","Doom and Gloom+1"],"picked":"Double Energy","floor":6},{"not_picked":["Glacier","Meteor Strike+1"],"picked":"Beam Cell+1","floor":7},{"not_picked":["Storm","Doom and Gloom+1"],"picked":"Rebound+1","floor":8},{"not_picked":["Storm","Leap","Streamline+1"],"picked":"SKIP","floor":10},{"not_picked":["Coolheaded","Streamline+1"],"picked":"Steam Power","floor":12},{"not_picked":["Reinforced Body","Skim"],"picked":"Beam Cell+1","floor":13},{"not_picked":["Redo","Steam"],"picked":"Cold Snap+1","floor":14},{"not_picked":["Amplify","Hyperbeam+1"],"picked":"Biased Cognition","floor":16},{"not_picked":["Conserve Battery","Rip and Tear+1"],"picked":"Gash+1","floor":17},{"not_picked":["Double Energy","Beam Cell+1"],"picked":"Gash+1","floor":17},{"not_picked":["Compile Driver+1","Cold Snap+1"],"picked":"Go for the Eyes+1","floor":17},{"not_picked":["Rip and Tear+1","Steam"],"picked":"Hologram","floor":17},{"not_picked":["Redo","Reinforced Body"],"picked":"Doom and Gloom+1","floor":17},{"not_picked":["Coolheaded+1","Steam+1"],"picked":"BootSequence+1","floor":18},{"not_picked":["Go for the Eyes+1","Tempest","Doom and Gloom+1"],"picked":"SKIP","floor":19},{"not_picked":["Barrage+1","Sweeping Beam+1","Storm+1"],"picked":"SKIP","floor":20},{"not_picked":["Fusion","Rip and Tear+1"],"picked":"Steam Power","floor":23},{"not_picked":["Hello World","Static Discharge","Compile Driver+1"],"picked":"SKIP","floor":25},{"not_picked":["Buffer","Thunder Strike+1","Cold Snap+1"],"picked":"Singing Bowl","floor":27},{"not_picked":["Coolheaded","Go for the Eyes+1","Genetic Algorithm"],"picked":"Singing Bowl","floor":28},{"not_picked":["Capacitor","Streamline+1","Beam Cell+1"],"picked":"Singing Bowl","floor":29},{"not_picked":["Rebound+1","Force Field+1"],"picked":"Beam Cell+1","floor":31},{"not_picked":["Creative AI","Meteor Strike+1","Electrodynamics"],"picked":"Singing Bowl","floor":33},{"not_picked":["Auto Shields+1"],"picked":"Singing Bowl","floor":35},{"not_picked":[],"picked":"Dramatic Entrance+1","floor":37},{"not_picked":["Trip"],"picked":"Singing Bowl","floor":37},{"not_picked":["Madness"],"picked":"Singing Bowl","floor":37},{"not_picked":["Beam Cell+1"],"picked":"Singing Bowl","floor":39},{"not_picked":["Leap+1"],"picked":"Singing Bowl","floor":40},{"not_picked":["Melter+1"],"picked":"Singing Bowl","floor":42},{"not_picked":[],"picked":"Go for the Eyes+1","floor":44},{"not_picked":["Beam Cell+1"],"picked":"Singing Bowl","floor":46},{"not_picked":["Self Repair+1"],"picked":"Singing Bowl","floor":48}],"player_experience":22132,"relics_obtained":[{"floor":5,"key":"Molten Egg 2"},{"floor":6,"key":"Blood Vial"},{"floor":8,"key":"Oddly Smooth Stone"},{"floor":9,"key":"Smiling Mask"},{"floor":14,"key":"Bottled Flame"},{"floor":23,"key":"Strawberry"},{"floor":26,"key":"Tiny Chest"},{"floor":27,"key":"Singing Bowl"},{"floor":29,"key":"Bag of Marbles"},{"floor":40,"key":"Meat on the Bone"},{"floor":43,"key":"Bottled Lightning"}],"event_choices":[{"event_name":"The Library","player_choice":"Read","floor":21,"damage_taken":0},{"event_name":"Back to Basics","player_choice":"Simplicity","floor":22,"damage_taken":0},{"event_name":"Nest","player_choice":"Stole From Cult","floor":24,"damage_taken":0},{"event_name":"FaceTrader","player_choice":"Touch","floor":36,"damage_taken":0},{"event_name":"SensoryStone","player_choice":"Memory 3","floor":37,"damage_taken":0}],"is_beta":true,"boss_relics":[{"not_picked":["Ectoplasm","Tiny House"],"picked":"Orrery"},{"not_picked":["Inserter","Pandora\u0027s Box"],"picked":"Busted Crown"}],"items_purged_floors":[11,30],"is_endless":false,"potions_floor_spawned":[1,3,4,6,7,8,10,12,13,14,16,18,19,20,23,25,27,28,29,31,33,35,39,40,42,44,46,48],"ascension_level":0}