{"gold_per_floor":[119,138,164,180,97,126,126,153,153,179,197,217,62,395,395,472,472,492,492,492,492,17,17,43,43,92,136,209,231,270,296,308,394,406,430,461,131,181,192,206,272,287,312,340,390,19,19,31,31,31,31,31,31,31,57,57],"floor_reached":56,"playtime":2970,"items_purged":["Defend_R","Strike_R","Strike_R","Parasite"],"score":2149,"play_id":"409dafcc-bdfd-4bbd-bab6-5babfb963111","local_time":"20181209230842","is_ascension_mode":true,"campfire_choices":[{"floor":7.0,"key":"REST"},{"data":"True Grit","floor":15.0,"key":"SMITH"},{"floor":23.0,"key":"REST"},{"data":"Demon Form","floor":32,"key":"SMITH"},{"floor":47,"key":"RECALL"},{"data":"Dark Embrace","floor":49,"key":"SMITH"},{"data":"Warcry","floor":53,"key":"SMITH"}],"neow_cost":"TEN_PERCENT_HP_LOSS","seed_source_timestamp":0,"circlet_count":0,"master_deck":["AscendersBane","Defend_R","Bash","Transmutation+1","Finesse","Pommel Strike","Cleave","Offering","Demon Form+1","True Grit+1","Havoc+1","Bludgeon","Reaper","Warcry+1","Dark Embrace+1","Rage+1","Exhume+1","Body Slam+1","Armaments+1","Ghostly Armor","Flame Barrier","Necronomicurse","Sentinel","Burning Pact+1","Double Tap","Heavy Blade+1","Headbutt+1","Uppercut+1","Reaper+1","Pommel Strike+1","True Grit+1","Feel No Pain","Impervious"],"special_seed":0,"relics":["Burning Blood","Anchor","Potion Belt","Bronze Scales","Question Card","Odd Mushroom","Old Coin","Astrolabe","Necronomicon","Magic Flower","Blood Vial","SsserpentHead","MawBank","Molten Egg 2","War Paint","Mark of Pain","OrangePellets","Oddly Smooth Stone","Toolbox","Peace Pipe"],"potions_floor_usage":[30,39,44,44,50,50,50,56],"damage_taken":[{"damage":10.0,"enemies":"Cultist","floor":1.0,"turns":4.0},{"damage":14.0,"enemies":"2 Louse","floor":2.0,"turns":3.0},{"damage":7.0,"enemies":"Jaw Worm","floor":4.0,"turns":3.0},{"damage":24.0,"enemies":"3 Sentries","floor":6.0,"turns":4.0},{"damage":14.0,"enemies":"Gremlin Nob","floor":8.0,"turns":4.0},{"damage":14.0,"enemies":"The Mushroom Lair","floor":10.0,"turns":2.0},{"damage":6.0,"enemies":"Large Slime","floor":11.0,"turns":4.0},{"damage":0.0,"enemies":"Exordium Wildlife","floor":12.0,"turns":2.0},{"damage":6.0,"enemies":"Lagavulin","floor":14.0,"turns":4.0},{"damage":58.0,"enemies":"Slime Boss","floor":16.0,"turns":8.0},{"damage":27.0,"enemies":"Shell Parasite","floor":18.0,"turns":5.0},{"damage":12.0,"enemies":"Gremlin Leader","floor":24.0,"turns":4.0},{"damage":37.0,"enemies":"Slavers","floor":27.0,"turns":6.0},{"damage":9.0,"enemies":"Spheric Guardian","floor":28.0,"turns":4.0},{"damage":40.0,"enemies":"Centurion and Healer","floor":29.0,"turns":5.0},{"damage":35,"enemies":"Gremlin Leader","floor":30,"turns":3},{"damage":25,"enemies":"Cultist and Chosen","floor":31,"turns":4},{"damage":28,"enemies":"Champ","floor":33,"turns":6},{"damage":45,"enemies":"3 Darklings","floor":35,"turns":5},{"damage":12,"enemies":"Orb Walker","floor":36,"turns":2},{"damage":28,"enemies":"Sphere and 2 Shapes","floor":39,"turns":4},{"damage":26,"enemies":"4 Shapes","floor":40,"turns":9},{"damage":22,"enemies":"Writhing Mass","floor":41,"turns":6},{"damage":12,"enemies":"Maw","floor":42,"turns":6},{"damage":12,"enemies":"Giant Head","floor":44,"turns":4},{"damage":40,"enemies":"Jaw Worm Horde","floor":48,"turns":5},{"damage":73,"enemies":"Donu and Deca","floor":50,"turns":8},{"damage":88,"enemies":"Awakened One","floor":51,"turns":10},{"damage":131,"enemies":"Shield and Spear","floor":55,"turns":8},{"damage":117,"enemies":"The Heart","floor":56,"turns":6}],"seed_played":"-3610392794170342008","potions_obtained":[{"floor":2.0,"key":"SkillPotion"},{"floor":4.0,"key":"Energy Potion"},{"floor":8.0,"key":"EntropicBrew"},{"floor":11.0,"key":"SkillPotion"},{"floor":16.0,"key":"SpeedPotion"},{"floor":24.0,"key":"SkillPotion"},{"floor":27.0,"key":"AttackPotion"},{"floor":28.0,"key":"Block Potion"},{"floor":31,"key":"Strength Potion"},{"floor":33,"key":"LiquidBronze"},{"floor":35,"key":"SkillPotion"},{"floor":36,"key":"SkillPotion"},{"floor":42,"key":"Block Potion"},{"floor":48,"key":"Swift Potion"},{"floor":55,"key":"AttackPotion"}],"is_trial":false,"path_per_floor":["M","M","T","M","$","E","R","E","T","?","M","M","$","E","R","B",null,"M","?","?","?","$","R","E","?","T","E","M","M","E","M","R","B",null,"M","M","$","?","M","M","M","M","T","E","?","$","R","M","R","B","B",null,"R","$","E","B"],"character_chosen":"IRONCLAD","items_purchased":["Offering","Reaper","Magic Flower","Sentinel","OrangePellets","Toolbox"],"campfire_rested":2,"item_purchase_floors":[5,13,22,22,37,46],"current_hp_per_floor":[64,56,56,55,55,37,57,49,49,41,41,47,47,47,47,19,56,57,38,38,17,17,38,67,67,67,64,67,73,59,58,58,72,73,73,70,70,66,54,73,73,73,73,70,70,70,70,69,69,70,58,67,67,67,27,0],"gold":57,"neow_bonus":"RANDOM_COLORLESS_2","is_prod":false,"is_daily":false,"chose_seed":false,"campfire_upgraded":4,"win_rate":0,"timestamp":1544422122,"path_taken":["M","M","?","M","?","E","R","E","T","?","M","?","$","E","R","BOSS","M","?","?","?","$","R","E","?","T","E","?","M","E","M","R","BOSS","M","M","$","?","M","M","?","M","T","E","?","$","R","M","R","BOSS","BOSS","R","$","E","BOSS"],"build_version":"2018-12-06","purchased_purges":4,"victory":false,"max_hp_per_floor":[68,68,68,68,68,68,68,68,68,68,68,68,68,68,68,68,68,68,73,73,73,73,73,73,73,73,73,73,73,73,73,73,73,73,73,73,73,73,73,73,73,73,73,73,73,70,70,70,70,70,70,70,70,70,70,70],"card_choices":[{"not_picked":["Evolve","Combust","Heavy Blade"],"picked":"SKIP","floor":1.0},{"not_picked":["Body Slam","Wild Strike"],"picked":"Pommel Strike","floor":2.0},{"not_picked":["Spot Weakness","Anger"],"picked":"Cleave","floor":4.0},{"not_picked":["Twin Strike","Pommel Strike"],"picked":"Demon Form","floor":6.0},{"not_picked":["Clash","Reckless Charge"],"picked":"Metallicize","floor":8.0},{"not_picked":["Cleave","Pommel Strike","Anger"],"picked":"True Grit","floor":10.0},{"not_picked":["Clothesline","Twin Strike","Clash"],"picked":"Havoc","floor":11.0},{"not_picked":["Clothesline","Ghostly Armor","Sword Boomerang"],"picked":"Bludgeon","floor":12.0},{"not_picked":["Fire Breathing","Headbutt","Sword Boomerang"],"picked":"Warcry","floor":14.0},{"not_picked":["Reaper","Immolate","Double Tap"],"picked":"Dark Embrace","floor":16.0},{"not_picked":["True Grit","Whirlwind+1","Heavy Blade+1"],"picked":"Armaments+1","floor":18.0},{"not_picked":["Headbutt","Iron Wave+1","Berserk"],"picked":"Burning Pact+1","floor":24.0},{"not_picked":["Armaments","Inflame","Dropkick"],"picked":"Double Tap","floor":27.0},{"not_picked":["Clash+1","Anger+1","Fire Breathing"],"picked":"Heavy Blade+1","floor":28.0},{"not_picked":["Iron Wave+1","Clothesline+1","Blood for Blood+1"],"picked":"Headbutt+1","floor":29.0},{"not_picked":["Anger+1","Sever Soul+1","Body Slam+1","Ghostly Armor"],"picked":"SKIP","floor":30},{"not_picked":["Flame Barrier","Clash+1","Shrug It Off"],"picked":"Uppercut+1","floor":31},{"not_picked":["Impervious","Brutality","Berserk"],"picked":"Reaper+1","floor":33},{"not_picked":["Reckless Charge+1","Warcry+1","Perfected Strike+1"],"picked":"Pommel Strike+1","floor":35},{"not_picked":["Warcry","Twin Strike+1","Burning Pact"],"picked":"True Grit+1","floor":36},{"not_picked":["Warcry","Havoc+1","Uppercut+1"],"picked":"Feel No Pain","floor":39},{"not_picked":["Flex","Dual Wield","Warcry","Clash+1"],"picked":"SKIP","floor":40},{"not_picked":["Heavy Blade+1","Inflame","Wild Strike+1","Headbutt+1"],"picked":"SKIP","floor":41},{"not_picked":["Flex","Combust","Clothesline+1","Twin Strike+1"],"picked":"SKIP","floor":42},{"not_picked":["Metallicize","Reckless Charge+1","Brutality"],"picked":"Impervious","floor":44},{"not_picked":["Spot Weakness","Flame Barrier","Havoc","Fire Breathing"],"picked":"SKIP","floor":48},{"not_picked":["Anger+1","Wild Strike+1","Headbutt+1","Cleave+1"],"picked":"SKIP","floor":55}],"player_experience":569499,"relics_obtained":[{"floor":3.0,"key":"Anchor"},{"floor":6.0,"key":"Potion Belt"},{"floor":8.0,"key":"Bronze Scales"},{"floor":9.0,"key":"Question Card"},{"floor":10.0,"key":"Odd Mushroom"},{"floor":14.0,"key":"Old Coin"},{"floor":21.0,"key":"Necronomicon"},{"floor":24.0,"key":"Blood Vial"},{"floor":26.0,"key":"MawBank"},{"floor":27.0,"key":"Molten Egg 2"},{"floor":30,"key":"War Paint"},{"floor":44,"key":"Oddly Smooth Stone"},{"floor":55,"key":"Peace Pipe"}],"event_choices":[{"damage_healed":0.0,"max_hp_gain":0.0,"max_hp_loss":0.0,"gold_gain":0.0,"event_name":"Mushrooms","player_choice":"Fought Mushrooms","floor":10.0,"gold_loss":0.0,"damage_taken":0.0},{"damage_healed":0.0,"max_hp_gain":5.0,"max_hp_loss":0.0,"gold_gain":0.0,"event_name":"Forgotten Altar","player_choice":"Shed Blood","floor":19.0,"gold_loss":0.0,"damage_taken":24.0},{"damage_healed":0.0,"max_hp_gain":0.0,"max_hp_loss":0.0,"gold_gain":0.0,"cards_transformed":["Strike_R","Defend_R"],"event_name":"Drug Dealer","player_choice":"Became Test Subject","floor":20.0,"gold_loss":0.0,"damage_taken":0.0,"cards_obtained":["Ghostly Armor","Flame Barrier"]},{"damage_healed":0.0,"max_hp_gain":0.0,"max_hp_loss":0.0,"gold_gain":0.0,"event_name":"Cursed Tome","player_choice":"Obtained Book","floor":21.0,"gold_loss":0.0,"damage_taken":21.0},{"damage_healed":0.0,"max_hp_gain":0.0,"max_hp_loss":0.0,"gold_gain":0.0,"event_name":"FaceTrader","player_choice":"Trade","floor":25.0,"gold_loss":0.0,"damage_taken":0.0,"relics_obtained":["SsserpentHead"]},{"damage_healed":0,"gold_gain":0,"player_choice":"Bought 0 Potions","damage_taken":0,"max_hp_gain":0,"max_hp_loss":0,"event_name":"The Woman in Blue","floor":38,"gold_loss":0},{"cards_removed":["Metallicize"],"damage_healed":0,"gold_gain":0,"player_choice":"Removed Power","damage_taken":0,"max_hp_gain":0,"max_hp_loss":0,"event_name":"Falling","floor":45,"gold_loss":0}],"is_beta":false,"boss_relics":[{"not_picked":["Black Blood","Snecko Eye"],"picked":"Astrolabe"},{"not_picked":["Tiny House","Runic Cube"],"picked":"Mark of Pain"}],"items_purged_floors":[13,22,37,46],"is_endless":false,"potions_floor_spawned":[2,4,8,11,12,16,24,27,28,31,33,35,36,42,48,55],"killed_by":"The Heart","ascension_level":20}