{"gold_per_floor":[114,130,143,155,155,155,182,182,259,259,274,308,483,35,35,136,136,150,160,177,190,190,217,217,245,316,329,329,361,54,54,54,155,155,166,179,191,191,191,191,208,234,271,311,323,348,24,56,56,56],"floor_reached":50,"playtime":2410,"items_purged":["Strike_G","Eviscerate"],"score":971,"play_id":"33a2996b-1652-4ce2-8393-0aa47ecc2985","local_time":"20180804211206","is_ascension_mode":true,"campfire_choices":[{"data":"Neutralize","floor":6,"key":"SMITH"},{"data":"Prepared","floor":8,"key":"SMITH"},{"floor":15,"key":"REST"},{"data":"Finisher","floor":24,"key":"SMITH"},{"floor":28,"key":"REST"},{"data":"Accuracy","floor":32,"key":"SMITH"},{"floor":40,"key":"REST"},{"data":"Accuracy","floor":45,"key":"SMITH"},{"floor":49,"key":"REST"}],"neow_cost":"NONE","seed_source_timestamp":403171975018,"circlet_count":0,"master_deck":["Survivor+1","Neutralize+1","Slice","Heel Hook","Blade Dance+1","Prepared+1","Slice","Adrenaline+1","Quick Slash","Sucker Punch","Finisher+1","Flying Knee","Acrobatics+1","Dodge and Roll+1","Underhanded Strike","Dodge and Roll+1","Backstab","Deflect+1","Cloak And Dagger+1","Blade Dance+1","Distraction+1","Accuracy+1","Flash of Steel","Escape Plan+1","Accuracy+1","Cloak And Dagger+1","PiercingWail+1","Dodge and Roll+1","Flying Knee","Dagger Throw","Deflect+1","Cloak And Dagger+1","Terror+1","Cloak And Dagger+1","Slice","Cloak And Dagger+1","Escape Plan+1"],"relics":["WristBlade","Dead Branch","Dodecahedron","Omamori","Toxic Egg 2","Pandora\u0027s Box","War Paint","Thread and Needle","Shuriken","Mercury Hourglass","Orrery","MawBank","Potion Belt","Matryoshka","Gremlin Horn","Anchor"],"potions_floor_usage":[7,7,16,23,27,27,29,33,38,48,50,50,50],"damage_taken":[{"damage":0,"enemies":"2 Louse","floor":1,"turns":3},{"damage":0,"enemies":"Jaw Worm","floor":2,"turns":3},{"damage":1,"enemies":"Small Slimes","floor":3,"turns":3},{"damage":0,"enemies":"Exordium Wildlife","floor":4,"turns":5},{"damage":0,"enemies":"3 Sentries","floor":7,"turns":6},{"damage":10,"enemies":"Lots of Slimes","floor":11,"turns":2},{"damage":14,"enemies":"Gremlin Nob","floor":12,"turns":4},{"damage":0,"enemies":"Hexaghost","floor":16,"turns":7},{"damage":0,"enemies":"Spheric Guardian","floor":18,"turns":1},{"damage":0,"enemies":"2 Thieves","floor":19,"turns":1},{"damage":0,"enemies":"Sentry and Sphere","floor":20,"turns":2},{"damage":0,"enemies":"3 Cultists","floor":21,"turns":2},{"damage":7,"enemies":"Slavers","floor":23,"turns":2},{"damage":12,"enemies":"Book of Stabbing","floor":25,"turns":3},{"damage":0,"enemies":"Snake Plant","floor":27,"turns":2},{"damage":0,"enemies":"Slavers","floor":29,"turns":2},{"damage":13,"enemies":"Collector","floor":33,"turns":4},{"damage":0,"enemies":"3 Shapes","floor":35,"turns":1},{"damage":0,"enemies":"Orb Walker","floor":36,"turns":1},{"damage":24,"enemies":"Sphere and 2 Shapes","floor":37,"turns":3},{"damage":0,"enemies":"3 Darklings","floor":38,"turns":1},{"damage":0,"enemies":"Flame Bruiser 2 Orb","floor":41,"turns":2},{"damage":0,"enemies":"Giant Head","floor":44,"turns":2},{"damage":0,"enemies":"Maw","floor":46,"turns":4},{"damage":0,"enemies":"Nemesis","floor":48,"turns":3},{"damage":70,"enemies":"Time Eater","floor":50,"turns":5}],"seed_played":"5040537102979412889","potions_obtained":[{"floor":3,"key":"Block Potion"},{"floor":4,"key":"SpeedPotion"},{"floor":11,"key":"SmokeBomb"},{"floor":19,"key":"SkillPotion"},{"floor":20,"key":"Fire Potion"},{"floor":27,"key":"PowerPotion"},{"floor":29,"key":"Weak Potion"},{"floor":36,"key":"FearPotion"},{"floor":44,"key":"SkillPotion"},{"floor":46,"key":"Explosive Potion"}],"is_trial":false,"path_per_floor":["M","M","M","M","?","R","E","R","T","?","M","E","?","$","R","B",null,"M","M","M","M","?","E","R","E","T","M","R","E","$","?","R","B",null,"M","M","M","M","?","R","M","T","T","E","R","M","$","E","R"],"character_chosen":"THE_SILENT","items_purchased":["Toxic Egg 2","Quick Slash","PowerPotion","Sucker Punch","Flash of Steel","Escape Plan+1","Accuracy","Gremlin Horn","Strength Potion","Cloak And Dagger+1"],"campfire_rested":4,"item_purchase_floors":[14,14,14,14,30,30,30,47,47,47],"current_hp_per_floor":[70,70,69,69,69,69,69,69,69,55,45,31,31,31,52,52,70,70,70,70,70,70,63,63,51,51,51,70,70,70,63,63,50,70,70,70,46,46,46,67,67,67,67,67,67,67,67,67,70,0],"gold":56,"neow_bonus":"BOSS_RELIC","is_prod":false,"is_daily":false,"chose_seed":false,"campfire_upgraded":5,"win_rate":0,"timestamp":1533409926,"path_taken":["M","M","M","M","?","R","E","R","T","?","M","E","?","$","R","BOSS","M","?","M","M","?","E","R","E","T","M","R","E","$","?","R","BOSS","M","M","M","?","?","R","M","?","T","E","R","M","$","E","R","BOSS"],"build_version":"2018-08-01","purchased_purges":2,"victory":false,"max_hp_per_floor":[70,70,70,70,70,70,70,70,70,70,70,70,70,70,70,70,70,70,70,70,70,70,70,70,70,70,70,70,70,70,70,70,70,70,70,70,70,70,70,70,70,70,70,70,70,70,70,70,70,70],"card_choices":[{"not_picked":["Blade Dance","Deflect"],"picked":"Slice","floor":1},{"not_picked":["Dodge and Roll","Noxious Fumes","Grand Finale"],"picked":"SKIP","floor":2},{"not_picked":["Blur","Tactician"],"picked":"Heel Hook","floor":3},{"not_picked":["Caltrops","Crippling Poison"],"picked":"Blade Dance","floor":4},{"not_picked":["Poisoned Stab","Grand Finale"],"picked":"Prepared","floor":7},{"not_picked":["Setup","Blur"],"picked":"Slice","floor":11},{"not_picked":["Dagger Throw","Distraction"],"picked":"Adrenaline","floor":12},{"not_picked":["Caltrops","Dagger Spray"],"picked":"Cloak And Dagger+1","floor":18},{"not_picked":["Leg Sweep+1","Acrobatics+1","Malaise+1"],"picked":"SKIP","floor":19},{"not_picked":["Sucker Punch","Outmaneuver+1","Backflip+1"],"picked":"SKIP","floor":20},{"not_picked":["Deflect+1","Leg Sweep+1"],"picked":"Blade Dance+1","floor":21},{"not_picked":["Riddle With Holes+1","Wraith Form v2"],"picked":"Distraction+1","floor":23},{"not_picked":["Dagger Spray","Acrobatics+1","Grand Finale"],"picked":"SKIP","floor":25},{"not_picked":["Quick Slash","Acrobatics+1","Underhanded Strike+1"],"picked":"SKIP","floor":27},{"not_picked":["Quick Slash","Eviscerate"],"picked":"Accuracy","floor":29},{"not_picked":["Well Laid Plans","Expertise+1"],"picked":"Cloak And Dagger+1","floor":34},{"not_picked":["Calculated Gamble+1","Dagger Throw"],"picked":"PiercingWail+1","floor":34},{"not_picked":["Flying Knee+1","Bane"],"picked":"Dodge and Roll+1","floor":34},{"not_picked":["Riddle With Holes","Poisoned Stab"],"picked":"Flying Knee","floor":34},{"not_picked":["Acrobatics+1","Bane"],"picked":"Dagger Throw","floor":34},{"not_picked":["Poisoned Stab+1","Flying Knee+1"],"picked":"Deflect+1","floor":35},{"not_picked":["Prepared+1","Bouncing Flask+1"],"picked":"Cloak And Dagger+1","floor":36},{"not_picked":["Sucker Punch+1","Blur+1"],"picked":"Terror+1","floor":37},{"not_picked":["All Out Attack","Bouncing Flask+1"],"picked":"Cloak And Dagger+1","floor":41},{"not_picked":["Expertise+1","Die Die Die"],"picked":"Slice","floor":44},{"not_picked":["Acrobatics+1","Calculated Gamble+1","Dagger Spray"],"picked":"SKIP","floor":46},{"not_picked":["Noxious Fumes+1","Bouncing Flask+1"],"picked":"Escape Plan+1","floor":48}],"player_experience":367279,"relics_obtained":[{"floor":7,"key":"Dead Branch"},{"floor":9,"key":"Dodecahedron"},{"floor":12,"key":"Omamori"},{"floor":23,"key":"War Paint"},{"floor":25,"key":"Thread and Needle"},{"floor":26,"key":"Shuriken"},{"floor":29,"key":"Mercury Hourglass"},{"floor":42,"key":"MawBank"},{"floor":43,"key":"Potion Belt"},{"floor":44,"key":"Matryoshka"},{"floor":48,"key":"Anchor"}],"event_choices":[{"event_name":"Living Wall","player_choice":"Grow","floor":5,"damage_taken":0},{"event_name":"Shining Light","player_choice":"Entered Light","floor":10,"damage_taken":0},{"event_name":"Liars Game","player_choice":"agreed","floor":13,"damage_taken":0},{"event_name":"Ghosts","player_choice":"Ignored","floor":22,"damage_taken":0},{"event_name":"Wheel of Change","player_choice":"Damage","floor":31,"damage_taken":0},{"event_name":"NoteForYourself","player_choice":"Ignored","floor":39,"damage_taken":0}],"is_beta":true,"boss_relics":[{"not_picked":["HoveringKite","Coffee Dripper"],"picked":"Pandora\u0027s Box"},{"not_picked":["Eternal Feather","Snecko Eye"],"picked":"Orrery"}],"items_purged_floors":[14,30],"is_endless":false,"potions_floor_spawned":[3,4,11,19,20,27,29,36,38,44,46],"killed_by":"Time Eater","ascension_level":4}