{"gold_per_floor":[112,112,135,148,171,171,212,29,29,45,45,64,64,85,85,178,178,192,205,205],"floor_reached":20,"playtime":809,"items_purged":[],"score":356,"play_id":"99f84cc9-a43c-4d8a-a966-9493a89064e9","local_time":"20181111234833","is_ascension_mode":true,"campfire_choices":[{"data":"Wild Strike","floor":6,"key":"SMITH"},{"floor":11,"key":"REST"},{"data":"Rampage","floor":15,"key":"SMITH"}],"neow_cost":"NONE","seed_source_timestamp":701067694883926,"circlet_count":0,"master_deck":["AscendersBane","Strike_R","Strike_R","Strike_R","Strike_R","Strike_R","Defend_R","Defend_R","Defend_R","Defend_R","Bash+1","Headbutt","Wild Strike+1","Shrug It Off","Battle Trance","Feed","Thinking Ahead+1","Rampage+1","Power Through","Ghostly Armor","Immolate"],"relics":["Burning Blood","Golden Idol","Frozen Egg 2","Thread and Needle","Philosopher\u0027s Stone"],"potions_floor_usage":[7,16,16,20],"damage_taken":[{"damage":6,"enemies":"2 Louse","floor":1,"turns":3},{"damage":15,"enemies":"Small Slimes","floor":3,"turns":3},{"damage":1,"enemies":"Cultist","floor":4,"turns":3},{"damage":11,"enemies":"Blue Slaver","floor":5,"turns":4},{"damage":27,"enemies":"Lagavulin","floor":7,"turns":7},{"damage":0,"enemies":"Large Slime","floor":10,"turns":4},{"damage":5,"enemies":"Exordium Thugs","floor":12,"turns":5},{"damage":0,"enemies":"2 Fungi Beasts","floor":14,"turns":3},{"damage":33,"enemies":"Slime Boss","floor":16,"turns":8},{"damage":23,"enemies":"Chosen","floor":18,"turns":7},{"damage":56,"enemies":"3 Byrds","floor":19,"turns":6},{"damage":7,"enemies":"Snecko","floor":20,"turns":3}],"seed_played":"4749542582091886044","potions_obtained":[{"floor":1,"key":"BloodPotion"},{"floor":5,"key":"Strength Potion"},{"floor":10,"key":"SteroidPotion"},{"floor":14,"key":"SteroidPotion"},{"floor":19,"key":"GamblersBrew"}],"is_trial":false,"path_per_floor":["M","?","M","M","M","R","E","$","T","M","R","M","?","M","R","B",null,"M","M","M"],"character_chosen":"IRONCLAD","items_purchased":["Thinking Ahead"],"campfire_rested":1,"item_purchase_floors":[8],"current_hp_per_floor":[68,42,33,38,33,33,12,12,12,21,44,48,48,57,57,30,71,54,7,0],"gold":205,"neow_bonus":"UPGRADE_CARD","is_prod":false,"is_daily":false,"chose_seed":false,"campfire_upgraded":2,"win_rate":0,"timestamp":1542008913,"path_taken":["M","?","M","M","M","R","E","$","T","M","R","M","?","M","R","BOSS","M","M","M"],"build_version":"2018-11-08","purchased_purges":0,"victory":false,"max_hp_per_floor":[75,75,75,75,75,75,75,75,75,78,78,81,81,84,84,84,84,84,87,87],"card_choices":[{"not_picked":["Burning Pact","True Grit"],"picked":"Headbutt","floor":1},{"not_picked":["Blood for Blood","Warcry"],"picked":"Wild Strike","floor":3},{"not_picked":["Corruption","Body Slam"],"picked":"Shrug It Off","floor":4},{"not_picked":["Pommel Strike","Corruption"],"picked":"Battle Trance","floor":5},{"not_picked":["Inflame","Body Slam"],"picked":"Feed","floor":7},{"not_picked":["Shockwave","Cleave"],"picked":"Rampage","floor":10},{"not_picked":["Flex","Clash"],"picked":"Power Through","floor":12},{"not_picked":["Anger","Cleave"],"picked":"Ghostly Armor","floor":14},{"not_picked":["Offering","Exhume"],"picked":"Immolate","floor":16},{"not_picked":["Intimidate","Infernal Blade","Flex"],"picked":"SKIP","floor":18},{"not_picked":["Clothesline","Heavy Blade","Flex"],"picked":"SKIP","floor":19}],"player_experience":935345,"relics_obtained":[{"floor":7,"key":"Frozen Egg 2"},{"floor":9,"key":"Thread and Needle"}],"event_choices":[{"damage_healed":0,"gold_gain":0,"player_choice":"Take Damage","damage_taken":26,"relics_obtained":["Golden Idol"],"max_hp_gain":0,"max_hp_loss":0,"event_name":"Golden Idol","floor":2,"gold_loss":0},{"damage_healed":0,"gold_gain":0,"player_choice":"Grow","damage_taken":0,"max_hp_gain":0,"max_hp_loss":0,"event_name":"Living Wall","floor":13,"gold_loss":0,"cards_upgraded":["Thinking Ahead"]}],"is_beta":true,"boss_relics":[{"not_picked":["Runic Cube","Busted Crown"],"picked":"Philosopher\u0027s Stone"}],"items_purged_floors":[],"is_endless":false,"potions_floor_spawned":[1,5,10,14,19],"killed_by":"Snecko","ascension_level":20}