{"gold_per_floor":[116,116,291,310,320,352,352,370,396,247,281,301,301,335,335,335],"floor_reached":16,"playtime":763,"items_purged":["Regret"],"score":144,"play_id":"f11fd4f8-4178-41e7-8148-ffb91d88a04e","local_time":"20190204194105","is_ascension_mode":true,"campfire_choices":[{"floor":7,"key":"REST"},{"floor":13,"key":"REST"},{"floor":15,"key":"REST"}],"neow_cost":"NONE","seed_source_timestamp":2091317010877095,"circlet_count":0,"master_deck":["Defend_G","Defend_G","Defend_G","Defend_G","Defend_G","Strike_G","Strike_G","Strike_G","Strike_G","Strike_G","Survivor","Neutralize+1","All Out Attack","Doubt","Dagger Spray","Backflip","Flying Knee","Backstab","Night Terror","Heel Hook"],"relics":["Ring of the Snake","Bag of Preparation","Ancient Tea Set","Dream Catcher","Dead Branch","Juzu Bracelet"],"potions_floor_usage":[11,14,14],"damage_taken":[{"damage":0,"enemies":"Jaw Worm","floor":1,"turns":4},{"damage":0,"enemies":"Small Slimes","floor":4,"turns":2},{"damage":0,"enemies":"2 Louse","floor":5,"turns":2},{"damage":41,"enemies":"3 Sentries","floor":6,"turns":7},{"damage":6,"enemies":"Exordium Wildlife","floor":8,"turns":3},{"damage":32,"enemies":"Gremlin Nob","floor":11,"turns":5},{"damage":0,"enemies":"3 Louse","floor":12,"turns":1},{"damage":22,"enemies":"Lagavulin","floor":14,"turns":6},{"damage":21,"enemies":"The Guardian","floor":16,"turns":8}],"seed_played":"6275209256696967843","potions_obtained":[{"floor":1,"key":"SpeedPotion"},{"floor":8,"key":"Weak Potion"},{"floor":12,"key":"Fire Potion"}],"is_trial":false,"path_per_floor":["M","?","?","M","M","E","R","M","T","$","E","M","R","E","R","B"],"character_chosen":"THE_SILENT","items_purchased":["Backstab"],"campfire_rested":3,"item_purchase_floors":[10],"current_hp_per_floor":[70,70,70,70,70,29,50,44,44,44,12,12,33,11,32,11],"gold":335,"neow_bonus":"UPGRADE_CARD","is_prod":false,"is_daily":false,"chose_seed":false,"campfire_upgraded":0,"win_rate":0,"timestamp":1549269665,"path_taken":["M","?","?","M","M","E","R","M","T","$","E","M","R","E","R","BOSS"],"build_version":"2019-01-23","purchased_purges":1,"victory":false,"max_hp_per_floor":[70,70,70,70,70,70,70,70,70,70,70,70,70,70,70,70],"card_choices":[{"not_picked":["Quick Slash","Expertise"],"picked":"All Out Attack","floor":1},{"not_picked":["Flechettes","Outmaneuver","Acrobatics"],"picked":"SKIP","floor":4},{"not_picked":["Backflip","Underhanded Strike"],"picked":"Dagger Spray","floor":5},{"not_picked":["Quick Slash","Wraith Form v2"],"picked":"Backflip","floor":6},{"not_picked":["Endless Agony","Cloak And Dagger"],"picked":"Flying Knee","floor":8},{"not_picked":["Acrobatics","Endless Agony","Setup"],"picked":"SKIP","floor":11},{"not_picked":["Outmaneuver","Quick Slash","Bane"],"picked":"SKIP","floor":12},{"not_picked":["Dagger Throw","Poisoned Stab"],"picked":"Night Terror","floor":13},{"not_picked":["Acrobatics","Poisoned Stab"],"picked":"Heel Hook","floor":14}],"player_experience":247071,"relics_obtained":[{"floor":6,"key":"Ancient Tea Set"},{"floor":9,"key":"Dream Catcher"},{"floor":11,"key":"Dead Branch"},{"floor":14,"key":"Juzu Bracelet"}],"event_choices":[{"damage_healed":0,"gold_gain":0,"player_choice":"Box","damage_taken":0,"relics_obtained":["Bag of Preparation"],"max_hp_gain":0,"max_hp_loss":0,"event_name":"Big Fish","floor":2,"gold_loss":0,"cards_obtained":["Regret"]},{"damage_healed":0,"gold_gain":175,"player_choice":"AGREE","damage_taken":0,"max_hp_gain":0,"max_hp_loss":0,"event_name":"Liars Game","floor":3,"gold_loss":0,"cards_obtained":["Doubt"]}],"is_beta":false,"boss_relics":[],"items_purged_floors":[10],"is_endless":false,"potions_floor_spawned":[1,8,12],"killed_by":"The Guardian","ascension_level":4}