{"gold_per_floor":[112,130,130,148,166,186,186,197,197,197,230,240,165,190,190,295,295,309,344,175,191,202,202,301,331,354,354,354,354,354,76,76,181,181,201,201,201,167,167,167,179,179,204,220,230,230,250,472,472,472,472,472,24,24],"floor_reached":54,"playtime":2608,"items_purged":["Strike_R","Strike_R","Strike_R","Strike_R"],"score":786,"play_id":"6f574c09-d851-44c1-b511-8993c9271bf8","local_time":"20190127191213","is_ascension_mode":true,"campfire_choices":[{"data":"Feed","floor":10,"key":"SMITH"},{"floor":15,"key":"REST"},{"data":"Limit Break","floor":23,"key":"SMITH"},{"data":"Flame Barrier","floor":28,"key":"SMITH"},{"data":"Power Through","floor":30,"key":"SMITH"},{"floor":32,"key":"REST"},{"data":"Entrench","floor":40,"key":"SMITH"},{"floor":42,"key":"RECALL"},{"floor":49,"key":"REST"},{"data":"Ghostly Armor","floor":52,"key":"SMITH"}],"neow_cost":"NONE","seed_source_timestamp":1468823714753331,"circlet_count":0,"master_deck":["Defend_R","Defend_R","Defend_R","Defend_R","Bash+1","Power Through+1","Shrug It Off","Pommel Strike","Feed+1","Iron Wave","Limit Break+1","Inflame+1","Flame Barrier+1","Barricade+1","Ghostly Armor+1","Evolve+1","Sword Boomerang+1","Immolate+1","Entrench+1","Pain","Limit Break+1","Second Wind+1","Body Slam+1"],"relics":["Burning Blood","Frozen Egg 2","Centennial Puzzle","Gremlin Horn","Mark of Pain","Red Mask","Molten Egg 2","Dream Catcher","Cursed Key","Lantern","Ornamental Fan"],"potions_floor_usage":[11,14,14,18,19,25,25,35,45,45,54,54],"damage_taken":[{"damage":12,"enemies":"Small Slimes","floor":1,"turns":4},{"damage":1,"enemies":"Cultist","floor":2,"turns":4},{"damage":0,"enemies":"Jaw Worm","floor":4,"turns":4},{"damage":11,"enemies":"Red Slaver","floor":5,"turns":5},{"damage":31,"enemies":"Exordium Wildlife","floor":6,"turns":9},{"damage":1,"enemies":"2 Fungi Beasts","floor":8,"turns":4},{"damage":27,"enemies":"Lagavulin","floor":11,"turns":9},{"damage":6,"enemies":"Looter","floor":12,"turns":3},{"damage":22,"enemies":"3 Sentries","floor":14,"turns":7},{"damage":10,"enemies":"Slime Boss","floor":16,"turns":7},{"damage":23,"enemies":"Spheric Guardian","floor":18,"turns":9},{"damage":36,"enemies":"Masked Bandits","floor":19,"turns":6},{"damage":0,"enemies":"Chosen","floor":21,"turns":6},{"damage":13,"enemies":"Snake Plant","floor":22,"turns":7},{"damage":43,"enemies":"Gremlin Leader","floor":25,"turns":10},{"damage":4,"enemies":"Collector","floor":33,"turns":9},{"damage":25,"enemies":"3 Darklings","floor":35,"turns":4},{"damage":0,"enemies":"3 Shapes","floor":41,"turns":3},{"damage":13,"enemies":"Writhing Mass","floor":44,"turns":9},{"damage":28,"enemies":"Spire Growth","floor":45,"turns":6},{"damage":12,"enemies":"3 Darklings","floor":47,"turns":6},{"damage":42,"enemies":"Time Eater","floor":50,"turns":10},{"damage":125,"enemies":"Shield and Spear","floor":54,"turns":5}],"seed_played":"-8734897130812984355","potions_obtained":[{"floor":4,"key":"GamblersBrew"},{"floor":8,"key":"Block Potion"},{"floor":11,"key":"Energy Potion"},{"floor":12,"key":"AttackPotion"},{"floor":14,"key":"SkillPotion"},{"floor":18,"key":"Energy Potion"},{"floor":22,"key":"Regen Potion"},{"floor":25,"key":"Block Potion"},{"floor":33,"key":"SkillPotion"},{"floor":35,"key":"Weak Potion"},{"floor":36,"key":"PowerPotion"},{"floor":47,"key":"Explosive Potion"}],"is_trial":false,"path_per_floor":["M","M","?","M","M","M","?","M","T","R","E","M","$","E","R","B",null,"M","?","$","M","M","R","?","E","T","?","R","T","R","$","R","B",null,"M","?","$","$","?","R","M","R","T","M","M","?","M","?","R","B",null,"R","$","E"],"character_chosen":"IRONCLAD","items_purchased":["Evolve+1","Immolate+1","Entrench","Body Slam+1","Ornamental Fan"],"campfire_rested":3,"item_purchase_floors":[20,31,38,53,53],"current_hp_per_floor":[74,79,79,80,75,53,53,61,61,61,44,48,48,36,65,65,102,85,55,55,65,62,62,62,40,40,76,76,76,76,76,109,110,110,91,91,91,91,91,91,101,101,101,94,76,76,70,70,105,69,118,118,118,0],"gold":24,"neow_bonus":"UPGRADE_CARD","is_prod":false,"is_daily":false,"chose_seed":false,"campfire_upgraded":6,"win_rate":0,"timestamp":1548583933,"path_taken":["M","M","?","M","M","?","?","M","T","R","E","?","$","E","R","BOSS","M","?","$","M","M","R","?","E","T","?","R","?","R","$","R","BOSS","M","?","?","$","?","R","M","R","T","M","M","?","?","?","R","BOSS","R","$","E"],"build_version":"2019-01-23","purchased_purges":4,"victory":false,"max_hp_per_floor":[80,80,80,80,80,83,83,86,86,86,90,94,94,98,98,102,102,102,102,102,106,110,110,110,110,110,110,110,110,110,110,110,110,110,110,110,110,110,110,110,114,114,114,114,118,118,118,118,118,118,118,118,118,118],"card_choices":[{"not_picked":["Heavy Blade","Burning Pact"],"picked":"Power Through","floor":1},{"not_picked":["Fire Breathing","Thunderclap"],"picked":"Shrug It Off","floor":2},{"not_picked":["Carnage","Hemokinesis"],"picked":"Pommel Strike","floor":4},{"not_picked":["Iron Wave","Clash"],"picked":"Feed","floor":5},{"not_picked":["Shockwave","Armaments","Warcry"],"picked":"SKIP","floor":6},{"not_picked":["Heavy Blade","Bloodletting"],"picked":"Iron Wave","floor":8},{"not_picked":["Clothesline","Searing Blow"],"picked":"Limit Break","floor":11},{"not_picked":["Battle Trance","Wild Strike"],"picked":"Inflame+1","floor":12},{"not_picked":["Havoc","Shrug It Off"],"picked":"Flame Barrier","floor":14},{"not_picked":["Immolate","Offering"],"picked":"Barricade+1","floor":16},{"not_picked":["Clothesline","Sword Boomerang"],"picked":"Ghostly Armor","floor":18},{"not_picked":["Pommel Strike","Burning Pact","Fire Breathing+1"],"picked":"SKIP","floor":21},{"not_picked":["Anger+1","Shrug It Off","Carnage"],"picked":"SKIP","floor":22},{"not_picked":["Anger","Havoc+1"],"picked":"Sword Boomerang+1","floor":25},{"not_picked":["Cleave+1","Heavy Blade+1","Anger+1"],"picked":"SKIP","floor":35},{"not_picked":["Clash+1","Armaments","Reckless Charge+1"],"picked":"SKIP","floor":41},{"not_picked":["Clothesline+1","Warcry+1","Dual Wield+1"],"picked":"SKIP","floor":44},{"not_picked":["Twin Strike+1","Rampage+1","Armaments+1"],"picked":"SKIP","floor":45},{"not_picked":["Offering","Burning Pact+1"],"picked":"Second Wind+1","floor":47}],"player_experience":707794,"relics_obtained":[{"floor":9,"key":"Frozen Egg 2"},{"floor":11,"key":"Centennial Puzzle"},{"floor":14,"key":"Gremlin Horn"},{"floor":19,"key":"Red Mask"},{"floor":25,"key":"Molten Egg 2"},{"floor":29,"key":"Dream Catcher"},{"floor":43,"key":"Lantern"}],"event_choices":[{"damage_healed":0,"gold_gain":0,"player_choice":"0 cards matched","damage_taken":0,"max_hp_gain":0,"max_hp_loss":0,"event_name":"Match and Keep!","floor":3,"gold_loss":0,"cards_obtained":[]},{"cards_removed":["Strike_R"],"damage_healed":0,"gold_gain":0,"player_choice":"Purged","damage_taken":0,"max_hp_gain":0,"max_hp_loss":0,"event_name":"Purifier","floor":7,"gold_loss":0},{"damage_healed":0,"gold_gain":0,"player_choice":"Fought Bandits","damage_taken":0,"max_hp_gain":0,"max_hp_loss":0,"event_name":"Masked Bandits","floor":19,"gold_loss":0},{"damage_healed":0,"gold_gain":99,"player_choice":"Stole From Cult","damage_taken":0,"max_hp_gain":0,"max_hp_loss":0,"event_name":"Nest","floor":24,"gold_loss":0},{"damage_healed":36,"gold_gain":0,"player_choice":"Heal","damage_taken":0,"max_hp_gain":0,"max_hp_loss":0,"event_name":"The Library","floor":27,"gold_loss":0},{"damage_healed":0,"gold_gain":0,"player_choice":"Got Potions","damage_taken":0,"max_hp_gain":0,"max_hp_loss":0,"event_name":"Lab","floor":36,"gold_loss":0},{"damage_healed":0,"gold_gain":0,"player_choice":"Ignored","damage_taken":0,"max_hp_gain":0,"max_hp_loss":0,"event_name":"Mysterious Sphere","floor":39,"gold_loss":0},{"damage_healed":0,"gold_gain":0,"player_choice":"Copied","damage_taken":0,"max_hp_gain":0,"max_hp_loss":0,"event_name":"Duplicator","floor":46,"gold_loss":0,"cards_obtained":["Limit Break"]},{"damage_healed":0,"gold_gain":222,"player_choice":"Wore Mask","damage_taken":0,"max_hp_gain":0,"max_hp_loss":0,"event_name":"Tomb of Lord Red Mask","floor":48,"gold_loss":0}],"is_beta":false,"boss_relics":[{"not_picked":["Runic Cube","Snecko Eye"],"picked":"Mark of Pain"},{"not_picked":["Fusion Hammer","White Beast Statue"],"picked":"Cursed Key"}],"items_purged_floors":[13,20,31,53],"is_endless":false,"potions_floor_spawned":[4,8,11,12,14,18,22,25,33,35,41,47],"killed_by":"Shield and Spear","ascension_level":3}