{"gold_per_floor":[166,181,181,194,214,243,243,274,274,274,67,88,146,165,165,269,269,280,379,379,394,2,30,45,45],"floor_reached":25,"playtime":1142,"items_purged":[],"score":279,"play_id":"13f839a6-e63e-4cc2-8053-bea5ea6a7465","local_time":"20190206214928","is_ascension_mode":true,"campfire_choices":[{"floor":7.0,"key":"REST"},{"floor":10.0,"key":"REST"},{"floor":15,"key":"REST"}],"neow_cost":"NONE","seed_source_timestamp":0,"circlet_count":0,"master_deck":["Strike_B","Strike_B","Strike_B","Strike_B","Defend_B","Defend_B","Defend_B","Defend_B","Zap","Dualcast+1","Ball Lightning","Ball Lightning","Coolheaded","Compile Driver","White Noise","Conserve Battery","Conserve Battery","Gash","Go for the Eyes","Gash","Conserve Battery","Core Surge","Barrage+1","Darkness+1","Self Repair+1","Self Repair+1"],"special_seed":0,"relics":["Tiny House","Sundial","Mango","Shuriken","Lantern","Odd Mushroom","Cables","PreservedInsect","Bottled Lightning","Oddly Smooth Stone"],"potions_floor_usage":[12,14],"damage_taken":[{"damage":0.0,"enemies":"2 Louse","floor":1.0,"turns":1.0},{"damage":2.0,"enemies":"Jaw Worm","floor":2.0,"turns":2.0},{"damage":0.0,"enemies":"Cultist","floor":4.0,"turns":3.0},{"damage":9.0,"enemies":"Red Slaver","floor":5.0,"turns":2.0},{"damage":33.0,"enemies":"3 Sentries","floor":6.0,"turns":5.0},{"damage":12.0,"enemies":"Gremlin Nob","floor":8.0,"turns":4.0},{"damage":21,"enemies":"The Mushroom Lair","floor":12,"turns":5},{"damage":8,"enemies":"3 Sentries","floor":13,"turns":5},{"damage":1,"enemies":"3 Louse","floor":14,"turns":2},{"damage":30,"enemies":"Hexaghost","floor":16,"turns":8},{"damage":10,"enemies":"Shell Parasite","floor":18,"turns":4},{"damage":17,"enemies":"3 Byrds","floor":21,"turns":5},{"damage":15,"enemies":"Book of Stabbing","floor":23,"turns":4},{"damage":29,"enemies":"Snake Plant","floor":24,"turns":4},{"damage":26,"enemies":"Slavers","floor":25,"turns":1}],"seed_played":"-1090957130226317979","potions_obtained":[{"floor":0.0,"key":"SteroidPotion"},{"floor":5.0,"key":"SpeedPotion"},{"floor":6.0,"key":"GamblersBrew"},{"floor":13,"key":"AttackPotion"},{"floor":14,"key":"FairyPotion"},{"floor":18,"key":"SpeedPotion"}],"is_trial":false,"path_per_floor":["M","M","?","M","M","E","R","E","T","R","$","?","?","M","R","B",null,"M","?","?","M","$","E","M","E"],"character_chosen":"DEFECT","items_purchased":["Lantern","Gash","PreservedInsect","Bottled Lightning"],"campfire_rested":3,"item_purchase_floors":[11,11,22,22],"current_hp_per_floor":[80,78,78,78,69,36,60,62,62,90,90,69,61,60,88,58,94,84,84,65,48,48,33,4,0],"gold":45,"neow_bonus":"BOSS_RELIC","is_prod":false,"is_daily":false,"chose_seed":false,"campfire_upgraded":0,"win_rate":0,"timestamp":1549460968,"path_taken":["M","M","?","M","M","E","R","E","T","R","$","?","?","M","R","BOSS","M","?","?","M","?","E","M","E"],"build_version":"2019-01-23","purchased_purges":0,"victory":false,"max_hp_per_floor":[80,80,80,80,80,80,80,94,94,94,94,94,94,94,94,94,94,94,94,99,99,99,99,99,99],"card_choices":[{"not_picked":["Hologram","Force Field"],"picked":"Ball Lightning","floor":0.0},{"not_picked":["Barrage","Rebound"],"picked":"Ball Lightning","floor":1.0},{"not_picked":["Compile Driver","Darkness"],"picked":"Coolheaded","floor":2.0},{"not_picked":["Aggregate","Redo"],"picked":"Compile Driver","floor":4.0},{"not_picked":["Leap","Sweeping Beam"],"picked":"White Noise","floor":5.0},{"not_picked":["Melter","Cold Snap"],"picked":"Conserve Battery","floor":6.0},{"not_picked":["Rebound","Beam Cell"],"picked":"Conserve Battery","floor":8.0},{"not_picked":["Rebound","Force Field"],"picked":"Go for the Eyes","floor":12},{"not_picked":["All For One","Redo"],"picked":"Gash","floor":13},{"not_picked":["Hologram","Redo"],"picked":"Conserve Battery","floor":14},{"not_picked":["All For One","Meteor Strike"],"picked":"Core Surge","floor":16},{"not_picked":["Self Repair","Cold Snap"],"picked":"Barrage+1","floor":18},{"not_picked":["Ball Lightning","Barrage+1"],"picked":"Darkness+1","floor":21},{"not_picked":["Melter+1","Cold Snap"],"picked":"Self Repair+1","floor":23},{"not_picked":["Go for the Eyes","Hologram"],"picked":"Self Repair+1","floor":24}],"player_experience":90036,"relics_obtained":[{"floor":6.0,"key":"Sundial"},{"floor":8.0,"key":"Mango"},{"floor":9.0,"key":"Shuriken"},{"floor":12,"key":"Odd Mushroom"},{"floor":23,"key":"Oddly Smooth Stone"}],"event_choices":[{"damage_healed":0.0,"max_hp_gain":0.0,"max_hp_loss":0.0,"gold_gain":0.0,"event_name":"Golden Wing","player_choice":"Ignored","floor":3.0,"gold_loss":0.0,"damage_taken":0.0},{"damage_healed":0,"gold_gain":0,"player_choice":"Fought Mushrooms","damage_taken":0,"max_hp_gain":0,"max_hp_loss":0,"event_name":"Mushrooms","floor":12,"gold_loss":0},{"damage_healed":0,"gold_gain":0,"player_choice":"Searched \u00273\u0027 times","damage_taken":0,"relics_obtained":["Cables"],"max_hp_gain":0,"max_hp_loss":0,"event_name":"Dead Adventurer","floor":13,"gold_loss":0},{"damage_healed":0,"gold_gain":99,"player_choice":"Stole From Cult","damage_taken":0,"max_hp_gain":0,"max_hp_loss":0,"event_name":"Nest","floor":19,"gold_loss":0},{"damage_healed":0,"gold_gain":0,"player_choice":"Shed Blood","damage_taken":24,"max_hp_gain":5,"max_hp_loss":0,"event_name":"Forgotten Altar","floor":20,"gold_loss":0}],"is_beta":false,"boss_relics":[{"not_picked":["Ectoplasm","Runic Dome","Coffee Dripper"]}],"items_purged_floors":[],"is_endless":false,"potions_floor_spawned":[5,6,13,14,18,21],"killed_by":"Slavers","ascension_level":2}