{"gold_per_floor":[113,129,147,164,182,182,210,210,237,237,237,263,263,296,296,391,391,407,407,87,87,106,132,145,177,177,192,112,112,125,158,158,158],"floor_reached":33,"playtime":1437,"items_purged":["Parasite","Strike_B"],"score":394,"play_id":"f54bd1a2-cc2b-4750-af9b-357ad82211d6","local_time":"20190203094159","is_ascension_mode":true,"campfire_choices":[{"data":"Coolheaded","floor":6,"key":"SMITH"},{"data":"Gash","floor":8,"key":"SMITH"},{"data":"Buffer","floor":13,"key":"SMITH"},{"data":"Dualcast","floor":15,"key":"SMITH"},{"data":"Go for the Eyes","floor":29,"key":"SMITH"},{"data":"Capacitor","floor":32,"key":"SMITH"}],"neow_cost":"NONE","seed_source_timestamp":435722428837619,"circlet_count":0,"master_deck":["Strike_B","Strike_B","Strike_B","Defend_B","Defend_B","Defend_B","Defend_B","Zap+1","Dualcast+1","Gash+1","Go for the Eyes+1","Coolheaded+1","Reboot","Buffer+1","Gash","Capacitor+1","Panache","Core Surge","FTL","Gash","White Noise+1"],"relics":["FrozenCore","Ornamental Fan","PreservedInsect","Centennial Puzzle","Ancient Tea Set","Happy Flower","Du-Vu Doll","The Courier","Calipers"],"potions_floor_usage":[16,16,23],"damage_taken":[{"damage":6,"enemies":"Jaw Worm","floor":1,"turns":3},{"damage":1,"enemies":"2 Louse","floor":2,"turns":2},{"damage":0,"enemies":"Cultist","floor":3,"turns":3},{"damage":4,"enemies":"Looter","floor":4,"turns":4},{"damage":1,"enemies":"2 Fungi Beasts","floor":5,"turns":3},{"damage":24,"enemies":"Lagavulin","floor":7,"turns":7},{"damage":12,"enemies":"3 Sentries","floor":12,"turns":7},{"damage":0,"enemies":"Lagavulin","floor":14,"turns":6},{"damage":31,"enemies":"The Guardian","floor":16,"turns":9},{"damage":0,"enemies":"Shell Parasite","floor":18,"turns":8},{"damage":0,"enemies":"Spheric Guardian","floor":22,"turns":4},{"damage":28,"enemies":"Slavers","floor":23,"turns":4},{"damage":10,"enemies":"Shelled Parasite and Fungi","floor":24,"turns":4},{"damage":0,"enemies":"Gremlin Leader","floor":25,"turns":6},{"damage":0,"enemies":"Chosen and Byrds","floor":27,"turns":5},{"damage":0,"enemies":"Centurion and Healer","floor":30,"turns":7},{"damage":17,"enemies":"Slavers","floor":31,"turns":5},{"damage":30,"enemies":"Champ","floor":33,"turns":9}],"seed_played":"-8212682857007740812","potions_obtained":[{"floor":3,"key":"Swift Potion"},{"floor":4,"key":"Strength Potion"},{"floor":12,"key":"SteroidPotion"},{"floor":22,"key":"Poison Potion"},{"floor":24,"key":"FearPotion"},{"floor":31,"key":"GamblersBrew"}],"is_trial":false,"path_per_floor":["M","M","M","M","M","R","E","R","T","?","?","E","R","E","R","B",null,"M","?","$","?","M","E","M","E","T","M","$","R","M","E","R","B"],"character_chosen":"DEFECT","items_purchased":["Capacitor","Panache"],"campfire_rested":0,"item_purchase_floors":[20,20],"current_hp_per_floor":[69,68,68,64,63,63,39,39,39,57,62,50,50,50,50,19,80,80,80,77,77,77,49,39,39,39,39,39,39,39,22,22,0],"gold":158,"neow_bonus":"UPGRADE_CARD","is_prod":false,"is_daily":false,"chose_seed":false,"campfire_upgraded":6,"win_rate":0,"timestamp":1549147319,"path_taken":["M","M","M","M","M","R","E","R","T","?","?","E","R","E","R","BOSS","M","?","$","?","M","E","M","E","T","M","$","R","M","E","R","BOSS"],"build_version":"2019-01-23","purchased_purges":2,"victory":false,"max_hp_per_floor":[75,75,75,75,75,75,75,75,75,75,80,80,80,80,80,80,80,80,80,77,77,77,77,77,77,77,77,77,77,77,77,77,77],"card_choices":[{"not_picked":["Consume","Redo"],"picked":"Gash","floor":1},{"not_picked":["Turbo","Conserve Battery"],"picked":"Go for the Eyes","floor":2},{"not_picked":["Steam Power","Turbo","Rebound"],"picked":"SKIP","floor":3},{"not_picked":["Rebound","Sweeping Beam"],"picked":"Coolheaded","floor":4},{"not_picked":["Lockon","Steam","Aggregate"],"picked":"SKIP","floor":5},{"not_picked":["Sweeping Beam","Hello World"],"picked":"Reboot","floor":7},{"not_picked":["Blizzard","Turbo"],"picked":"Buffer","floor":12},{"not_picked":["Hologram","Compile Driver","Cold Snap"],"picked":"SKIP","floor":14},{"not_picked":["Go for the Eyes","Stack"],"picked":"Gash","floor":18},{"not_picked":["Auto Shields","Conserve Battery","Stack"],"picked":"SKIP","floor":22},{"not_picked":["Cold Snap","Recycle"],"picked":"FTL","floor":23},{"not_picked":["Undo","Leap","Streamline"],"picked":"SKIP","floor":24},{"not_picked":["Ball Lightning","Hyperbeam","Undo+1"],"picked":"SKIP","floor":25},{"not_picked":["Tempest","Hologram","Chaos"],"picked":"SKIP","floor":27},{"not_picked":["Sweeping Beam","Chill"],"picked":"Gash","floor":30},{"not_picked":["Genetic Algorithm","Rip and Tear"],"picked":"White Noise+1","floor":31}],"player_experience":1223864,"relics_obtained":[{"floor":7,"key":"Ornamental Fan"},{"floor":9,"key":"PreservedInsect"},{"floor":12,"key":"Centennial Puzzle"},{"floor":14,"key":"Ancient Tea Set"},{"floor":23,"key":"Happy Flower"},{"floor":25,"key":"Du-Vu Doll"},{"floor":26,"key":"The Courier"},{"floor":31,"key":"Calipers"}],"event_choices":[{"damage_healed":18,"gold_gain":0,"player_choice":"Healed and dodged fight","damage_taken":0,"max_hp_gain":0,"max_hp_loss":0,"event_name":"Mushrooms","floor":10,"gold_loss":0,"cards_obtained":["Parasite"]},{"damage_healed":0,"gold_gain":0,"player_choice":"Donut","damage_taken":0,"max_hp_gain":5,"max_hp_loss":0,"event_name":"Big Fish","floor":11,"gold_loss":0},{"damage_healed":0,"gold_gain":0,"player_choice":"Ignored","damage_taken":0,"max_hp_gain":0,"max_hp_loss":0,"event_name":"Ghosts","floor":19,"gold_loss":0},{"damage_healed":0,"gold_gain":0,"player_choice":"Read","damage_taken":0,"max_hp_gain":0,"max_hp_loss":0,"event_name":"The Library","floor":21,"gold_loss":0,"cards_obtained":["Core Surge"]}],"is_beta":true,"boss_relics":[{"not_picked":["Ectoplasm","Coffee Dripper"],"picked":"FrozenCore"}],"items_purged_floors":[20,28],"is_endless":false,"potions_floor_spawned":[3,4,12,22,24,31],"killed_by":"Champ","ascension_level":1}