{"gold_per_floor":[111,121,121,131,131,131,150,168,168,180,255,255,273,284,284,359,409,421,437,452,111,111,1,1,16,69,69,69],"floor_reached":28,"playtime":1149,"items_purged":["Strike_G"],"score":375,"play_id":"ed96464e-c94e-4657-ab78-ea2c20d558ed","local_time":"20181006233532","is_ascension_mode":true,"campfire_choices":[{"data":"Burst","floor":6,"key":"SMITH"},{"floor":15,"key":"REST"},{"floor":24,"key":"REST"},{"floor":27,"key":"REST"}],"neow_cost":"NONE","seed_source_timestamp":183258262620803,"circlet_count":0,"master_deck":["Defend_G+1","Defend_G","Defend_G","Defend_G","Defend_G","Strike_G","Strike_G","Strike_G","Survivor+1","Neutralize+1","AscendersBane","Burst+1","All Out Attack+1","Bouncing Flask","Catalyst","Sucker Punch","Quick Slash","Quick Slash","Die Die Die","Backstab","Acrobatics+1","Leg Sweep","Footwork","Escape Plan"],"relics":["Ring of the Snake","Juzu Bracelet","Art of War","Tiny House","ClockworkSouvenir","Tiny Chest"],"potions_floor_usage":[7,18,25,28],"damage_taken":[{"damage":2,"enemies":"Jaw Worm","floor":1,"turns":7},{"damage":0,"enemies":"Small Slimes","floor":2,"turns":4},{"damage":6,"enemies":"2 Louse","floor":4,"turns":3},{"damage":0,"enemies":"Exordium Wildlife","floor":7,"turns":8},{"damage":0,"enemies":"Large Slime","floor":8,"turns":3},{"damage":8,"enemies":"Looter","floor":10,"turns":3},{"damage":0,"enemies":"Exordium Thugs","floor":13,"turns":3},{"damage":0,"enemies":"Large Slime","floor":14,"turns":5},{"damage":12,"enemies":"Hexaghost","floor":16,"turns":9},{"damage":2,"enemies":"Chosen","floor":18,"turns":4},{"damage":11,"enemies":"2 Thieves","floor":19,"turns":3},{"damage":45,"enemies":"Chosen and Byrds","floor":20,"turns":10},{"damage":34,"enemies":"Centurion and Healer","floor":25,"turns":13},{"damage":36,"enemies":"Slavers","floor":28,"turns":3}],"seed_played":"-8127779979350286666","potions_obtained":[{"floor":2,"key":"SkillPotion"},{"floor":7,"key":"AttackPotion"},{"floor":8,"key":"SpeedPotion"},{"floor":13,"key":"FearPotion"},{"floor":18,"key":"Regen Potion"},{"floor":20,"key":"SkillPotion"}],"is_trial":false,"path_per_floor":["M","M","?","M","?","R","M","M","T","M","?","?","M","M","R","B",null,"M","M","M","$","?","?","R","M","T","R"],"character_chosen":"THE_SILENT","items_purchased":["ClockworkSouvenir","Footwork"],"campfire_rested":3,"item_purchase_floors":[21,21],"current_hp_per_floor":[57,57,37,31,31,31,31,31,31,23,12,12,12,12,31,19,59,57,46,1,1,15,15,36,2,2,23,0],"gold":69,"neow_bonus":"ONE_RANDOM_RARE_CARD","is_prod":false,"is_daily":false,"chose_seed":false,"campfire_upgraded":1,"win_rate":0,"timestamp":1538894132,"path_taken":["M","M","?","M","?","R","M","M","T","M","?","?","M","M","R","BOSS","M","M","M","$","?","?","R","M","T","R","E"],"build_version":"2018-10-04","purchased_purges":1,"victory":false,"max_hp_per_floor":[66,66,66,66,66,66,66,66,66,66,66,66,66,66,66,66,71,71,71,71,71,71,71,71,71,71,71,71],"card_choices":[{"not_picked":["Deadly Poison","Quick Slash"],"picked":"All Out Attack","floor":1},{"not_picked":["Flying Knee","Outmaneuver"],"picked":"Bouncing Flask","floor":2},{"not_picked":["Acrobatics","PiercingWail"],"picked":"Catalyst","floor":4},{"not_picked":["Terror","Dagger Spray","Predator"],"picked":"SKIP","floor":7},{"not_picked":["Terror","Blade Dance"],"picked":"Sucker Punch","floor":8},{"not_picked":["Dodge and Roll","Heel Hook","Flechettes"],"picked":"SKIP","floor":10},{"not_picked":["Acrobatics","Flying Knee"],"picked":"Quick Slash","floor":13},{"not_picked":["Dodge and Roll","Acrobatics"],"picked":"Quick Slash","floor":14},{"not_picked":["Night Terror","Bullet Time"],"picked":"Die Die Die","floor":16},{"not_picked":["Outmaneuver","Slice"],"picked":"Backstab","floor":17},{"not_picked":["Slice","Infinite Blades","PiercingWail"],"picked":"SKIP","floor":18},{"not_picked":["Slice","Underhanded Strike"],"picked":"Acrobatics+1","floor":19},{"not_picked":["Heel Hook","Deflect"],"picked":"Leg Sweep","floor":20},{"not_picked":["Slice","Quick Slash"],"picked":"Escape Plan","floor":25}],"player_experience":853353,"relics_obtained":[{"floor":9,"key":"Juzu Bracelet"},{"floor":26,"key":"Tiny Chest"}],"event_choices":[{"event_name":"Shining Light","player_choice":"Entered Light","floor":3,"damage_taken":0},{"event_name":"Liars Game","player_choice":"disagreed","floor":5,"damage_taken":0},{"event_name":"World of Goop","player_choice":"Gather Gold","floor":11,"damage_taken":0},{"event_name":"WeMeetAgain","player_choice":"Potion","floor":12,"damage_taken":0},{"event_name":"The Library","player_choice":"Heal","floor":22,"damage_taken":0},{"event_name":"Designer","player_choice":"Full Service","floor":23,"damage_taken":0}],"is_beta":true,"boss_relics":[{"not_picked":["Philosopher\u0027s Stone","White Beast Statue"],"picked":"Tiny House"}],"items_purged_floors":[21],"is_endless":false,"potions_floor_spawned":[2,7,8,13,18,20],"killed_by":"Slavers","ascension_level":15}