{"gold_per_floor":[110,125,200,375,54,54,19,19,19,49,49,61,93,112,112,208,208,221,136,150,150,113,113,148,148,175,34,34,133,133,11,11,115,115,133,133,56,76,87,114,130,181,181,181,214,133,133,149,149,149,149,149,49,84,84],"floor_reached":55,"playtime":3372,"items_purged":["Doubt","Writhe"],"score":1133,"play_id":"8ea2ebce-9412-46ba-b666-38d7224efa6d","local_time":"20190119212858","is_ascension_mode":true,"campfire_choices":[{"data":"Hello World","floor":6,"key":"SMITH"},{"data":"Capacitor","floor":8,"key":"SMITH"},{"data":"Defragment","floor":11,"key":"SMITH"},{"floor":15,"key":"REST"},{"data":"Defragment","floor":23,"key":"SMITH"},{"floor":25,"key":"REST"},{"floor":32,"key":"RECALL"},{"data":"Barrage","floor":44,"key":"SMITH"},{"data":"Lockon","floor":47,"key":"SMITH"},{"floor":49,"key":"REST"},{"data":"Auto Shields","floor":52,"key":"SMITH"}],"neow_cost":"NONE","seed_source_timestamp":164012681186480,"circlet_count":0,"master_deck":["AscendersBane","Zap","Dualcast","Chill","Auto Shields+1","Hello World+1","Cold Snap","Capacitor+1","Defragment+1","Coolheaded+1","Electrodynamics","Gash","Machine Learning","Scrape","Ball Lightning+1","Melter","Biased Cognition","Auto Shields+1","All For One","Lockon+1","Lockon","Leap+1","Steam+1","Defragment+1","Seek+1","Glacier+1","Storm+1","Ghostly+1","Ghostly+1","Ghostly+1","Ghostly+1","Ghostly+1","Turbo+1","Reboot+1","Dramatic Entrance+1","Chill+1","Self Repair+1","Barrage+1","Defragment+1","Barrage"],"relics":["Cracked Core","Juzu Bracelet","Orichalcum","Toxic Egg 2","Bag of Preparation","Pen Nib","Pandora\u0027s Box","Pear","Frozen Egg 2","MawBank","Singing Bowl","Inserter","Torii","Turnip","Smiling Mask","Whetstone"],"potions_floor_usage":[16,24,33,39,50,50,55,55],"damage_taken":[{"damage":4,"enemies":"Small Slimes","floor":1,"turns":4},{"damage":0,"enemies":"Cultist","floor":2,"turns":3},{"damage":13,"enemies":"Lagavulin","floor":10,"turns":8},{"damage":2,"enemies":"Jaw Worm","floor":12,"turns":4},{"damage":11,"enemies":"3 Sentries","floor":13,"turns":7},{"damage":3,"enemies":"Blue Slaver","floor":14,"turns":4},{"damage":1,"enemies":"The Guardian","floor":16,"turns":10},{"damage":14,"enemies":"3 Byrds","floor":18,"turns":3},{"damage":0,"enemies":"Chosen","floor":20,"turns":5},{"damage":21,"enemies":"Gremlin Leader","floor":24,"turns":5},{"damage":30,"enemies":"Automaton","floor":33,"turns":8},{"damage":10,"enemies":"3 Shapes","floor":35,"turns":5},{"damage":0,"enemies":"Orb Walker","floor":38,"turns":4},{"damage":0,"enemies":"Transient","floor":39,"turns":5},{"damage":1,"enemies":"Nemesis","floor":40,"turns":7},{"damage":11,"enemies":"Maw","floor":41,"turns":7},{"damage":0,"enemies":"2 Orb Walkers","floor":42,"turns":6},{"damage":17,"enemies":"Giant Head","floor":45,"turns":8},{"damage":1,"enemies":"Spire Growth","floor":48,"turns":5},{"damage":12,"enemies":"Awakened One","floor":50,"turns":10},{"damage":0,"enemies":"Shield and Spear","floor":54,"turns":7},{"damage":59,"enemies":"The Heart","floor":55,"turns":13}],"seed_played":"-7991575213787101961","potions_obtained":[{"floor":1,"key":"Strength Potion"},{"floor":14,"key":"Poison Potion"},{"floor":16,"key":"Ancient Potion"},{"floor":20,"key":"Ancient Potion"},{"floor":33,"key":"Weak Potion"},{"floor":35,"key":"SmokeBomb"},{"floor":40,"key":"FocusPotion"},{"floor":45,"key":"PowerPotion"}],"is_trial":false,"path_per_floor":["M","M","?","?","$","R","$","R","T","E","R","M","E","M","R","B",null,"M","?","M","?","$","R","E","R","T","$","?","?","?","$","R","B",null,"M","?","$","M","M","E","M","?","T","R","E","$","R","M","R","B",null,"R","$","E","B"],"character_chosen":"DEFECT","items_purchased":["Orichalcum","Hello World","Cold Snap","Capacitor","Defragment","Glacier+1","Storm+1","Turbo+1","Self Repair+1","Defragment+1","Energy Potion","Fire Potion"],"campfire_rested":3,"item_purchase_floors":[5,5,5,7,22,27,27,31,37,46,53,53],"current_hp_per_floor":[64,64,57,57,57,57,57,57,57,44,44,42,31,28,50,49,69,55,65,65,49,49,49,28,55,55,55,55,55,45,45,45,15,38,30,30,30,42,51,53,52,54,54,54,49,49,49,50,59,57,59,59,59,59,0],"gold":84,"neow_bonus":"RANDOM_COMMON_RELIC","is_prod":false,"is_daily":false,"chose_seed":false,"campfire_upgraded":7,"win_rate":0,"timestamp":1547951338,"path_taken":["M","M","?","?","$","R","$","R","T","E","R","M","E","M","R","BOSS","M","?","M","?","$","R","E","R","T","?","?","?","?","$","R","BOSS","M","?","?","M","M","E","M","?","T","R","E","$","R","M","R","BOSS","R","$","E","BOSS"],"build_version":"2019-01-17v2","purchased_purges":2,"victory":false,"max_hp_per_floor":[75,75,75,75,75,75,75,75,75,75,75,75,75,75,75,75,75,75,85,85,90,90,90,90,90,90,90,90,90,45,45,45,45,45,47,47,47,49,51,53,53,55,55,55,57,57,57,59,59,59,59,59,59,59,59],"card_choices":[{"not_picked":["Static Discharge","Sweeping Beam"],"picked":"Chill","floor":1},{"not_picked":["Go for the Eyes","Beam Cell"],"picked":"Auto Shields","floor":2},{"not_picked":["Aggregate+1","Coolheaded+1"],"picked":"Defragment","floor":10},{"not_picked":["Sweeping Beam","Stack+1"],"picked":"Coolheaded+1","floor":12},{"not_picked":["Aggregate+1","Genetic Algorithm+1"],"picked":"Electrodynamics","floor":13},{"not_picked":["Barrage","Lockon"],"picked":"Gash","floor":14},{"not_picked":["Buffer","Amplify+1"],"picked":"Machine Learning","floor":16},{"not_picked":["Ball Lightning","Gash"],"picked":"Leap+1","floor":18},{"not_picked":["Ball Lightning","Streamline"],"picked":"Steam+1","floor":20},{"not_picked":["Go for the Eyes","Hologram+1"],"picked":"Seek+1","floor":24},{"not_picked":["All For One","Rainbow+1"],"picked":"Reboot+1","floor":33},{"not_picked":["Redo+1","Skim+1","Turbo+1"],"picked":"Singing Bowl","floor":35},{"not_picked":["Gash+1","Rip and Tear","Go for the Eyes+1"],"picked":"Singing Bowl","floor":38},{"not_picked":["Go for the Eyes","Coolheaded+1","Steam Power+1"],"picked":"Singing Bowl","floor":39},{"not_picked":["Blizzard+1","Cold Snap+1","Gash"],"picked":"Singing Bowl","floor":40},{"not_picked":["Sweeping Beam+1","Redo+1"],"picked":"Barrage","floor":41},{"not_picked":["Beam Cell+1","Rainbow+1","Rebound+1"],"picked":"Singing Bowl","floor":42},{"not_picked":["Tempest+1","Go for the Eyes","Skim+1"],"picked":"Singing Bowl","floor":45},{"not_picked":["Coolheaded+1","Gash","Self Repair+1"],"picked":"Singing Bowl","floor":48},{"not_picked":["Ball Lightning+1","Fission+1"],"picked":"Barrage","floor":54}],"player_experience":543452,"relics_obtained":[{"floor":9,"key":"Toxic Egg 2"},{"floor":10,"key":"Bag of Preparation"},{"floor":13,"key":"Pen Nib"},{"floor":24,"key":"Frozen Egg 2"},{"floor":26,"key":"MawBank"},{"floor":40,"key":"Torii"},{"floor":42,"key":"Turnip"},{"floor":45,"key":"Smiling Mask"},{"floor":54,"key":"Whetstone"}],"event_choices":[{"damage_healed":0,"gold_gain":75,"player_choice":"Touch","damage_taken":7,"max_hp_gain":0,"max_hp_loss":0,"event_name":"FaceTrader","floor":3,"gold_loss":0},{"damage_healed":0,"gold_gain":175,"player_choice":"AGREE","damage_taken":0,"max_hp_gain":0,"max_hp_loss":0,"event_name":"Liars Game","floor":4,"gold_loss":0,"cards_obtained":["Doubt"]},{"damage_healed":0,"gold_gain":0,"player_choice":"Obtained Relic","damage_taken":0,"relics_obtained":["Pear"],"max_hp_gain":0,"max_hp_loss":0,"event_name":"Addict","floor":19,"gold_loss":85},{"damage_healed":0,"gold_gain":0,"player_choice":"Shed Blood","damage_taken":21,"max_hp_gain":5,"max_hp_loss":0,"event_name":"Forgotten Altar","floor":21,"gold_loss":0},{"damage_healed":0,"gold_gain":0,"player_choice":"Opened","damage_taken":0,"relics_obtained":["Singing Bowl"],"max_hp_gain":0,"max_hp_loss":0,"event_name":"The Mausoleum","floor":28,"gold_loss":0,"cards_obtained":["Writhe"]},{"damage_healed":0,"gold_gain":99,"player_choice":"Stole From Cult","damage_taken":0,"max_hp_gain":0,"max_hp_loss":0,"event_name":"Nest","floor":29,"gold_loss":0},{"damage_healed":0,"gold_gain":0,"player_choice":"Became a Ghost","damage_taken":0,"max_hp_gain":0,"max_hp_loss":45,"event_name":"Ghosts","floor":30,"gold_loss":0,"cards_obtained":["Ghostly","Ghostly","Ghostly","Ghostly","Ghostly"]},{"damage_healed":0,"gold_gain":0,"player_choice":"2 cards matched","damage_taken":0,"max_hp_gain":0,"max_hp_loss":0,"event_name":"Match and Keep!","floor":36,"gold_loss":0,"cards_obtained":["Dramatic Entrance","Chill"]},{"damage_healed":0,"gold_gain":0,"player_choice":"Fight","damage_taken":0,"max_hp_gain":0,"max_hp_loss":0,"event_name":"Mysterious Sphere","floor":42,"gold_loss":0}],"is_beta":false,"boss_relics":[{"not_picked":["Tiny House","Lizard Tail"],"picked":"Pandora\u0027s Box"},{"not_picked":["Nuclear Battery","Runic Dome"],"picked":"Inserter"}],"items_purged_floors":[5,31],"is_endless":false,"potions_floor_spawned":[1,14,16,20,33,35,40,45,48,54],"killed_by":"The Heart","ascension_level":10}