{"gold_per_floor":[118,118,137,157,5,5,23,23,104,52,71,88,145,145,145,218,218,236,236,268,248,263,263,281,281,306,323,340,265,265,278,278,278],"floor_reached":33,"playtime":1201,"items_purged":["Strike_R"],"score":511,"play_id":"9d147b77-c6a2-47ea-8ff2-8c89ff0adba6","local_time":"20190131081329","is_ascension_mode":true,"campfire_choices":[{"data":"Limit Break","floor":6,"key":"SMITH"},{"data":"Whirlwind","floor":8,"key":"SMITH"},{"data":"Sword Boomerang","floor":15,"key":"SMITH"},{"floor":23,"key":"REST"},{"data":"Uppercut","floor":25,"key":"SMITH"},{"floor":30,"key":"REST"},{"floor":32,"key":"REST"}],"neow_cost":"NONE","seed_source_timestamp":50939569108861,"circlet_count":0,"master_deck":["AscendersBane","Strike_R","Strike_R","Strike_R","Strike_R","Defend_R","Defend_R","Defend_R","Defend_R","Bash+1","Thunderclap","Sword Boomerang+1","Inflame","Limit Break+1","Whirlwind+1","Shrug It Off","Twin Strike","Dropkick","Feed","Uppercut+1","Armaments+1","Ghostly Armor"],"relics":["Burning Blood","Singing Bowl","Tiny Chest","Velvet Choker","Enchiridion","Red Mask","Boot"],"potions_floor_usage":[22,24,28,28],"damage_taken":[{"damage":2,"enemies":"2 Louse","floor":1,"turns":3},{"damage":6,"enemies":"Cultist","floor":3,"turns":3},{"damage":10,"enemies":"Small Slimes","floor":4,"turns":3},{"damage":13,"enemies":"2 Fungi Beasts","floor":7,"turns":3},{"damage":6,"enemies":"Looter","floor":11,"turns":4},{"damage":23,"enemies":"Exordium Thugs","floor":12,"turns":3},{"damage":8,"enemies":"Gremlin Nob","floor":13,"turns":3},{"damage":38,"enemies":"Slime Boss","floor":16,"turns":5},{"damage":29,"enemies":"Shell Parasite","floor":18,"turns":4},{"damage":12,"enemies":"Masked Bandits","floor":20,"turns":2},{"damage":11,"enemies":"2 Thieves","floor":22,"turns":2},{"damage":18,"enemies":"3 Cultists","floor":24,"turns":4},{"damage":18,"enemies":"Snake Plant","floor":27,"turns":3},{"damage":12,"enemies":"Shelled Parasite and Fungi","floor":28,"turns":3},{"damage":42,"enemies":"Chosen and Byrds","floor":31,"turns":7},{"damage":35,"enemies":"Collector","floor":33,"turns":5}],"seed_played":"-5524815959289612815","potions_obtained":[{"floor":3,"key":"SpeedPotion"},{"floor":7,"key":"AttackPotion"},{"floor":12,"key":"Regen Potion"},{"floor":21,"key":"Explosive Potion"},{"floor":22,"key":"FearPotion"},{"floor":27,"key":"Block Potion"}],"is_trial":false,"path_per_floor":["M","?","M","M","$","R","M","R","T","$","M","M","E","?","R","B",null,"M","?","?","?","M","R","M","R","T","M","M","$","R","M","R","B"],"character_chosen":"IRONCLAD","items_purchased":["Limit Break","Shrug It Off"],"campfire_rested":3,"item_purchase_floors":[5,10],"current_hp_per_floor":[72,75,75,71,71,71,64,64,64,64,64,49,47,47,47,15,62,41,20,19,19,19,45,36,36,36,24,30,30,58,27,57,22],"gold":278,"neow_bonus":"UPGRADE_CARD","is_prod":false,"is_daily":false,"chose_seed":false,"campfire_upgraded":4,"win_rate":0,"timestamp":1548951209,"path_taken":["M","?","M","?","?","R","M","R","T","$","M","?","E","?","R","BOSS","M","?","?","?","M","R","M","R","T","M","M","$","R","?","R","BOSS"],"build_version":"2019-01-23","purchased_purges":1,"victory":false,"max_hp_per_floor":[75,75,75,75,75,75,75,75,75,75,75,77,77,77,77,77,77,79,79,84,84,89,89,92,92,92,92,95,95,95,100,100,100],"card_choices":[{"not_picked":["Body Slam","Heavy Blade"],"picked":"Thunderclap","floor":1},{"not_picked":["Evolve","Entrench"],"picked":"Sword Boomerang","floor":3},{"not_picked":["True Grit","Iron Wave"],"picked":"Inflame","floor":4},{"not_picked":["True Grit","Armaments"],"picked":"Whirlwind","floor":7},{"not_picked":["Iron Wave","True Grit"],"picked":"Twin Strike","floor":11},{"not_picked":["Seeing Red","Sword Boomerang","Flex"],"picked":"Singing Bowl","floor":12},{"not_picked":["Brutality","Cleave"],"picked":"Dropkick","floor":13},{"not_picked":["Double Tap","Barricade"],"picked":"Feed","floor":16},{"not_picked":["Thunderclap","Pommel Strike","Warcry"],"picked":"Singing Bowl","floor":18},{"not_picked":["Clash","Bludgeon","Combust"],"picked":"Singing Bowl","floor":20},{"not_picked":["Warcry","Evolve","Headbutt"],"picked":"Singing Bowl","floor":22},{"not_picked":["Rupture","Searing Blow"],"picked":"Uppercut","floor":24},{"not_picked":["Thunderclap","Clothesline"],"picked":"Armaments+1","floor":27},{"not_picked":["Fire Breathing","Anger"],"picked":"Ghostly Armor","floor":28},{"not_picked":["Evolve","Corruption","Feel No Pain"],"picked":"Singing Bowl","floor":31}],"player_experience":1788707,"relics_obtained":[{"floor":9,"key":"Singing Bowl"},{"floor":13,"key":"Tiny Chest"},{"floor":19,"key":"Enchiridion"},{"floor":20,"key":"Red Mask"},{"floor":26,"key":"Boot"}],"event_choices":[{"damage_healed":3,"gold_gain":0,"player_choice":"Full Heal","damage_taken":0,"max_hp_gain":0,"max_hp_loss":0,"event_name":"Wheel of Change","floor":2,"gold_loss":0},{"damage_healed":0,"gold_gain":0,"player_choice":"Ignored","damage_taken":0,"max_hp_gain":0,"max_hp_loss":0,"event_name":"Liars Game","floor":14,"gold_loss":0},{"damage_healed":0,"gold_gain":0,"player_choice":"Obtained Book","damage_taken":21,"max_hp_gain":0,"max_hp_loss":0,"event_name":"Cursed Tome","floor":19,"gold_loss":0},{"damage_healed":0,"gold_gain":0,"player_choice":"Fought Bandits","damage_taken":0,"max_hp_gain":0,"max_hp_loss":0,"event_name":"Masked Bandits","floor":20,"gold_loss":0},{"damage_healed":0,"gold_gain":0,"player_choice":"Bought 1 Potion","damage_taken":0,"max_hp_gain":0,"max_hp_loss":0,"event_name":"The Woman in Blue","floor":21,"gold_loss":0}],"is_beta":false,"boss_relics":[{"not_picked":["Runic Pyramid","Mark of Pain"],"picked":"Velvet Choker"}],"items_purged_floors":[29],"is_endless":false,"potions_floor_spawned":[3,7,12,16,22,27],"killed_by":"Collector","ascension_level":19}