{"gold_per_floor":[110,128,128,128,140,159,216,228,283,283,300,311,20,36,36,36],"floor_reached":16,"playtime":702,"items_purged":[],"score":212,"play_id":"d84ac250-87ff-4018-b659-2c373fea7301","local_time":"20181110083119","is_ascension_mode":true,"campfire_choices":[{"floor":10,"key":"REST"},{"floor":15,"key":"REST"}],"neow_cost":"NONE","seed_source_timestamp":690233953546925,"circlet_count":0,"master_deck":["AscendersBane","Strike_R","Strike_R","Strike_R","Strike_R","Defend_R","Defend_R","Defend_R","Defend_R","Bash","Pommel Strike","Rampage+1","Sentinel","Ghostly Armor","Warcry","Clothesline","Battle Trance","Spot Weakness","Disarm","Metallicize"],"relics":["Burning Blood","Strawberry","Tiny Chest","Blood Vial","Strange Spoon"],"potions_floor_usage":[8,16],"damage_taken":[{"damage":7,"enemies":"Small Slimes","floor":1,"turns":4},{"damage":13,"enemies":"2 Louse","floor":2,"turns":3},{"damage":2,"enemies":"Cultist","floor":5,"turns":4},{"damage":11,"enemies":"Exordium Wildlife","floor":6,"turns":6},{"damage":56,"enemies":"Gremlin Nob","floor":7,"turns":5},{"damage":13,"enemies":"Large Slime","floor":8,"turns":5},{"damage":26,"enemies":"Exordium Thugs","floor":11,"turns":6},{"damage":2,"enemies":"2 Fungi Beasts","floor":12,"turns":5},{"damage":9,"enemies":"Red Slaver","floor":14,"turns":5},{"damage":50,"enemies":"Slime Boss","floor":16,"turns":8}],"seed_played":"-3149679185339720800","potions_obtained":[{"floor":7,"key":"AttackPotion"},{"floor":8,"key":"Strength Potion"},{"floor":14,"key":"EssenceOfSteel"}],"is_trial":false,"path_per_floor":["M","M","?","?","M","M","E","M","T","R","M","M","$","M","R","B"],"character_chosen":"IRONCLAD","items_purchased":["Strange Spoon","Disarm"],"campfire_rested":2,"item_purchase_floors":[13,13],"current_hp_per_floor":[74,67,67,67,71,66,16,9,9,33,15,21,21,20,44,0],"gold":36,"neow_bonus":"RANDOM_COMMON_RELIC","is_prod":false,"is_daily":false,"chose_seed":false,"campfire_upgraded":0,"win_rate":0,"timestamp":1541867479,"path_taken":["M","M","?","?","M","?","E","M","T","R","M","M","$","M","R","BOSS"],"build_version":"2018-11-08","purchased_purges":0,"victory":false,"max_hp_per_floor":[82,82,82,82,82,82,82,82,82,82,82,82,82,82,82,82],"card_choices":[{"not_picked":["Twin Strike","Flex"],"picked":"Pommel Strike","floor":1},{"not_picked":["True Grit","Sword Boomerang"],"picked":"Rampage","floor":2},{"not_picked":["Havoc","Intimidate"],"picked":"Ghostly Armor","floor":5},{"not_picked":["Body Slam","Searing Blow","Perfected Strike"],"picked":"SKIP","floor":6},{"not_picked":["Pommel Strike","Fire Breathing"],"picked":"Warcry","floor":7},{"not_picked":["Twin Strike","Sword Boomerang"],"picked":"Clothesline","floor":8},{"not_picked":["Power Through","Dropkick"],"picked":"Battle Trance","floor":11},{"not_picked":["Power Through","Flame Barrier"],"picked":"Spot Weakness","floor":12},{"not_picked":["Clash","Sword Boomerang"],"picked":"Metallicize","floor":14}],"player_experience":931753,"relics_obtained":[{"floor":7,"key":"Tiny Chest"},{"floor":9,"key":"Blood Vial"}],"event_choices":[{"damage_healed":0,"gold_gain":0,"player_choice":"Grow","damage_taken":0,"max_hp_gain":0,"max_hp_loss":0,"event_name":"Living Wall","floor":3,"gold_loss":0,"cards_upgraded":["Rampage"]},{"damage_healed":0,"gold_gain":0,"cards_transformed":["Strike_R"],"player_choice":"Transformed","damage_taken":0,"max_hp_gain":0,"max_hp_loss":0,"event_name":"Transmorgrifier","floor":4,"gold_loss":0,"cards_obtained":["Sentinel"]}],"is_beta":true,"boss_relics":[],"items_purged_floors":[],"is_endless":false,"potions_floor_spawned":[7,8,14],"killed_by":"Slime Boss","ascension_level":20}