{"gold_per_floor":[113,63,63,63,63,106,106,125,148,173,194,227,247,272,272,272],"floor_reached":16,"playtime":1799,"items_purged":[],"score":140,"play_id":"9fff668c-f099-4b8b-b3a3-423968bf6282","local_time":"20190206140854","is_ascension_mode":true,"campfire_choices":[{"floor":7,"key":"REST"},{"floor":15,"key":"REST"}],"neow_cost":"NONE","seed_source_timestamp":185245655916271,"circlet_count":0,"master_deck":["Defend_G","Defend_G","Defend_G","Strike_G","Strike_G","Strike_G","Survivor","Neutralize","Doppelganger","Well Laid Plans","Predator","Backflip","Phantasmal Killer","Poisoned Stab","Adrenaline","PiercingWail"],"relics":["Ring of the Snake","Golden Idol","Frozen Egg 2","Bag of Preparation","Mercury Hourglass"],"potions_floor_usage":[6,12,16],"damage_taken":[{"damage":2,"enemies":"Jaw Worm","floor":1,"turns":7},{"damage":31,"enemies":"3 Sentries","floor":6,"turns":18},{"damage":1,"enemies":"Small Slimes","floor":8,"turns":4},{"damage":0,"enemies":"2 Louse","floor":10,"turns":2},{"damage":0,"enemies":"2 Fungi Beasts","floor":11,"turns":3},{"damage":24,"enemies":"Gremlin Nob","floor":12,"turns":4},{"damage":4,"enemies":"Exordium Thugs","floor":13,"turns":4},{"damage":1,"enemies":"Lots of Slimes","floor":14,"turns":3},{"damage":36,"enemies":"Slime Boss","floor":16,"turns":5}],"seed_played":"2843075033410671221","potions_obtained":[{"floor":1,"key":"Swift Potion"},{"floor":8,"key":"Swift Potion"},{"floor":12,"key":"Ancient Potion"},{"floor":14,"key":"PowerPotion"}],"is_trial":false,"path_per_floor":["M","?","?","?","?","E","R","M","T","M","M","E","M","M","R","B"],"character_chosen":"THE_SILENT","items_purchased":[],"campfire_rested":2,"item_purchase_floors":[],"current_hp_per_floor":[68,68,65,58,58,27,46,45,45,45,45,21,17,16,35,0],"gold":272,"neow_bonus":"TRANSFORM_CARD","is_prod":false,"is_daily":false,"chose_seed":false,"campfire_upgraded":0,"win_rate":0,"timestamp":1549440534,"path_taken":["M","?","?","?","?","E","R","M","T","M","M","E","?","M","R","BOSS"],"build_version":"2019-01-23","purchased_purges":0,"victory":false,"max_hp_per_floor":[70,70,65,65,65,65,65,65,65,65,65,65,65,65,65,65],"card_choices":[{"not_picked":["Endless Agony","PiercingWail"],"picked":"Well Laid Plans","floor":1},{"not_picked":["Expertise","Finisher"],"picked":"Predator","floor":6},{"not_picked":["Outmaneuver","Bane"],"picked":"Backflip","floor":8},{"not_picked":["Deadly Poison","Outmaneuver"],"picked":"Phantasmal Killer","floor":10},{"not_picked":["Prepared","Underhanded Strike"],"picked":"Poisoned Stab","floor":11},{"not_picked":["Slice","Dagger Spray"],"picked":"Adrenaline","floor":12},{"not_picked":["Deflect","Poisoned Stab"],"picked":"PiercingWail","floor":13},{"not_picked":["Outmaneuver","Predator","Masterful Stab"],"picked":"SKIP","floor":14}],"player_experience":736755,"relics_obtained":[{"floor":6,"key":"Frozen Egg 2"},{"floor":9,"key":"Bag of Preparation"},{"floor":12,"key":"Mercury Hourglass"}],"event_choices":[{"cards_removed":["Defend_G"],"damage_healed":0,"gold_gain":0,"player_choice":"Card Removal","damage_taken":0,"max_hp_gain":0,"max_hp_loss":0,"event_name":"The Cleric","floor":2,"gold_loss":50},{"damage_healed":0,"gold_gain":0,"player_choice":"Lose Max HP","damage_taken":0,"relics_obtained":["Golden Idol"],"max_hp_gain":0,"max_hp_loss":5,"event_name":"Golden Idol","floor":3,"gold_loss":0},{"cards_removed":["Strike_G"],"damage_healed":0,"gold_gain":0,"player_choice":"Card Removal","damage_taken":7,"max_hp_gain":0,"max_hp_loss":0,"event_name":"Golden Wing","floor":4,"gold_loss":0},{"cards_removed":["Defend_G"],"damage_healed":0,"gold_gain":0,"player_choice":"Purged","damage_taken":0,"max_hp_gain":0,"max_hp_loss":0,"event_name":"Purifier","floor":5,"gold_loss":0}],"is_beta":false,"boss_relics":[],"items_purged_floors":[],"is_endless":false,"potions_floor_spawned":[1,8,12,14],"killed_by":"Slime Boss","ascension_level":5}