{"gold_per_floor":[111,111,131,141,141,141],"floor_reached":6,"playtime":151,"items_purged":[],"score":72,"play_id":"c4e55698-1527-4592-bf39-9e9f3aeb0543","local_time":"20181210145748","is_ascension_mode":true,"campfire_choices":[],"neow_cost":"NONE","seed_source_timestamp":265184812250689,"circlet_count":0,"master_deck":["AscendersBane","Strike_R","Strike_R","Strike_R","Strike_R","Strike_R","Defend_R","Defend_R","Defend_R","Defend_R","Bash","Sword Boomerang","Demon Form","Pummel","Inflame","Dropkick","Iron Wave","Regret","Shrug It Off","Pommel Strike","Entrench"],"relics":["Orrery","Vajra"],"potions_floor_usage":[6],"damage_taken":[{"damage":9,"enemies":"Small Slimes","floor":1,"turns":3},{"damage":7,"enemies":"2 Louse","floor":3,"turns":2},{"damage":0,"enemies":"Cultist","floor":4,"turns":2},{"damage":60,"enemies":"3 Sentries","floor":6,"turns":5}],"seed_played":"9193369499186788830","potions_obtained":[{"floor":4,"key":"Fruit Juice"}],"is_trial":false,"path_per_floor":["M","?","M","M","?","E"],"character_chosen":"IRONCLAD","items_purchased":[],"campfire_rested":0,"item_purchase_floors":[],"current_hp_per_floor":[59,59,52,52,52,0],"gold":141,"neow_bonus":"BOSS_RELIC","is_prod":false,"is_daily":false,"chose_seed":false,"campfire_upgraded":0,"win_rate":0,"timestamp":1544479068,"path_taken":["M","?","M","M","?","E"],"build_version":"2018-12-06","purchased_purges":0,"victory":false,"max_hp_per_floor":[75,75,75,75,75,80],"card_choices":[{"not_picked":["Dual Wield","Blood for Blood"],"picked":"Sword Boomerang","floor":0},{"not_picked":["Heavy Blade","Blood for Blood"],"picked":"Demon Form","floor":0},{"not_picked":["Second Wind","Havoc"],"picked":"Pummel","floor":0},{"not_picked":["Infernal Blade","Body Slam"],"picked":"Inflame","floor":0},{"not_picked":["Intimidate","Feel No Pain"],"picked":"Dropkick","floor":0},{"not_picked":["Feel No Pain","Burning Pact"],"picked":"Iron Wave","floor":1},{"not_picked":["Thunderclap","Reckless Charge"],"picked":"Shrug It Off","floor":3},{"not_picked":["Shrug It Off","Havoc"],"picked":"Pommel Strike","floor":4}],"player_experience":586811,"relics_obtained":[],"event_choices":[{"damage_healed":0,"gold_gain":0,"player_choice":"Box","damage_taken":0,"relics_obtained":["Vajra"],"max_hp_gain":0,"max_hp_loss":0,"event_name":"Big Fish","floor":2,"gold_loss":0,"cards_obtained":["Regret"]},{"damage_healed":0,"gold_gain":0,"player_choice":"1 cards matched","damage_taken":0,"max_hp_gain":0,"max_hp_loss":0,"event_name":"Match and Keep!","floor":5,"gold_loss":0,"cards_obtained":["Entrench"]}],"is_beta":false,"boss_relics":[],"items_purged_floors":[],"is_endless":false,"potions_floor_spawned":[4],"killed_by":"3 Sentries","ascension_level":20}