{"gold_per_floor":[113,113,113,123,139,139,158,176,249,3,3,3,21,32,32,133,133,146,112,125,153,25,25,60,79,79,79,97,97,107,119,119,219,219,237,251,176,188,45,45,77,92,144,144,154,185,203,103,103,103],"floor_reached":51,"playtime":2969,"items_purged":["Strike_B","Strike_B"],"score":820,"play_id":"d7738b24-e9fd-4cb2-8990-e896aa595d07","local_time":"20180625085442","is_ascension_mode":true,"campfire_choices":[{"data":"Sunder","floor":6.0,"key":"SMITH"},{"data":"Beam Cell","floor":12.0,"key":"SMITH"},{"data":"Steam","floor":15.0,"key":"SMITH"},{"floor":23.0,"key":"REST"},{"data":"Go for the Eyes","floor":29.0,"key":"SMITH"},{"floor":32.0,"key":"REST"},{"data":"Conserve Battery","floor":40.0,"key":"SMITH"},{"data":"Ball Lightning","floor":44,"key":"SMITH"},{"data":"Seek","floor":49,"key":"SMITH"}],"neow_cost":"","seed_source_timestamp":0,"circlet_count":0,"master_deck":["Strike_B","Defend_B","Defend_B","Defend_B","Defend_B","Zap+1","Dualcast","Sunder+1","Beam Cell+1","Ball Lightning+1","Cold Snap","Steam+1","Heatsinks+1","Conserve Battery+1","Seek+1","Cold Snap+1","Loop+1","Stack+1","Ball Lightning+1","Defragment+1","Go for the Eyes+1","Self Repair+1","Defragment+1","FTL+1","Conserve Battery+1","Echo Form+1","Glacier+1"],"special_seed":0,"relics":["Cracked Core","Strawberry","Pantograph","Letter Opener","Frozen Egg 2","Eternal Feather","Red Mask","Omamori","Toolbox","DataDisk","Sozu","Vajra","Du-Vu Doll","Ancient Tea Set","Happy Flower"],"potions_floor_usage":[],"damage_taken":[{"damage":1.0,"enemies":"Cultist","floor":1.0,"turns":3.0},{"damage":0.0,"enemies":"Small Slimes","floor":4.0,"turns":2.0},{"damage":7.0,"enemies":"Jaw Worm","floor":5.0,"turns":2.0},{"damage":5.0,"enemies":"Gremlin Gang","floor":7.0,"turns":3.0},{"damage":7.0,"enemies":"Exordium Wildlife","floor":8.0,"turns":3.0},{"damage":0.0,"enemies":"Large Slime","floor":13.0,"turns":3.0},{"damage":3.0,"enemies":"Gremlin Gang","floor":14.0,"turns":4.0},{"damage":0.0,"enemies":"Slime Boss","floor":16.0,"turns":5.0},{"damage":18.0,"enemies":"2 Thieves","floor":18.0,"turns":3.0},{"damage":22.0,"enemies":"3 Byrds","floor":20.0,"turns":5.0},{"damage":18.0,"floor":21.0,"turns":5.0},{"damage":18.0,"enemies":"Book of Stabbing","floor":24.0,"turns":5.0},{"damage":24.0,"enemies":"3 Cultists","floor":25.0,"turns":5.0},{"damage":0.0,"enemies":"Snecko","floor":28.0,"turns":5.0},{"damage":21.0,"enemies":"Snake Plant","floor":30.0,"turns":4.0},{"damage":0.0,"enemies":"Centurion and Healer","floor":31.0,"turns":6.0},{"damage":29.0,"enemies":"Automaton","floor":33.0,"turns":9.0},{"damage":0.0,"enemies":"3 Darklings","floor":35.0,"turns":4.0},{"damage":0.0,"enemies":"Orb Walker","floor":36.0,"turns":4.0},{"damage":16.0,"enemies":"4 Shapes","floor":38.0,"turns":5.0},{"damage":13.0,"enemies":"Giant Head","floor":41.0,"turns":6.0},{"damage":0,"enemies":"Sphere and 2 Shapes","floor":42,"turns":4},{"damage":33,"enemies":"3 Darklings","floor":45,"turns":4},{"damage":8,"enemies":"Nemesis","floor":46,"turns":7},{"damage":7,"enemies":"4 Shapes","floor":47,"turns":5},{"damage":6,"enemies":"Donu and Deca","floor":50,"turns":12}],"seed_played":"6270795231969029605","potions_obtained":[{"floor":7.0,"key":"Poison Potion"},{"floor":8.0,"key":"Regen Potion"},{"floor":13.0,"key":"Swift Potion"},{"floor":14.0,"key":"Fire Potion"},{"floor":16.0,"key":"FairyPotion"},{"floor":21.0,"key":"Fire Potion"}],"is_trial":false,"path_per_floor":["M","?","T","M","M","R","M","M","T","$","?","R","M","M","R","B",null,"M","$","M","?","$","R","E","M","T","?","M","R","M","M","R","B",null,"M","M","$","M","$","R","E","M","T","R","M","E","M","$","R","B"],"character_chosen":"DEFECT","items_purchased":["Frozen Egg 2","Loop+1","Defragment+1","Go for the Eyes","Vajra"],"campfire_rested":2,"item_purchase_floors":[],"current_hp_per_floor":[81,81,81,81,74,74,69,62,62,62,55,55,55,52,52,82,82,64,64,42,24,24,56,38,24,24,24,34,44,33,43,77,63,82,82,82,82,66,66,76,82,82,82,82,59,61,64,64,74,82],"gold":103,"neow_bonus":"","is_prod":false,"is_daily":false,"chose_seed":false,"campfire_upgraded":7,"win_rate":0,"timestamp":1529942082,"path_taken":["M","?","?","M","?","R","M","M","T","$","?","R","M","M","R","BOSS","M","$","M","?","$","R","E","M","T","?","?","R","?","M","R","BOSS","M","?","?","M","$","R","E","?","T","R","M","E","M","$","R","BOSS"],"build_version":"2018-06-21v2","purchased_purges":2,"victory":true,"max_hp_per_floor":[82,82,82,82,82,82,82,82,82,82,82,82,82,82,82,82,82,82,82,82,82,82,82,82,82,82,82,82,82,82,82,82,82,82,82,82,82,82,82,82,82,82,82,82,82,82,82,82,82,82],"card_choices":[{"not_picked":["Rebound","Redo"],"picked":"Sunder","floor":1.0},{"not_picked":["Auto Shields","Double Energy"],"picked":"Beam Cell","floor":4.0},{"not_picked":["Recycle","Hello World"],"picked":"Ball Lightning","floor":5.0},{"not_picked":["Storm","Rebound"],"picked":"Cold Snap","floor":7.0},{"not_picked":["Beam Cell","Doom and Gloom"],"picked":"Steam","floor":8.0},{"not_picked":["Static Discharge+1","Rebound"],"picked":"Heatsinks+1","floor":13.0},{"not_picked":["Amplify","Hologram"],"picked":"Conserve Battery","floor":14.0},{"not_picked":["All For One","Meteor Strike"],"picked":"Seek","floor":16.0},{"not_picked":["Consume","Sweeping Beam"],"picked":"Cold Snap+1","floor":18.0},{"not_picked":["Compile Driver","Beam Cell"],"picked":"Stack+1","floor":20.0},{"not_picked":["Gash+1","Auto Shields+1"],"picked":"Ball Lightning+1","floor":21.0},{"not_picked":["White Noise","Gash+1"],"picked":"Self Repair+1","floor":24.0},{"not_picked":["Conserve Battery","Streamline+1"],"picked":"Defragment+1","floor":25.0},{"not_picked":["Aggregate","Double Energy","Darkness"],"picked":"SKIP","floor":28.0},{"not_picked":["Sunder","Multi-Cast"],"picked":"FTL+1","floor":30.0},{"not_picked":["Steam","Recycle"],"picked":"Conserve Battery+1","floor":31.0},{"not_picked":["Meteor Strike","Electrodynamics+1"],"picked":"Echo Form+1","floor":33.0},{"not_picked":["Redo+1","Ball Lightning+1","Sweeping Beam"],"picked":"SKIP","floor":35.0},{"not_picked":["Rebound+1","Defragment+1","Conserve Battery"],"picked":"SKIP","floor":36.0},{"not_picked":["Leap","Barrage+1","Hello World+1"],"picked":"SKIP","floor":38.0},{"not_picked":["Doom and Gloom","Conserve Battery","Aggregate"],"picked":"SKIP","floor":41.0},{"not_picked":["Rebound","Conserve Battery","Chill+1"],"picked":"SKIP","floor":42},{"not_picked":["Conserve Battery","Beam Cell"],"picked":"Glacier+1","floor":45},{"not_picked":["Thunder Strike","Compile Driver","Streamline+1"],"picked":"SKIP","floor":46},{"not_picked":["Turbo+1","Leap+1","Doom and Gloom"],"picked":"SKIP","floor":47}],"player_experience":922166,"relics_obtained":[{"floor":3.0,"key":"Pantograph"},{"floor":9.0,"key":"Letter Opener"},{"floor":21.0,"key":"Red Mask"},{"floor":24.0,"key":"Omamori"},{"floor":26.0,"key":"Toolbox"},{"floor":41.0,"key":"Du-Vu Doll"},{"floor":43,"key":"Ancient Tea Set"},{"floor":46,"key":"Happy Flower"}],"event_choices":[{"event_name":"Living Wall","player_choice":"Grow","floor":2.0,"damage_taken":0.0},{"event_name":"Golden Wing","player_choice":"Card Removal","floor":11.0,"damage_taken":0.0},{"event_name":"Masked Bandits","player_choice":"Fought over 125 gold","floor":21.0,"damage_taken":0.0},{"event_name":"The Mausoleum","player_choice":"Yes","floor":27.0,"damage_taken":0.0}],"boss_relics":[{"not_picked":["Black Star","Calling Bell"],"picked":"Eternal Feather"},{"not_picked":["Coffee Dripper","Snecko Eye"],"picked":"Sozu"}],"items_purged_floors":[],"is_endless":false,"potions_floor_spawned":[7,8,13,14,16,21,28,30,36,41,45],"ascension_level":2}