{"gold_per_floor":[114,114,114,133,113,113,151,170,195,233,252,329,348,367,367,492,492,511,530,27,27,27,57,57,57,82,97,147,177,192,207,207,307,307,322,337,337,337,337,367,367,382,382,412,32,32,62,77,77,77],"floor_reached":51,"playtime":2860,"items_purged":[],"score":1260,"play_id":"51830c48-7756-43fa-9aa2-516b55617c3c","local_time":"20180913093149","daily_mods":["Insanity","Terminal","Hoarder"],"is_ascension_mode":false,"campfire_choices":[{"data":"Seek","floor":6,"key":"SMITH"},{"data":"Hyperbeam","floor":15,"key":"SMITH"},{"data":"Seek","floor":24,"key":"SMITH"},{"data":"Hologram","floor":32,"key":"SMITH"},{"data":"Turbo","floor":46,"key":"SMITH"},{"data":"Turbo","floor":49,"key":"SMITH"}],"neow_cost":"","seed_source_timestamp":0,"circlet_count":0,"master_deck":["Glacier+1","Defragment+1","BootSequence+1","All For One+1","Recycle+1","Chill+1","FTL+1","Go for the Eyes+1","Seek+1","Barrage+1","Zap+1","Rainbow+1","Defend_B+1","Auto Shields+1","Hologram+1","Auto Shields+1","Static Discharge+1","Gash+1","Compile Driver+1","Genetic Algorithm+1","Electrodynamics+1","Consume+1","Hyperbeam+1","Sunder+1","Seek+1","Streamline+1","Static Discharge+1","Scrape+1","FTL+1","Seek+1","Genetic Algorithm+1","Amplify+1","Auto Shields+1","Heatsinks+1","Dualcast+1","Aggregate+1","Compile Driver+1","Sunder+1","Cold Snap+1","Rip and Tear+1","Cold Snap+1","Compile Driver+1","Stack+1","Static Discharge+1","Chaos+1","All For One+1","Meteor Strike+1","Stack+1","Reprogram+1","Coolheaded+1","Coolheaded+1","Coolheaded+1","Injury","Injury","Injury","Steam Power+1","Steam Power+1","Steam Power+1","Ball Lightning+1","Ball Lightning+1","Ball Lightning+1","Rebound+1","Rebound+1","Rebound+1","Beam Cell+1","Beam Cell+1","Beam Cell+1","Buffer+1","Buffer+1","Buffer+1","Skim+1","Skim+1","Skim+1","Turbo+1","Turbo+1","Turbo+1","Seek+1","Seek+1","Seek+1","Defragment+1","Defragment+1","Defragment+1","Master of Strategy+1","Master of Strategy+1","Master of Strategy+1","Hello World+1","Hello World+1","Hello World+1","Echo Form+1","Echo Form+1","Echo Form+1","Conserve Battery+1","Conserve Battery+1","Conserve Battery+1","Defragment+1","Defragment+1","Defragment+1","Go for the Eyes+1","Go for the Eyes+1","Go for the Eyes+1","Transmutation+1","Transmutation+1","Transmutation+1","Writhe","Writhe","Writhe","Storm+1","Storm+1","Storm+1","Panache+1","Panache+1","Panache+1","Turbo","Turbo+1","Turbo+1"],"special_seed":17787,"relics":["Cracked Core","Bloody Idol","PreservedInsect","Whetstone","Frozen Egg 2","Busted Crown","Singing Bowl","Red Mask","Mummified Hand","Juzu Bracelet","Potion Belt","Lantern","Coffee Dripper","Mark of the Bloom","Sundial","Kunai","Bottled Lightning","War Paint","DataDisk"],"potions_floor_usage":[7,11,11,35,36,42,50,50,50],"damage_taken":[{"damage":0,"enemies":"Small Slimes","floor":1,"turns":1},{"damage":0,"enemies":"Jaw Worm","floor":4,"turns":2},{"damage":0,"enemies":"3 Sentries","floor":7,"turns":2},{"damage":0,"enemies":"Cultist","floor":8,"turns":1},{"damage":3,"enemies":"Lagavulin","floor":10,"turns":5},{"damage":0,"enemies":"2 Fungi Beasts","floor":11,"turns":3},{"damage":0,"enemies":"Exordium Wildlife","floor":13,"turns":2},{"damage":0,"enemies":"Gremlin Gang","floor":14,"turns":1},{"damage":10,"enemies":"The Guardian","floor":16,"turns":7},{"damage":0,"enemies":"Spheric Guardian","floor":18,"turns":1},{"damage":0,"enemies":"Shell Parasite","floor":19,"turns":4},{"damage":0,"enemies":"Masked Bandits","floor":22,"turns":2},{"damage":0,"enemies":"Gremlin Leader","floor":23,"turns":3},{"damage":0,"enemies":"Snake Plant","floor":27,"turns":2},{"damage":3,"enemies":"Book of Stabbing","floor":29,"turns":3},{"damage":0,"enemies":"Snecko","floor":30,"turns":5},{"damage":0,"enemies":"3 Cultists","floor":31,"turns":5},{"damage":0,"enemies":"Champ","floor":33,"turns":7},{"damage":2,"enemies":"3 Shapes","floor":35,"turns":3},{"damage":0,"enemies":"3 Darklings","floor":36,"turns":4},{"damage":0,"enemies":"Nemesis","floor":40,"turns":5},{"damage":5,"enemies":"Sphere and 2 Shapes","floor":42,"turns":3},{"damage":0,"enemies":"Giant Head","floor":44,"turns":5},{"damage":0,"enemies":"2 Orb Walkers","floor":47,"turns":2},{"damage":0,"enemies":"Reptomancer","floor":48,"turns":1},{"damage":0,"enemies":"Awakened One","floor":50,"turns":4}],"seed_played":"-5730593417143265092","potions_obtained":[{"floor":1,"key":"Strength Potion"},{"floor":4,"key":"Fire Potion"},{"floor":5,"key":"SkillPotion"},{"floor":8,"key":"GamblersBrew"},{"floor":10,"key":"PowerPotion"},{"floor":16,"key":"Weak Potion"},{"floor":23,"key":"AttackPotion"},{"floor":29,"key":"SkillPotion"},{"floor":30,"key":"Block Potion"},{"floor":31,"key":"Block Potion"},{"floor":36,"key":"SpeedPotion"},{"floor":40,"key":"Regen Potion"},{"floor":42,"key":"Block Potion"}],"is_trial":false,"path_per_floor":["M","?","?","M","?","R","E","M","T","E","M","?","M","M","R","B",null,"M","M","$","?","?","E","R","?","T","M","T","E","M","M","R","B",null,"M","M","?","?","?","E","R","M","T","E","$","R","E","M","R","B"],"character_chosen":"DEFECT","items_purchased":["Singing Bowl","Master of Strategy","Hello World+1","War Paint","Panache+1","Turbo"],"campfire_rested":0,"item_purchase_floors":[20,20,20,45,45,45],"current_hp_per_floor":[73,72,71,70,69,68,67,66,65,62,63,62,61,60,59,49,57,56,55,54,53,54,55,54,53,52,51,50,49,50,51,50,51,50,49,50,44,44,44,44,44,39,39,39,39,39,39,39,39,39],"gold":77,"neow_bonus":"","is_prod":false,"is_daily":true,"chose_seed":false,"campfire_upgraded":6,"win_rate":0,"timestamp":1536823909,"path_taken":["M","?","?","?","?","R","E","M","T","E","M","?","M","?","R","BOSS","M","M","$","?","?","E","R","?","T","M","?","E","M","M","R","BOSS","M","M","?","?","?","E","R","M","T","E","$","R","E","M","R","BOSS"],"build_version":"2018-09-10","purchased_purges":0,"victory":true,"max_hp_per_floor":[73,72,71,70,69,68,67,66,65,64,63,62,61,60,59,58,57,56,55,54,53,54,55,54,53,52,51,50,49,50,51,50,51,50,49,50,53,52,51,52,51,52,51,50,49,48,49,50,49,48],"card_choices":[{"not_picked":["Steam","Fusion"],"picked":"Coolheaded","floor":1},{"not_picked":["Stack","Turbo"],"picked":"Steam Power","floor":4},{"not_picked":["Lockon","Barrage"],"picked":"Ball Lightning","floor":7},{"not_picked":["Redo","Barrage"],"picked":"Rebound","floor":8},{"not_picked":["Chaos","Genetic Algorithm"],"picked":"Beam Cell","floor":10},{"not_picked":["Streamline","Ball Lightning"],"picked":"Buffer+1","floor":11},{"not_picked":["Redo","Recycle"],"picked":"Skim","floor":13},{"not_picked":["Undo","Hologram"],"picked":"Turbo","floor":14},{"not_picked":["Amplify","Biased Cognition+1"],"picked":"Seek","floor":16},{"not_picked":[],"picked":"Defragment+1","floor":18},{"not_picked":["Sweeping Beam"],"picked":"SKIP","floor":19},{"not_picked":["Rebound"],"picked":"Singing Bowl","floor":22},{"not_picked":["Redo"],"picked":"Singing Bowl","floor":23},{"not_picked":[],"picked":"Conserve Battery","floor":27},{"not_picked":[],"picked":"Defragment+1","floor":29},{"not_picked":["Consume+1"],"picked":"Singing Bowl","floor":30},{"not_picked":["Stack"],"picked":"Singing Bowl","floor":31},{"not_picked":["Fission"],"picked":"Singing Bowl","floor":33},{"not_picked":[],"picked":"Go for the Eyes+1","floor":35},{"not_picked":["Lockon+1"],"picked":"Singing Bowl","floor":36},{"not_picked":["Dramatic Entrance"],"picked":"Singing Bowl","floor":37},{"not_picked":["Purity"],"picked":"Singing Bowl","floor":37},{"not_picked":[],"picked":"Transmutation","floor":37},{"not_picked":["Auto Shields+1"],"picked":"Singing Bowl","floor":40},{"not_picked":["Ball Lightning"],"picked":"Singing Bowl","floor":42},{"not_picked":[],"picked":"Storm+1","floor":44},{"not_picked":["Barrage"],"picked":"Singing Bowl","floor":47},{"not_picked":["Hello World+1"],"picked":"Singing Bowl","floor":48}],"player_experience":125191,"relics_obtained":[{"floor":7,"key":"PreservedInsect"},{"floor":9,"key":"Whetstone"},{"floor":10,"key":"Frozen Egg 2"},{"floor":22,"key":"Red Mask"},{"floor":23,"key":"Mummified Hand"},{"floor":26,"key":"Juzu Bracelet"},{"floor":28,"key":"Potion Belt"},{"floor":29,"key":"Lantern"},{"floor":40,"key":"Sundial"},{"floor":43,"key":"Kunai"},{"floor":44,"key":"Bottled Lightning"},{"floor":47,"key":"DataDisk"}],"event_choices":[{"event_name":"The Cleric","player_choice":"Leave","floor":2,"damage_taken":0},{"event_name":"Golden Idol","player_choice":"Take Wound","floor":3,"damage_taken":0},{"event_name":"The Woman in Blue","player_choice":"Bought 1 Potion","floor":5,"damage_taken":0},{"event_name":"Golden Wing","player_choice":"Gained Gold","floor":12,"damage_taken":0},{"event_name":"Forgotten Altar","player_choice":"Gave Idol","floor":21,"damage_taken":0},{"event_name":"Masked Bandits","player_choice":"Fought Bandits","floor":22,"damage_taken":0},{"event_name":"Transmorgrifier","player_choice":"Transform","floor":25,"damage_taken":0},{"event_name":"SensoryStone","player_choice":"Memory 3","floor":37,"damage_taken":0},{"event_name":"MindBloom","player_choice":"Upgrade","floor":38,"damage_taken":0},{"event_name":"Winding Halls","player_choice":"Writhe","floor":39,"damage_taken":0}],"is_beta":true,"boss_relics":[{"not_picked":["Ectoplasm","Inserter"],"picked":"Busted Crown"},{"not_picked":["Runic Dome","Eternal Feather"],"picked":"Coffee Dripper"}],"items_purged_floors":[],"is_endless":false,"potions_floor_spawned":[1,4,8,10,16,23,29,30,31,33,36,40,42],"ascension_level":0}