{"gold_per_floor":[112,37,55,55,55,86,86,158,234,270,44,58,91,110,110,236,236,256,256,156,181,199,237,252,290,290,290,165,165,181,194,194,322,322,337,81,81,97,117,158,173,20,20,20,64,64,64,64,64,64,64,64,14,52,52],"floor_reached":55,"playtime":2789,"items_purged":["Strike_B","Strike_B+1","Strike_B+1"],"score":901,"play_id":"09c9bd7e-3df5-4c65-be62-b947af83857c","local_time":"20190202113509","is_ascension_mode":true,"campfire_choices":[{"data":"Zap","floor":7,"key":"SMITH"},{"data":"Defragment","floor":15,"key":"SMITH"},{"data":"Redo","floor":27,"key":"SMITH"},{"floor":32,"key":"REST"},{"floor":44,"key":"REST"},{"data":"Darkness","floor":47,"key":"SMITH"},{"floor":49,"key":"RECALL"},{"data":"Creative AI","floor":52,"key":"SMITH"}],"neow_cost":"NONE","seed_source_timestamp":379736850089399,"circlet_count":0,"master_deck":["Defend_B","Dualcast+1","Doom and Gloom+1","Machine Learning","Defragment+1","Chill","Redo+1","Electrodynamics","Defragment+1","Capacitor+1","Glacier+1","Redo+1","Capacitor+1","Necronomicurse","Creative AI+1","Chaos+1","Recycle+1","Buffer+1","Panacea","Finesse","Darkness+1","Undo+1","Streamline","Madness","Madness","Steam+1"],"relics":["FrozenCore","Golden Idol","Vajra","Mummified Hand","Question Card","Juzu Bracelet","Whetstone","Bronze Scales","Symbiotic Virus","Orichalcum","Necronomicon","Astrolabe","Cables","Art of War","Bag of Preparation","Potion Belt","Shuriken"],"potions_floor_usage":[10,13,16,33,55,55,55,55,55],"damage_taken":[{"damage":0,"enemies":"Small Slimes","floor":1,"turns":2},{"damage":6,"enemies":"Jaw Worm","floor":3,"turns":3},{"damage":16,"enemies":"Lagavulin","floor":6,"turns":5},{"damage":0,"enemies":"Gremlin Nob","floor":10,"turns":2},{"damage":7,"enemies":"2 Louse","floor":12,"turns":2},{"damage":1,"enemies":"3 Sentries","floor":13,"turns":6},{"damage":0,"enemies":"2 Fungi Beasts","floor":14,"turns":1},{"damage":3,"enemies":"The Guardian","floor":16,"turns":8},{"damage":5,"enemies":"Shell Parasite","floor":18,"turns":4},{"damage":13,"enemies":"2 Thieves","floor":21,"turns":2},{"damage":0,"enemies":"Sentry and Sphere","floor":22,"turns":5},{"damage":6,"enemies":"Book of Stabbing","floor":23,"turns":6},{"damage":0,"enemies":"Chosen and Byrds","floor":24,"turns":5},{"damage":0,"enemies":"Gremlin Leader","floor":25,"turns":6},{"damage":9,"enemies":"Centurion and Healer","floor":30,"turns":5},{"damage":7,"enemies":"Snake Plant","floor":31,"turns":5},{"damage":14,"enemies":"Collector","floor":33,"turns":8},{"damage":0,"enemies":"3 Shapes","floor":35,"turns":3},{"damage":9,"enemies":"3 Darklings","floor":38,"turns":4},{"damage":0,"enemies":"Transient","floor":39,"turns":5},{"damage":22,"enemies":"Nemesis","floor":40,"turns":7},{"damage":0,"enemies":"Maw","floor":41,"turns":7},{"damage":0,"enemies":"Giant Head","floor":45,"turns":7},{"damage":0,"enemies":"Awakened One","floor":50,"turns":9},{"damage":45,"enemies":"Shield and Spear","floor":54,"turns":5},{"damage":53,"enemies":"The Heart","floor":55,"turns":3}],"seed_played":"7242636642457111336","potions_obtained":[{"floor":6,"key":"FocusPotion"},{"floor":12,"key":"Block Potion"},{"floor":13,"key":"LiquidBronze"},{"floor":18,"key":"Strength Potion"},{"floor":23,"key":"Dexterity Potion"},{"floor":24,"key":"AttackPotion"},{"floor":35,"key":"SteroidPotion"},{"floor":45,"key":"Regen Potion"},{"floor":54,"key":"SkillPotion"}],"is_trial":false,"path_per_floor":["M","$","M","?","?","E","R","?","T","E","$","M","E","M","R","B",null,"M","?","$","M","M","E","M","E","T","R","$","?","M","M","R","B",null,"M","$","?","M","M","E","M","$","T","R","E","?","R","?","R","B",null,"R","$","E","B"],"character_chosen":"DEFECT","items_purchased":["Defragment","Juzu Bracelet","Cables","Bag of Preparation","PowerPotion"],"campfire_rested":2,"item_purchase_floors":[11,11,36,42,53],"current_hp_per_floor":[75,75,69,51,36,20,20,20,20,20,20,13,12,12,12,9,75,70,70,70,57,57,51,51,51,51,51,51,35,26,19,41,27,75,75,75,65,56,56,34,34,34,34,56,56,56,56,47,47,47,75,75,75,30,0],"gold":52,"neow_bonus":"REMOVE_CARD","is_prod":false,"is_daily":false,"chose_seed":false,"campfire_upgraded":5,"win_rate":0,"timestamp":1549067709,"path_taken":["M","$","M","?","?","E","R","?","T","E","$","M","E","M","R","BOSS","M","?","$","M","M","E","M","E","T","R","$","?","M","M","R","BOSS","M","$","?","M","M","E","M","$","T","R","E","?","R","?","R","BOSS","R","$","E","BOSS"],"build_version":"2019-01-23","purchased_purges":3,"victory":false,"max_hp_per_floor":[75,75,75,75,75,75,75,75,75,75,75,75,75,75,75,75,75,75,75,75,75,75,75,75,75,75,75,75,75,75,75,75,75,75,75,75,75,75,75,75,75,75,75,75,75,75,75,75,75,75,75,75,75,75,75],"card_choices":[{"not_picked":["Rebound","Blizzard"],"picked":"Doom and Gloom","floor":1},{"not_picked":["Conserve Battery","Rebound","Compile Driver"],"picked":"SKIP","floor":3},{"not_picked":["Stack","Coolheaded"],"picked":"Machine Learning","floor":6},{"not_picked":["Coolheaded","Cold Snap","Conserve Battery"],"picked":"SKIP","floor":10},{"not_picked":["Ball Lightning","Scrape","Skim"],"picked":"Chill","floor":12},{"not_picked":["Double Energy","Streamline","Ball Lightning"],"picked":"Redo","floor":13},{"not_picked":["Cold Snap","Self Repair","Aggregate","Sunder"],"picked":"SKIP","floor":14},{"not_picked":["Core Surge","Machine Learning","Amplify"],"picked":"Electrodynamics","floor":16},{"not_picked":["Double Energy","Beam Cell","Streamline","Hologram+1"],"picked":"SKIP","floor":18},{"not_picked":["Double Energy","Go for the Eyes","Compile Driver"],"picked":"Capacitor+1","floor":21},{"not_picked":["BootSequence+1","Streamline","Auto Shields","Double Energy"],"picked":"SKIP","floor":22},{"not_picked":["Buffer","Sweeping Beam","Leap+1"],"picked":"Glacier+1","floor":23},{"not_picked":["Beam Cell+1","Coolheaded","Stack"],"picked":"Redo+1","floor":24},{"not_picked":["Hologram","Rebound","Scrape"],"picked":"Capacitor+1","floor":25},{"not_picked":["Redo","Stack","Sweeping Beam","Barrage"],"picked":"SKIP","floor":30},{"not_picked":["Redo","Stack","Sweeping Beam","Barrage"],"picked":"SKIP","floor":30},{"not_picked":["Hello World","Gash","Fission","Leap"],"picked":"SKIP","floor":31},{"not_picked":["Hyperbeam","Amplify","Rainbow"],"picked":"Creative AI","floor":33},{"not_picked":["Coolheaded+1","Steam Power","Compile Driver","Melter+1"],"picked":"SKIP","floor":35},{"not_picked":["Bandage Up","Secret Weapon","HandOfGreed"],"picked":"Panacea","floor":37},{"not_picked":["Apotheosis","Blind","Metamorphosis"],"picked":"Finesse","floor":37},{"not_picked":["Beam Cell+1","Streamline+1","Lockon"],"picked":"Darkness","floor":38},{"not_picked":["Streamline","Redo","Steam Power","Turbo"],"picked":"SKIP","floor":39},{"not_picked":["Steam+1","Darkness","Compile Driver","Hello World"],"picked":"SKIP","floor":40},{"not_picked":["Leap","Streamline+1","Beam Cell+1","Go for the Eyes"],"picked":"SKIP","floor":41},{"not_picked":["Blizzard","Rebound","Multi-Cast"],"picked":"Undo+1","floor":45},{"not_picked":["Compile Driver","Gash+1","Sweeping Beam"],"picked":"Steam+1","floor":54}],"player_experience":1199768,"relics_obtained":[{"floor":6,"key":"Vajra"},{"floor":9,"key":"Mummified Hand"},{"floor":10,"key":"Question Card"},{"floor":13,"key":"Whetstone"},{"floor":23,"key":"Bronze Scales"},{"floor":25,"key":"Symbiotic Virus"},{"floor":26,"key":"Orichalcum"},{"floor":29,"key":"Necronomicon"},{"floor":40,"key":"Art of War"},{"floor":45,"key":"Potion Belt"},{"floor":54,"key":"Shuriken"}],"event_choices":[{"damage_healed":0,"gold_gain":0,"player_choice":"Take Damage","damage_taken":18,"relics_obtained":["Golden Idol"],"max_hp_gain":0,"max_hp_loss":0,"event_name":"Golden Idol","floor":4,"gold_loss":0},{"damage_healed":0,"gold_gain":0,"player_choice":"Entered Light","damage_taken":15,"max_hp_gain":0,"max_hp_loss":0,"event_name":"Shining Light","floor":5,"gold_loss":0,"cards_upgraded":["Dualcast","Strike_B"]},{"damage_healed":0,"gold_gain":72,"player_choice":"Gained Gold","damage_taken":0,"max_hp_gain":0,"max_hp_loss":0,"event_name":"Golden Wing","floor":8,"gold_loss":0},{"damage_healed":0,"gold_gain":0,"player_choice":"Copied","damage_taken":0,"max_hp_gain":0,"max_hp_loss":0,"event_name":"Duplicator","floor":19,"gold_loss":0,"cards_obtained":["Defragment"]},{"damage_healed":0,"gold_gain":0,"player_choice":"Obtained Book","damage_taken":16,"max_hp_gain":0,"max_hp_loss":0,"event_name":"Cursed Tome","floor":29,"gold_loss":0},{"damage_healed":0,"gold_gain":0,"player_choice":"Memory 3","damage_taken":10,"max_hp_gain":0,"max_hp_loss":0,"event_name":"SensoryStone","floor":37,"gold_loss":0},{"damage_healed":0,"gold_gain":0,"cards_transformed":["Defend_B"],"player_choice":"Transformed","damage_taken":0,"max_hp_gain":0,"max_hp_loss":0,"event_name":"Transmorgrifier","floor":46,"gold_loss":0,"cards_obtained":["Streamline"]},{"damage_healed":0,"gold_gain":0,"player_choice":"Embrace Madness","damage_taken":9,"max_hp_gain":0,"max_hp_loss":0,"event_name":"Winding Halls","floor":48,"gold_loss":0,"cards_obtained":["Madness","Madness"]}],"is_beta":true,"boss_relics":[{"not_picked":["Eternal Feather","Coffee Dripper"],"picked":"FrozenCore"},{"not_picked":["Orrery","Runic Dome"],"picked":"Astrolabe"}],"items_purged_floors":[2,20,28],"is_endless":false,"potions_floor_spawned":[6,12,13,18,23,24,31,35,41,45,54],"killed_by":"The Heart","ascension_level":1}