{"gold_per_floor":[119,119,132,150,160,160,194,0,23,33,33,66,78,163,175,283,295,325,357,369,381,148,182,182,192,192,210,220,220,220,237,237,237],"floor_reached":33,"playtime":2216,"items_purged":[],"score":403,"play_id":"8c1fc761-6f18-4882-a593-2ada94c75293","local_time":"20190131232150","is_ascension_mode":true,"campfire_choices":[{"data":"Skewer","floor":6,"key":"SMITH"},{"data":"Neutralize","floor":11,"key":"SMITH"},{"data":"Backflip","floor":13,"key":"SMITH"},{"data":"Backflip","floor":15,"key":"SMITH"},{"floor":24,"key":"REST"},{"data":"Caltrops","floor":30,"key":"SMITH"},{"data":"Footwork","floor":32,"key":"SMITH"}],"neow_cost":"NONE","seed_source_timestamp":178677015689050,"circlet_count":0,"master_deck":["Defend_G","Defend_G","Defend_G","Defend_G","Defend_G","Survivor","Neutralize+1","Endless Agony","Backflip+1","Backstab+1","Skewer+1","Flying Knee","Backstab","Backflip+1","Flying Knee+1","Die Die Die","Acrobatics+1","Blur","Bite","Bite","Bite","Bite","Bite","Caltrops+1","Cloak And Dagger","Cloak And Dagger","Sucker Punch","Footwork+1"],"relics":["Ring of the Snake","Blood Vial","Lee\u0027s Waffle","Bag of Marbles","MawBank","Matryoshka","White Beast Statue","Bottled Flame","Bag of Preparation","Whetstone","Pantograph"],"potions_floor_usage":[7,16,16,16,23,23,27,27,28,31,33,33],"damage_taken":[{"damage":0,"enemies":"2 Louse","floor":1,"turns":2},{"damage":0,"enemies":"Jaw Worm","floor":3,"turns":5},{"damage":2,"enemies":"Small Slimes","floor":4,"turns":2},{"damage":0,"enemies":"Blue Slaver","floor":5,"turns":3},{"damage":19,"enemies":"Lagavulin","floor":7,"turns":7},{"damage":0,"enemies":"3 Louse","floor":10,"turns":1},{"damage":0,"enemies":"3 Sentries","floor":12,"turns":7},{"damage":56,"enemies":"Slime Boss","floor":16,"turns":12},{"damage":6,"enemies":"2 Thieves","floor":18,"turns":2},{"damage":1,"enemies":"3 Byrds","floor":19,"turns":6},{"damage":46,"enemies":"Gremlin Leader","floor":23,"turns":9},{"damage":10,"enemies":"Snake Plant","floor":25,"turns":3},{"damage":0,"enemies":"Snecko","floor":27,"turns":2},{"damage":5,"enemies":"3 Cultists","floor":28,"turns":5},{"damage":5,"enemies":"Sentry and Sphere","floor":31,"turns":6},{"damage":90,"enemies":"Collector","floor":33,"turns":10}],"seed_played":"-1722413492474913225","potions_obtained":[{"floor":3,"key":"Explosive Potion"},{"floor":5,"key":"FearPotion"},{"floor":7,"key":"EntropicBrew"},{"floor":18,"key":"GhostInAJar"},{"floor":19,"key":"FearPotion"},{"floor":23,"key":"Fire Potion"},{"floor":25,"key":"PowerPotion"},{"floor":27,"key":"FearPotion"},{"floor":28,"key":"SteroidPotion"},{"floor":31,"key":"Swift Potion"}],"is_trial":false,"path_per_floor":["M","?","M","M","M","R","E","$","T","M","R","E","R","T","R","B",null,"M","M","$","?","$","E","R","M","T","M","M","?","R","M","R","B"],"character_chosen":"THE_SILENT","items_purchased":["Lee\u0027s Waffle","Bottled Flame"],"campfire_rested":1,"item_purchase_floors":[8,22],"current_hp_per_floor":[70,70,70,68,68,68,49,77,77,77,77,77,77,77,77,21,63,59,60,60,53,53,13,28,26,26,34,43,43,43,44,44,0],"gold":237,"neow_bonus":"THREE_CARDS","is_prod":false,"is_daily":false,"chose_seed":false,"campfire_upgraded":6,"win_rate":0,"timestamp":1548973310,"path_taken":["M","?","M","M","M","R","E","$","T","M","R","E","R","?","R","BOSS","M","M","$","?","$","E","R","M","T","M","M","?","R","M","R","BOSS"],"build_version":"2019-01-23","purchased_purges":0,"victory":false,"max_hp_per_floor":[70,70,70,70,70,70,70,77,77,77,77,77,77,77,77,77,77,77,77,77,53,53,53,53,53,53,53,53,53,53,53,53,53],"card_choices":[{"not_picked":["Crippling Poison","Dagger Spray"],"picked":"Endless Agony","floor":0},{"not_picked":["Blade Dance","Dagger Throw"],"picked":"Backflip","floor":1},{"not_picked":["Dagger Spray","Riddle With Holes"],"picked":"Backstab","floor":3},{"not_picked":["Bane","Deadly Poison"],"picked":"Skewer","floor":4},{"not_picked":["Phantasmal Killer","Blade Dance"],"picked":"Flying Knee","floor":5},{"not_picked":["Deadly Poison","Bane"],"picked":"Backstab","floor":7},{"not_picked":["Poisoned Stab","Acrobatics"],"picked":"Backflip","floor":10},{"not_picked":["Sucker Punch","Choke"],"picked":"Flying Knee","floor":12},{"not_picked":["Bullet Time","Envenom"],"picked":"Die Die Die","floor":16},{"not_picked":["Deadly Poison","Flying Knee"],"picked":"Acrobatics+1","floor":18},{"not_picked":["Dagger Spray","Sucker Punch"],"picked":"Blur","floor":19},{"not_picked":["Eviscerate+1","Phantasmal Killer"],"picked":"Caltrops","floor":23},{"not_picked":["Riddle With Holes","Bane","Choke"],"picked":"SKIP","floor":25},{"not_picked":["Slice+1","Deflect"],"picked":"Cloak And Dagger","floor":27},{"not_picked":["Flying Knee+1","Terror"],"picked":"Cloak And Dagger","floor":28},{"not_picked":["Outmaneuver","Sucker Punch"],"picked":"Footwork","floor":31}],"player_experience":409393,"relics_obtained":[{"floor":7,"key":"Blood Vial"},{"floor":9,"key":"Bag of Marbles"},{"floor":12,"key":"MawBank"},{"floor":14,"key":"Matryoshka"},{"floor":23,"key":"Bag of Preparation"},{"floor":26,"key":"Whetstone"},{"floor":26,"key":"Pantograph"}],"event_choices":[{"damage_healed":0,"gold_gain":0,"player_choice":"Leave","damage_taken":0,"max_hp_gain":0,"max_hp_loss":0,"event_name":"The Cleric","floor":2,"gold_loss":0},{"damage_healed":0,"gold_gain":0,"player_choice":"Became a vampire","damage_taken":0,"max_hp_gain":0,"max_hp_loss":24,"event_name":"Vampires","floor":21,"gold_loss":0,"cards_obtained":["Bite","Bite","Bite","Bite","Bite"]},{"damage_healed":0,"gold_gain":0,"player_choice":"Read","damage_taken":0,"max_hp_gain":0,"max_hp_loss":0,"event_name":"The Library","floor":29,"gold_loss":0,"cards_obtained":["Sucker Punch"]}],"is_beta":false,"boss_relics":[{"not_picked":["Runic Pyramid","Snecko Eye"],"picked":"White Beast Statue"}],"items_purged_floors":[],"is_endless":false,"potions_floor_spawned":[3,5,7,18,19,23,25,27,28,31],"killed_by":"Collector","ascension_level":5}