{"path_per_floor":["M","M","?","M","?","E","$","M","T","E","M","R","?","E","R","B",null,"M","?","?","$","?","E","M","R","T","M","E","?","E","M","R","B",null,"M","$","M","?","?","E","R","M","T","M","E","M","E","?","R","B"],"character_chosen":"IRONCLAD","items_purchased":["Bag of Marbles","Paper Frog"],"gold_per_floor":[111,124,124,144,144,169,94,113,113,144,163,163,163,188,188,290,290,305,305,305,61,61,94,114,114,141,158,183,183,217,229,229,332,332,351,104,116,116,116,143,143,159,189,202,230,241,273,273,273,273],"floor_reached":51,"campfire_rested":1,"playtime":3560,"current_hp_per_floor":[80,80,80,76,76,47,47,37,37,17,10,34,39,37,37,43,85,46,42,26,26,26,20,21,21,21,20,20,34,26,30,30,39,42,34,34,36,31,26,39,39,32,32,35,29,28,28,28,28,43],"items_purged":["Defend_R","Defend_R"],"gold":273,"score":1040,"play_id":"debbc11f-5947-4327-8c67-4280a47c2ab9","local_time":"20180407164823","is_prod":false,"is_daily":false,"is_ascension_mode":true,"campfire_upgraded":5,"timestamp":1523137703,"path_taken":["M","M","?","M","?","E","$","M","T","E","M","R","?","E","R","BOSS","M","?","?","$","?","E","M","R","T","?","E","?","E","M","R","BOSS","M","$","M","?","?","E","R","M","T","M","E","M","E","?","R","BOSS"],"build_version":"2018-04-05v2","purchased_purges":2,"victory":true,"master_deck":["Strike_R+1","Strike_R","Defend_R","Defend_R","Bash","Offering","Flex","Inflame+1","Disarm","Exhume+1","Pommel Strike","Pommel Strike","Sentinel","Warcry+1","Fiend Fire+1","Rage+1","Ghostly","Ghostly","Ghostly","Ghostly","Ghostly","Flex+1","Havoc+1","Inflame","Offering","Exhume","Uppercut","Spot Weakness+1","Flash of Steel","Swift Strike","Madness","Madness","Thunderclap","Inflame","Pommel Strike+1","Uppercut","Headbutt","Headbutt","Dark Embrace+1"],"max_hp_per_floor":[80,80,80,80,80,80,80,80,80,80,80,80,85,85,85,85,85,85,42,42,42,42,42,42,42,42,42,42,42,42,42,42,42,42,42,42,42,42,42,52,52,52,52,52,52,52,52,52,52,52],"relics":["Burning Blood","Kunai","Champion Belt","Pantograph","Blue Candle","White Beast Statue","Enchiridion","Bag of Marbles","Gambling Chip","Prayer Wheel","Juzu Bracelet","Mummified Hand","Lizard Tail","Paper Frog","Pear","Tiny Chest","Torii","Whetstone"],"card_choices":[{"not_picked":["Havoc","Flame Barrier"],"picked":"Flex","floor":1},{"not_picked":["Thunderclap","Evolve"],"picked":"Inflame","floor":2},{"not_picked":["Sever Soul","Impervious"],"picked":"Disarm","floor":4},{"not_picked":["Perfected Strike","Iron Wave"],"picked":"Exhume","floor":6},{"not_picked":["Uppercut","Perfected Strike"],"picked":"Pommel Strike","floor":8},{"not_picked":["Clothesline","Headbutt"],"picked":"Pommel Strike","floor":10},{"not_picked":["Blood for Blood","Anger"],"picked":"Sentinel","floor":11},{"not_picked":["Double Tap","Sword Boomerang"],"picked":"Warcry","floor":14},{"not_picked":["Immolate","Double Tap"],"picked":"Fiend Fire","floor":16},{"not_picked":["Wild Strike","Combust"],"picked":"Rage","floor":18},{"not_picked":["Armaments","Dark Embrace"],"picked":"Flex","floor":23},{"not_picked":["True Grit","Rupture"],"picked":"Havoc","floor":24},{"not_picked":["Metallicize","Clash"],"picked":"Inflame","floor":27},{"not_picked":["Twin Strike","Impervious"],"picked":"Offering","floor":30},{"not_picked":["Juggernaut","Demon Form"],"picked":"Exhume","floor":33},{"not_picked":["Blood for Blood","True Grit"],"picked":"Uppercut","floor":35},{"not_picked":["Anger","Reckless Charge"],"picked":"Spot Weakness","floor":37},{"not_picked":["Blind","Purity"],"picked":"Flash of Steel","floor":38},{"not_picked":["Blind","Mind Blast"],"picked":"Swift Strike","floor":38},{"not_picked":["Perfected Strike","True Grit"],"picked":"Thunderclap","floor":40},{"not_picked":["Body Slam","Carnage"],"picked":"Inflame","floor":42},{"not_picked":["Dropkick","Cleave"],"picked":"Pommel Strike","floor":43},{"not_picked":["Headbutt","Sword Boomerang"],"picked":"Uppercut","floor":44},{"not_picked":["Anger","Evolve"],"picked":"Headbutt","floor":45},{"not_picked":["Pummel","Perfected Strike"],"picked":"Headbutt","floor":46},{"not_picked":["Feel No Pain","Anger"],"picked":"Dark Embrace","floor":47}],"player_experience":137394,"potions_floor_usage":[14,16,16,23,23,27,30,33,33,35,42,44,45,46,50,50],"damage_taken":[{"damage":4,"enemies":"Small Slimes","floor":1,"turns":3},{"damage":4,"enemies":"Cultist","floor":2,"turns":2},{"damage":10,"enemies":"2 Louse","floor":4,"turns":3},{"damage":35,"enemies":"Lagavulin","floor":6,"turns":5},{"damage":16,"enemies":"Gremlin Gang","floor":8,"turns":4},{"damage":26,"enemies":"3 Sentries","floor":10,"turns":8},{"damage":13,"enemies":"Exordium Wildlife","floor":11,"turns":3},{"damage":8,"enemies":"Lagavulin","floor":14,"turns":3},{"damage":25,"enemies":"Hexaghost","floor":16,"turns":8},{"damage":45,"enemies":"2 Thieves","floor":18,"turns":3},{"damage":27,"enemies":"Slavers","floor":23,"turns":7},{"damage":5,"enemies":"Chosen","floor":24,"turns":6},{"damage":7,"enemies":"Snake Plant","floor":27,"turns":6},{"damage":6,"enemies":"Book of Stabbing","floor":28,"turns":4},{"damage":14,"enemies":"Gremlin Leader","floor":30,"turns":5},{"damage":2,"enemies":"Sentry and Sphere","floor":31,"turns":6},{"damage":9,"enemies":"Collector","floor":33,"turns":5},{"damage":14,"enemies":"3 Darklings","floor":35,"turns":7},{"damage":4,"enemies":"Orb Walker","floor":37,"turns":5},{"damage":3,"enemies":"Nemesis","floor":40,"turns":5},{"damage":28,"enemies":"3 Darklings","floor":42,"turns":6},{"damage":3,"enemies":"Maw","floor":44,"turns":5},{"damage":12,"enemies":"2 Orb Walkers","floor":45,"turns":5},{"damage":7,"enemies":"4 Shapes","floor":46,"turns":5},{"damage":6,"enemies":"Nemesis","floor":47,"turns":5},{"damage":15,"enemies":"Time Eater","floor":50,"turns":12}],"event_choices":[{"event_name":"Upgrade Shrine","player_choice":"Upgraded","floor":3,"damage_taken":0},{"event_name":"Bonfire Elementals","player_choice":"BASIC","floor":5,"damage_taken":0},{"event_name":"Big Fish","player_choice":"Donut","floor":13,"damage_taken":0},{"event_name":"Ghosts","player_choice":"Became a Ghost","floor":19,"damage_taken":0},{"event_name":"Cursed Tome","player_choice":"Obtained Book","floor":20,"damage_taken":0},{"event_name":"Vampires","player_choice":"Ignored","floor":22,"damage_taken":0},{"event_name":"The Library","player_choice":"Heal","floor":29,"damage_taken":0},{"event_name":"SensoryStone","player_choice":"Memory 2","floor":38,"damage_taken":0},{"event_name":"Winding Halls","player_choice":"Embrace Madness","floor":39,"damage_taken":0}],"boss_relics":[{"not_picked":["Calling Bell","Black Blood"],"picked":"White Beast Statue"},{"not_picked":["Runic Cube","Philosopher\u0027s Stone"],"picked":"Lizard Tail"}],"potions_floor_spawned":[4,6,8,14,16,18,23,24,27,28,30,31,33,35,37,40,42,44,45,46,47],"seed_played":"-2780613462026236304","ascension_level":3,"is_trial":false}