{"gold_per_floor":[117,136,136,35,35,65,65,94,94,124,124,135,155,80,80,80],"floor_reached":16,"playtime":626,"items_purged":["Injury"],"score":236,"play_id":"41b6dded-d5ae-4d78-af60-008bef94c408","local_time":"20181210110719","is_ascension_mode":true,"campfire_choices":[{"floor":7,"key":"REST"},{"floor":11,"key":"REST"},{"floor":15,"key":"REST"}],"neow_cost":"CURSE","seed_source_timestamp":250863086631566,"circlet_count":0,"master_deck":["AscendersBane","Strike_R","Strike_R","Strike_R","Strike_R","Strike_R","Defend_R","Defend_R","Defend_R","Defend_R","Bash","Dark Shackles","Jack Of All Trades","Shrug It Off","True Grit","Inflame","Armaments+1","Pummel","Cleave","Headbutt","Dark Embrace","Iron Wave"],"relics":["Burning Blood","Ginger","PreservedInsect","Question Card","Mango"],"potions_floor_usage":[6,6,10],"damage_taken":[{"damage":7,"enemies":"Small Slimes","floor":1,"turns":4},{"damage":12,"enemies":"Cultist","floor":2,"turns":4},{"damage":38,"enemies":"Gremlin Nob","floor":6,"turns":4},{"damage":32,"enemies":"Lagavulin","floor":8,"turns":9},{"damage":16,"enemies":"3 Sentries","floor":10,"turns":8},{"damage":12,"enemies":"Jaw Worm","floor":12,"turns":2},{"damage":21,"enemies":"Exordium Wildlife","floor":13,"turns":6},{"damage":51,"enemies":"Hexaghost","floor":16,"turns":11}],"seed_played":"-3242686482012180086","potions_obtained":[{"floor":1,"key":"AttackPotion"},{"floor":2,"key":"SkillPotion"},{"floor":8,"key":"Dexterity Potion"},{"floor":10,"key":"Swift Potion"}],"is_trial":false,"path_per_floor":["M","M","?","$","?","E","R","E","T","E","R","M","M","$","R","B"],"character_chosen":"IRONCLAD","items_purchased":["Inflame","Armaments"],"campfire_rested":3,"item_purchase_floors":[4,4],"current_hp_per_floor":[67,61,57,57,57,25,47,21,21,25,51,45,30,30,56,5],"gold":80,"neow_bonus":"RANDOM_COLORLESS_2","is_prod":false,"is_daily":false,"chose_seed":false,"campfire_upgraded":0,"win_rate":0,"timestamp":1544465239,"path_taken":["M","M","?","?","?","E","R","E","T","E","R","M","?","$","R","BOSS"],"build_version":"2018-12-06","purchased_purges":1,"victory":false,"max_hp_per_floor":[75,75,75,75,75,75,75,75,75,89,89,89,89,89,89,89],"card_choices":[{"not_picked":["Iron Wave","Shockwave"],"picked":"Shrug It Off","floor":1},{"not_picked":["Anger","Infernal Blade"],"picked":"True Grit","floor":2},{"not_picked":["Fire Breathing","Shrug It Off"],"picked":"Pummel","floor":6},{"not_picked":["Entrench","Evolve"],"picked":"Cleave","floor":8},{"not_picked":["Rupture","Clash","Heavy Blade"],"picked":"Headbutt","floor":10},{"not_picked":["Corruption","Headbutt","Seeing Red"],"picked":"Dark Embrace","floor":12},{"not_picked":["Fire Breathing","Wild Strike","Clash"],"picked":"Iron Wave","floor":13}],"player_experience":580830,"relics_obtained":[{"floor":6,"key":"Ginger"},{"floor":8,"key":"PreservedInsect"},{"floor":9,"key":"Question Card"},{"floor":10,"key":"Mango"}],"event_choices":[{"damage_healed":0,"gold_gain":0,"player_choice":"Bought 0 Potions","damage_taken":0,"max_hp_gain":0,"max_hp_loss":0,"event_name":"The Woman in Blue","floor":3,"gold_loss":0},{"damage_healed":0,"gold_gain":0,"player_choice":"Grow","damage_taken":0,"max_hp_gain":0,"max_hp_loss":0,"event_name":"Living Wall","floor":5,"gold_loss":0,"cards_upgraded":["Armaments"]}],"is_beta":false,"boss_relics":[],"items_purged_floors":[14],"is_endless":false,"potions_floor_spawned":[1,2,8,10],"killed_by":"Hexaghost","ascension_level":20}