{"gold_per_floor":[214,224,240,25,43,43,218,218,218,545,545,571,586,598,598,598],"floor_reached":16,"playtime":675,"items_purged":[],"score":146,"play_id":"6e45a5c5-e279-467c-8301-e2d9cccebf5f","local_time":"20190206234813","is_ascension_mode":true,"campfire_choices":[{"data":"Bash","floor":6,"key":"SMITH"},{"data":"Uppercut","floor":8,"key":"SMITH"},{"data":"Shockwave","floor":11,"key":"SMITH"},{"floor":15,"key":"REST"}],"neow_cost":"NONE","seed_source_timestamp":2279039443339653,"circlet_count":0,"master_deck":["Strike_R","Strike_R","Strike_R","Strike_R","Strike_R","Defend_R","Defend_R","Defend_R","Defend_R","Bash+1","Shockwave+1","Uppercut+1","Doubt","Seeing Red"],"relics":["Burning Blood","Membership Card","Pear","Old Coin","Calipers"],"potions_floor_usage":[13,14],"damage_taken":[{"damage":1,"enemies":"Small Slimes","floor":1,"turns":4},{"damage":3,"enemies":"Jaw Worm","floor":2,"turns":5},{"damage":6,"enemies":"Cultist","floor":3,"turns":4},{"damage":4,"enemies":"3 Louse","floor":5,"turns":4},{"damage":42,"enemies":"3 Sentries","floor":10,"turns":10},{"damage":35,"enemies":"Lagavulin","floor":12,"turns":7},{"damage":13,"enemies":"Large Slime","floor":13,"turns":7},{"damage":11,"enemies":"Red Slaver","floor":14,"turns":4},{"damage":48,"enemies":"The Guardian","floor":16,"turns":11}],"seed_played":"398106940514927463","potions_obtained":[{"floor":2,"key":"Energy Potion"},{"floor":3,"key":"EssenceOfSteel"},{"floor":10,"key":"FearPotion"},{"floor":12,"key":"Regen Potion"}],"is_trial":false,"path_per_floor":["M","M","M","$","M","R","?","R","T","E","R","E","M","M","R","B"],"character_chosen":"IRONCLAD","items_purchased":["Membership Card","Uppercut"],"campfire_rested":1,"item_purchase_floors":[4,4],"current_hp_per_floor":[77,80,80,80,80,80,80,80,90,54,54,25,18,25,52,4],"gold":598,"neow_bonus":"HUNDRED_GOLD","is_prod":false,"is_daily":false,"chose_seed":false,"campfire_upgraded":3,"win_rate":0,"timestamp":1549457293,"path_taken":["M","M","M","$","M","R","?","R","T","E","R","E","M","M","R","BOSS"],"build_version":"2019-01-23","purchased_purges":0,"victory":false,"max_hp_per_floor":[80,80,80,80,80,80,80,80,90,90,90,90,90,90,90,90],"card_choices":[{"not_picked":["Iron Wave","Armaments"],"picked":"Shockwave","floor":1},{"not_picked":["Headbutt","Sword Boomerang","Burning Pact"],"picked":"SKIP","floor":2},{"not_picked":["Perfected Strike","Burning Pact","Combust"],"picked":"SKIP","floor":3},{"not_picked":["Body Slam","Ghostly Armor","Blood for Blood"],"picked":"SKIP","floor":5},{"not_picked":["Havoc","Clash","Second Wind"],"picked":"SKIP","floor":10},{"not_picked":["Carnage","Warcry","Limit Break"],"picked":"SKIP","floor":12},{"not_picked":["Warcry","Perfected Strike"],"picked":"Seeing Red","floor":13},{"not_picked":["Clash","Intimidate","Perfected Strike"],"picked":"SKIP","floor":14}],"player_experience":284119,"relics_obtained":[{"floor":9,"key":"Pear"},{"floor":10,"key":"Old Coin"},{"floor":12,"key":"Calipers"}],"event_choices":[{"damage_healed":0,"gold_gain":175,"player_choice":"AGREE","damage_taken":0,"max_hp_gain":0,"max_hp_loss":0,"event_name":"Liars Game","floor":7,"gold_loss":0,"cards_obtained":["Doubt"]}],"is_beta":false,"boss_relics":[],"items_purged_floors":[],"is_endless":false,"potions_floor_spawned":[2,3,10,12],"killed_by":"The Guardian","ascension_level":6}