{"gold_per_floor":[111,111,131,151,161,196,209,209,209,225,225],"floor_reached":11,"playtime":1360,"items_purged":[],"score":77,"play_id":"304f1656-4a69-4bb4-af0e-02cc02fd8e7b","local_time":"20180917174134","is_ascension_mode":false,"campfire_choices":[{"data":"Neutralize","floor":8,"key":"SMITH"}],"neow_cost":"NONE","seed_source_timestamp":301314648299325,"circlet_count":0,"master_deck":["Defend_G","Defend_G","Defend_G","Defend_G","Defend_G","Strike_G","Strike_G","Strike_G","Strike_G","Strike_G","Survivor","Neutralize+1","Acrobatics+1","Dagger Spray","Distraction","Blur","Acrobatics","Sucker Punch"],"relics":["Ring of the Snake","Pantograph","Mummified Hand"],"potions_floor_usage":[6],"damage_taken":[{"damage":1,"enemies":"2 Louse","floor":1,"turns":5},{"damage":5,"enemies":"Cultist","floor":3,"turns":7},{"damage":0,"enemies":"Small Slimes","floor":4,"turns":3},{"damage":2,"enemies":"Red Slaver","floor":5,"turns":7},{"damage":36,"enemies":"3 Sentries","floor":6,"turns":12},{"damage":23,"enemies":"Exordium Thugs","floor":7,"turns":10},{"damage":0,"enemies":"Blue Slaver","floor":10,"turns":8},{"damage":13,"enemies":"Gremlin Gang","floor":11,"turns":3}],"seed_played":"3524356826084040359","potions_obtained":[{"floor":1,"key":"Poison Potion"},{"floor":3,"key":"EssenceOfSteel"},{"floor":7,"key":"GamblersBrew"},{"floor":10,"key":"GhostInAJar"}],"is_trial":false,"path_per_floor":["M","?","M","M","M","E","M","R","T","M"],"character_chosen":"THE_SILENT","items_purchased":[],"campfire_rested":0,"item_purchase_floors":[],"current_hp_per_floor":[76,76,71,71,69,33,10,10,10,10,0],"gold":225,"neow_bonus":"TEN_PERCENT_HP_BONUS","is_prod":false,"is_daily":false,"chose_seed":false,"campfire_upgraded":1,"win_rate":0.0,"timestamp":1537224094,"path_taken":["M","?","M","M","?","E","M","R","T","M","M"],"build_version":"2018-09-06","purchased_purges":0,"victory":false,"max_hp_per_floor":[77,77,77,77,77,77,77,77,77,77,77],"card_choices":[{"not_picked":["Escape Plan","Tactician"],"picked":"Acrobatics","floor":1},{"not_picked":["Sucker Punch","Backflip"],"picked":"Dagger Spray","floor":3},{"not_picked":["Caltrops","Bane","Poisoned Stab"],"picked":"SKIP","floor":4},{"not_picked":["Phantasmal Killer","Bouncing Flask"],"picked":"Distraction","floor":5},{"not_picked":["Underhanded Strike","Backflip"],"picked":"Blur","floor":6},{"not_picked":["Escape Plan","Poisoned Stab"],"picked":"Acrobatics","floor":7},{"not_picked":["Crippling Poison","Dagger Spray"],"picked":"Sucker Punch","floor":10}],"player_experience":20667,"relics_obtained":[{"floor":6,"key":"Pantograph"},{"floor":9,"key":"Mummified Hand"}],"event_choices":[{"event_name":"Upgrade Shrine","player_choice":"Upgraded","floor":2,"damage_taken":0}],"is_beta":false,"boss_relics":[],"items_purged_floors":[],"is_endless":false,"potions_floor_spawned":[1,3,7,10],"killed_by":"Gremlin Gang","ascension_level":0}