{"gold_per_floor":[114,189,364,364,6,6,32,42,66,92,112,112,127,145,145,249,249,265,102,152,30,77,108,108,143,169,169,188,188,213,240,240,345,395,409,409,631,682,693,724,724,755,755,766,779,779,807,288,288,288],"floor_reached":51,"playtime":2522,"items_purged":["Pain","Doubt","Strike_B"],"score":1120,"play_id":"1dd39054-2282-4831-a6b6-f27cb1d04079","local_time":"20181209170239","is_ascension_mode":true,"campfire_choices":[{"data":"Zap","floor":6,"key":"SMITH"},{"data":"Hologram","floor":12,"key":"SMITH"},{"data":"Loop","floor":15,"key":"SMITH"},{"floor":24,"key":"REST"},{"data":"Electrodynamics","floor":27,"key":"SMITH"},{"floor":29,"key":"REST"},{"floor":32,"key":"REST"},{"data":"Capacitor","floor":41,"key":"SMITH"},{"data":"BootSequence","floor":46,"key":"SMITH"},{"data":"Stack","floor":49,"key":"SMITH"}],"neow_cost":"NONE","seed_source_timestamp":1962355122974271,"circlet_count":0,"master_deck":["Strike_B","Strike_B","Strike_B","Defend_B","Defend_B","Defend_B+1","Defend_B","Zap+1","Dualcast","BootSequence+1","Defragment+1","Genetic Algorithm+1","Stack","Hologram+1","Stack+1","Loop+1","Electrodynamics+1","Storm+1","Capacitor+1","Sweeping Beam+1","Storm+1","Storm+1","Loop+1","Cold Snap","Static Discharge+1","Storm+1","Buffer+1","Sweeping Beam+1","Storm+1","Buffer+1","Steam+1","Heatsinks+1","Lockon+1","Conserve Battery+1","Hello World+1","Heatsinks+1","Undo+1","Storm+1","Stack+1","Secret Weapon+1","Trip+1","Consume+1"],"relics":["Cracked Core","WarpedTongs","Membership Card","Meat on the Bone","Torii","Happy Flower","Dodecahedron","Black Star","Regal Pillow","Frozen Egg 2","Juzu Bracelet","Dead Branch","Potion Belt","Blood Vial","Dream Catcher","Boot","Red Mask","Sundial","DataDisk","Tiny House","Ice Cream","Mercury Hourglass","Du-Vu Doll","War Paint","Orichalcum","Toxic Egg 2","Pen Nib","Calipers","Runic Capacitor","Incense Burner"],"potions_floor_usage":[14,18,23,23,38,38,39,39,39,40,50,50],"damage_taken":[{"damage":6,"enemies":"Small Slimes","floor":1,"turns":4},{"damage":26,"enemies":"3 Sentries","floor":7,"turns":8},{"damage":1,"enemies":"Jaw Worm","floor":8,"turns":3},{"damage":15,"enemies":"Lagavulin","floor":10,"turns":7},{"damage":6,"enemies":"Cultist","floor":11,"turns":4},{"damage":0,"enemies":"Large Slime","floor":13,"turns":6},{"damage":17,"enemies":"Exordium Thugs","floor":14,"turns":5},{"damage":12,"enemies":"The Guardian","floor":16,"turns":10},{"damage":1,"enemies":"3 Byrds","floor":18,"turns":4},{"damage":19,"enemies":"Book of Stabbing","floor":23,"turns":5},{"damage":24,"enemies":"Slavers","floor":25,"turns":4},{"damage":0,"enemies":"Chosen","floor":28,"turns":3},{"damage":0,"enemies":"Masked Bandits","floor":30,"turns":3},{"damage":7,"enemies":"Gremlin Leader","floor":31,"turns":5},{"damage":30,"enemies":"Champ","floor":33,"turns":4},{"damage":0,"enemies":"3 Shapes","floor":35,"turns":2},{"damage":0,"enemies":"2 Orb Walkers","floor":38,"turns":2},{"damage":0,"enemies":"3 Darklings","floor":39,"turns":2},{"damage":0,"enemies":"Giant Head","floor":40,"turns":5},{"damage":0,"enemies":"Reptomancer","floor":42,"turns":3},{"damage":0,"enemies":"4 Shapes","floor":44,"turns":2},{"damage":0,"enemies":"Writhing Mass","floor":45,"turns":2},{"damage":0,"enemies":"Giant Head","floor":47,"turns":4},{"damage":6,"enemies":"Time Eater","floor":50,"turns":5}],"seed_played":"8206451956440422529","potions_obtained":[{"floor":7,"key":"Dexterity Potion"},{"floor":11,"key":"Weak Potion"},{"floor":14,"key":"Weak Potion"},{"floor":16,"key":"LiquidBronze"},{"floor":18,"key":"Weak Potion"},{"floor":28,"key":"EntropicBrew"},{"floor":30,"key":"Block Potion"},{"floor":34,"key":"Ancient Potion"},{"floor":39,"key":"Weak Potion"},{"floor":40,"key":"SpeedPotion"}],"is_trial":false,"path_per_floor":["M","?","?","?","$","R","E","M","T","E","M","R","M","M","R","B",null,"M","$","?","$","T","E","R","E","T","R","M","R","?","E","R","B",null,"M","?","?","?","M","E","R","E","T","M","M","R","E","$","R","B",null],"character_chosen":"DEFECT","items_purchased":["Membership Card","Meat on the Bone","Capacitor","Regal Pillow","Frozen Egg 2","Runic Capacitor","Storm+1","Incense Burner","Stack+1","Secret Weapon+1","Trip+1","Consume+1"],"campfire_rested":3,"item_purchase_floors":[5,5,19,19,21,48,48,48,48,48,48,48],"current_hp_per_floor":[76,65,65,65,65,65,51,50,50,47,53,53,53,48,48,48,82,81,81,81,81,81,62,82,58,58,58,60,82,82,75,82,52,87,87,87,87,87,87,87,87,87,87,87,87,87,87,87,87,81],"gold":288,"neow_bonus":"TEN_PERCENT_HP_BONUS","is_prod":false,"is_daily":false,"chose_seed":false,"campfire_upgraded":7,"win_rate":0,"timestamp":1544396559,"path_taken":["M","?","?","?","$","R","E","M","T","E","M","R","?","M","R","BOSS","M","$","?","$","?","E","R","E","T","R","M","R","?","E","R","BOSS","M","?","?","?","M","E","R","E","T","M","M","R","E","$","R","BOSS"],"build_version":"2018-12-06","purchased_purges":3,"victory":true,"max_hp_per_floor":[82,82,82,82,82,82,82,82,82,82,82,82,82,82,82,82,82,82,82,82,82,82,82,82,82,82,82,82,82,82,82,82,82,87,87,87,87,87,87,87,87,87,87,87,87,87,87,87,87,87],"card_choices":[{"not_picked":["Stack","White Noise"],"picked":"BootSequence","floor":1},{"not_picked":["Skim","Go for the Eyes"],"picked":"Defragment","floor":7},{"not_picked":["Capacitor","Gash"],"picked":"Genetic Algorithm","floor":8},{"not_picked":["Chaos","Sweeping Beam"],"picked":"Stack","floor":10},{"not_picked":["Beam Cell","Compile Driver"],"picked":"Hologram","floor":11},{"not_picked":["Lockon","Defragment"],"picked":"Stack","floor":13},{"not_picked":["Leap","Chaos"],"picked":"Loop","floor":14},{"not_picked":["Meteor Strike","Seek"],"picked":"Electrodynamics","floor":16},{"not_picked":["Steam","Capacitor"],"picked":"Storm+1","floor":18},{"not_picked":["Compile Driver","Chaos"],"picked":"Sweeping Beam+1","floor":23},{"not_picked":["Blizzard","FTL"],"picked":"Storm+1","floor":25},{"not_picked":["Redo","Reinforced Body"],"picked":"Storm+1","floor":28},{"not_picked":["Ball Lightning","Darkness"],"picked":"Loop+1","floor":29},{"not_picked":["Reboot","Leap"],"picked":"Cold Snap","floor":30},{"not_picked":["Steam Power+1","Rebound"],"picked":"Static Discharge+1","floor":31},{"not_picked":["Beam Cell","Cold Snap+1"],"picked":"Storm+1","floor":32},{"not_picked":["Reboot","Amplify"],"picked":"Buffer+1","floor":33},{"not_picked":["Coolheaded+1","Streamline"],"picked":"Sweeping Beam+1","floor":34},{"not_picked":["Skim+1","Genetic Algorithm"],"picked":"Storm+1","floor":35},{"not_picked":["Steam Power","Glacier"],"picked":"Steam+1","floor":38},{"not_picked":["Redo+1","Turbo+1"],"picked":"Heatsinks+1","floor":39},{"not_picked":["Rip and Tear","FTL"],"picked":"Lockon+1","floor":40},{"not_picked":["Coolheaded","Recycle+1"],"picked":"Conserve Battery+1","floor":42},{"not_picked":["Streamline+1","Darkness+1"],"picked":"Hello World+1","floor":44},{"not_picked":["BootSequence+1","Compile Driver+1"],"picked":"Heatsinks+1","floor":45},{"not_picked":["Streamline","Rainbow+1"],"picked":"Undo+1","floor":47}],"player_experience":288338,"relics_obtained":[{"floor":7,"key":"Torii"},{"floor":9,"key":"Happy Flower"},{"floor":10,"key":"Dodecahedron"},{"floor":22,"key":"Juzu Bracelet"},{"floor":23,"key":"Dead Branch"},{"floor":23,"key":"Potion Belt"},{"floor":25,"key":"Blood Vial"},{"floor":25,"key":"Dream Catcher"},{"floor":26,"key":"Boot"},{"floor":30,"key":"Red Mask"},{"floor":31,"key":"Sundial"},{"floor":31,"key":"DataDisk"},{"floor":38,"key":"Ice Cream"},{"floor":40,"key":"Mercury Hourglass"},{"floor":40,"key":"Du-Vu Doll"},{"floor":42,"key":"War Paint"},{"floor":42,"key":"Orichalcum"},{"floor":43,"key":"Toxic Egg 2"},{"floor":47,"key":"Pen Nib"},{"floor":47,"key":"Calipers"}],"event_choices":[{"damage_healed":0,"gold_gain":75,"player_choice":"Gather Gold","damage_taken":11,"max_hp_gain":0,"max_hp_loss":0,"event_name":"World of Goop","floor":2,"gold_loss":0},{"damage_healed":0,"gold_gain":175,"player_choice":"AGREE","damage_taken":0,"max_hp_gain":0,"max_hp_loss":0,"event_name":"Liars Game","floor":3,"gold_loss":0,"cards_obtained":["Doubt"]},{"damage_healed":0,"gold_gain":0,"player_choice":"Rummage","damage_taken":0,"relics_obtained":["WarpedTongs"],"max_hp_gain":0,"max_hp_loss":0,"event_name":"Accursed Blacksmith","floor":4,"gold_loss":0,"cards_obtained":["Pain"]},{"damage_healed":0,"gold_gain":100,"player_choice":"Bet on Murderer","damage_taken":0,"max_hp_gain":0,"max_hp_loss":0,"event_name":"The Joust","floor":20,"gold_loss":50},{"damage_healed":0,"gold_gain":0,"player_choice":"Fought Bandits","damage_taken":0,"max_hp_gain":0,"max_hp_loss":0,"event_name":"Masked Bandits","floor":30,"gold_loss":0},{"damage_healed":0,"gold_gain":0,"player_choice":"Copied","damage_taken":0,"max_hp_gain":0,"max_hp_loss":0,"event_name":"Duplicator","floor":36,"gold_loss":0,"cards_obtained":["Buffer"]},{"damage_healed":0,"gold_gain":222,"player_choice":"Wore Mask","damage_taken":0,"max_hp_gain":0,"max_hp_loss":0,"event_name":"Tomb of Lord Red Mask","floor":37,"gold_loss":0},{"damage_healed":0,"gold_gain":0,"player_choice":"Fight","damage_taken":0,"max_hp_gain":0,"max_hp_loss":0,"event_name":"Mysterious Sphere","floor":38,"gold_loss":0}],"is_beta":false,"boss_relics":[{"not_picked":["Fusion Hammer","Empty Cage"],"picked":"Black Star"},{"not_picked":["Astrolabe","White Beast Statue"],"picked":"Tiny House"}],"items_purged_floors":[5,19,48],"is_endless":false,"potions_floor_spawned":[7,11,14,16,18,28,30,39,40],"ascension_level":3}