{"path_per_floor":["M","M","M","M","$","R","E","R","T","E","?","M","R","M","R","B",null,"M","?","?","$","M","R"],"character_chosen":"IRONCLAD","items_purchased":["Blind","Meat on the Bone","Rage"],"gold_per_floor":[111,130,149,160,61,61,95,95,148,173,173,191,191,202,202,307,307,325,325,325,52,36,36,36],"floor_reached":24,"campfire_rested":3,"playtime":1001,"item_purchase_floors":[5,21,21],"current_hp_per_floor":[80,80,80,80,80,80,70,70,70,76,34,39,63,69,80,52,80,43,27,27,27,34,58,0],"items_purged":[],"gold":36,"score":266,"play_id":"40f38cb2-6a73-4cd2-b5c8-41a7e8c20024","local_time":"20180522221647","is_prod":false,"is_daily":false,"chose_seed":false,"is_ascension_mode":true,"campfire_upgraded":2,"timestamp":1527020207,"campfire_choices":[{"data":"Shrug It Off","floor":6,"key":"SMITH"},{"data":"Juggernaut","floor":8,"key":"SMITH"},{"floor":13,"key":"REST"},{"floor":15,"key":"REST"},{"floor":23,"key":"REST"}],"path_taken":["M","?","M","M","?","R","E","R","T","E","?","M","R","M","R","BOSS","M","?","?","$","M","R","E"],"build_version":"2018-05-21v2","seed_source_timestamp":7759254987217,"purchased_purges":0,"victory":false,"master_deck":["Bash","Power Through","Inflame","Shrug It Off+1","Juggernaut+1","Blind","Anger","Intimidate","Battle Trance","Clothesline","Juggernaut+1","Clash","Flex","Warcry","Anger","Reckless Charge","Sword Boomerang","Armaments","Clash","Uppercut","Spot Weakness","Rage","Inflame+1"],"max_hp_per_floor":[80,80,80,80,80,80,80,80,80,80,80,80,80,80,80,80,80,80,80,80,80,80,80,80],"relics":["Burning Blood","Kunai","Potion Belt","Vajra","Frozen Egg 2","Pandora\u0027s Box","Enchiridion","Meat on the Bone"],"card_choices":[{"not_picked":["Burning Pact","Intimidate"],"picked":"Power Through","floor":1},{"not_picked":["Twin Strike","True Grit"],"picked":"Inflame","floor":2},{"not_picked":["Heavy Blade","Armaments"],"picked":"Shrug It Off","floor":3},{"not_picked":["Warcry","Evolve"],"picked":"Juggernaut","floor":4},{"not_picked":["Headbutt","Carnage"],"picked":"Anger","floor":7},{"not_picked":["Clash","Thunderclap"],"picked":"Intimidate","floor":10},{"not_picked":["True Grit","Intimidate"],"picked":"Battle Trance","floor":12},{"not_picked":["Warcry","Flex"],"picked":"Clothesline","floor":14},{"not_picked":["Double Tap","Dark Embrace+1"],"picked":"Juggernaut+1","floor":16},{"not_picked":["Fire Breathing+1","Combust+1"],"picked":"Uppercut","floor":18},{"not_picked":["Shrug It Off","Clothesline"],"picked":"Inflame+1","floor":22}],"player_experience":150848,"potions_floor_usage":[1,10,10,10,16],"damage_taken":[{"damage":4,"enemies":"Cultist","floor":1,"turns":4},{"damage":3,"enemies":"2 Louse","floor":2,"turns":3},{"damage":2,"enemies":"Jaw Worm","floor":3,"turns":3},{"damage":0,"enemies":"Large Slime","floor":4,"turns":5},{"damage":16,"enemies":"Lagavulin","floor":7,"turns":10},{"damage":0,"enemies":"Gremlin Nob","floor":10,"turns":2},{"damage":1,"enemies":"Looter","floor":12,"turns":4},{"damage":0,"enemies":"2 Fungi Beasts","floor":14,"turns":4},{"damage":34,"enemies":"The Guardian","floor":16,"turns":11},{"damage":43,"enemies":"Chosen","floor":18,"turns":7},{"damage":11,"enemies":"2 Thieves","floor":22,"turns":4},{"damage":58,"enemies":"Book of Stabbing","floor":24,"turns":5}],"relics_obtained":[{"floor":7,"key":"Kunai"},{"floor":9,"key":"Potion Belt"},{"floor":10,"key":"Vajra"},{"floor":19,"key":"Enchiridion"}],"event_choices":[{"event_name":"Scrap Ooze","player_choice":"success","floor":11,"damage_taken":42},{"event_name":"Cursed Tome","player_choice":"Obtained Book","floor":19,"damage_taken":0},{"event_name":"Transmorgrifier","player_choice":"Transform","floor":20,"damage_taken":0}],"boss_relics":[{"not_picked":["Runic Cube","Eternal Feather"],"picked":"Pandora\u0027s Box"}],"items_purged_floors":[],"potions_floor_spawned":[1,2,4,12,22],"seed_played":"-3523770140009571788","killed_by":"Book of Stabbing","ascension_level":3,"potions_obtained":[{"floor":1,"key":"Strength Potion"},{"floor":2,"key":"AttackPotion"},{"floor":4,"key":"Fire Potion"},{"floor":12,"key":"Dexterity Potion"},{"floor":22,"key":"SteroidPotion"}],"is_trial":false}