{"path_per_floor":["M","?","M","M","M","R","E","M","T","M","R","M","R","M","R","B",null,"M","M","$","M","M","R","E","M","T","M","T","R","$","?","R","B",null,"M","$","M","M","M","R","M","R","T","?","?","?","R","?","R","B"],"character_chosen":"THE_SILENT","items_purchased":["Apotheosis","Noxious Fumes","Malaise"],"gold_per_floor":[113,113,124,134,147,147,173,193,193,205,205,219,219,237,237,340,340,359,375,10,21,33,33,63,73,73,87,87,87,87,120,120,223,223,240,140,153,166,177,177,194,194,194,194,194,194,194,194,194,194],"floor_reached":51,"campfire_rested":1,"playtime":5957,"item_purchase_floors":[20,20,20],"current_hp_per_floor":[68,73,73,69,69,69,63,56,56,56,56,56,56,55,55,32,70,70,70,70,70,70,70,68,61,61,61,61,61,61,61,61,8,64,63,63,55,55,50,50,47,71,71,71,82,72,72,72,72,45],"items_purged":["Strike_G","Regret"],"gold":194,"score":903,"play_id":"bda3be73-a1e7-44cf-9daf-c4facf9fa36b","local_time":"20180525095120","is_prod":false,"is_daily":false,"chose_seed":false,"is_ascension_mode":true,"campfire_upgraded":10,"win_rate":0,"timestamp":1527267080,"campfire_choices":[{"data":"Skewer","floor":6,"key":"SMITH"},{"data":"Neutralize","floor":11,"key":"SMITH"},{"data":"Dagger Spray","floor":13,"key":"SMITH"},{"data":"Adrenaline","floor":15,"key":"SMITH"},{"data":"Apotheosis","floor":23,"key":"SMITH"},{"data":"Noxious Fumes","floor":29,"key":"SMITH"},{"data":"Malaise","floor":32,"key":"SMITH"},{"data":"Backstab","floor":40,"key":"SMITH"},{"floor":42,"key":"REST"},{"data":"Blur","floor":47,"key":"SMITH"},{"data":"Blur","floor":49,"key":"SMITH"}],"path_taken":["M","?","M","M","M","R","E","?","T","M","R","M","R","M","R","BOSS","M","M","$","M","M","R","E","M","T","?","?","R","?","?","R","BOSS","M","$","?","M","M","R","M","R","T","?","?","?","R","?","R","BOSS"],"build_version":"2018-05-24","seed_source_timestamp":326995468742863,"purchased_purges":2,"victory":true,"master_deck":["Defend_G","Defend_G","Defend_G","Defend_G","Defend_G","Strike_G","Strike_G","Strike_G","Strike_G","Survivor","Neutralize+1","Cloak And Dagger","Dagger Spray+1","Dash","Skewer+1","Blur+1","Adrenaline+1","Tools of the Trade","Dodge and Roll+1","Apotheosis+1","Noxious Fumes+1","Malaise+1","Backstab+1","Blur+1","Backflip+1","Bane+1","Well Laid Plans","Madness","Madness"],"max_hp_per_floor":[77,82,82,82,82,82,82,82,82,82,82,82,82,82,82,82,82,82,82,82,82,82,82,82,82,82,82,82,82,82,82,82,82,82,82,82,82,82,82,82,82,82,82,82,82,82,82,82,82,82],"relics":["Ring of the Snake","Ninja Scroll","Pen Nib","Cursed Key","Potion Belt","Red Mask"],"card_choices":[{"not_picked":["Well Laid Plans","Prepared"],"picked":"Cloak And Dagger","floor":1},{"not_picked":["Deadly Poison","Crippling Poison"],"picked":"Dagger Spray","floor":3},{"not_picked":["Quick Slash","Bane"],"picked":"Dash","floor":4},{"not_picked":["Outmaneuver","Acrobatics"],"picked":"Skewer","floor":5},{"not_picked":["Slice","Die Die Die"],"picked":"Blur","floor":7},{"not_picked":["PiercingWail","Distraction","Accuracy"],"picked":"SKIP","floor":8},{"not_picked":["Flying Knee","Deadly Poison","Bane"],"picked":"SKIP","floor":10},{"not_picked":["Quick Slash","Dagger Throw","Leg Sweep"],"picked":"SKIP","floor":12},{"not_picked":["Dagger Spray","Terror"],"picked":"Adrenaline","floor":14},{"not_picked":["Night Terror","Bullet Time"],"picked":"Tools of the Trade","floor":16},{"not_picked":["Accuracy","PiercingWail"],"picked":"Dodge and Roll+1","floor":18},{"not_picked":["Dagger Spray","Prepared+1","Poisoned Stab"],"picked":"SKIP","floor":19},{"not_picked":["Riddle With Holes","Setup","Flechettes"],"picked":"SKIP","floor":21},{"not_picked":["Sucker Punch+1","Dagger Spray"],"picked":"Backstab","floor":22},{"not_picked":["Prepared+1","Dagger Spray"],"picked":"Blur","floor":24},{"not_picked":["Leg Sweep","Deadly Poison","Concentrate"],"picked":"SKIP","floor":25},{"not_picked":["Calculated Gamble","Prepared+1","Acrobatics+1"],"picked":"SKIP","floor":27},{"not_picked":["PiercingWail","Cloak And Dagger+1"],"picked":"Backflip+1","floor":35},{"not_picked":["Dodge and Roll+1","Poisoned Stab","Prepared+1"],"picked":"SKIP","floor":37},{"not_picked":["Sucker Punch+1","Setup+1","Quick Slash+1"],"picked":"SKIP","floor":38},{"not_picked":["Underhanded Strike+1","PiercingWail+1"],"picked":"Bane+1","floor":39},{"not_picked":["Dodge and Roll+1","Bane"],"picked":"Well Laid Plans","floor":41}],"player_experience":698098,"potions_floor_usage":[7,16,21,24,24,31,50,50,50,50,50,50,50,50,50],"damage_taken":[{"damage":2,"enemies":"Small Slimes","floor":1,"turns":4},{"damage":0,"enemies":"2 Louse","floor":3,"turns":3},{"damage":4,"enemies":"Cultist","floor":4,"turns":5},{"damage":0,"enemies":"Gremlin Gang","floor":5,"turns":7},{"damage":6,"enemies":"Gremlin Nob","floor":7,"turns":3},{"damage":7,"enemies":"Exordium Thugs","floor":8,"turns":5},{"damage":0,"enemies":"Exordium Wildlife","floor":10,"turns":3},{"damage":0,"enemies":"Blue Slaver","floor":12,"turns":2},{"damage":1,"enemies":"Looter","floor":14,"turns":2},{"damage":23,"enemies":"Slime Boss","floor":16,"turns":8},{"damage":0,"enemies":"Shell Parasite","floor":18,"turns":6},{"damage":0,"enemies":"3 Byrds","floor":19,"turns":3},{"damage":0,"enemies":"Snecko","floor":21,"turns":2},{"damage":0,"enemies":"Snake Plant","floor":22,"turns":5},{"damage":2,"enemies":"Gremlin Leader","floor":24,"turns":8},{"damage":7,"enemies":"3 Cultists","floor":25,"turns":5},{"damage":0,"enemies":"Cultist and Chosen","floor":27,"turns":3},{"damage":0,"enemies":"Masked Bandits","floor":31,"turns":2},{"damage":53,"enemies":"Collector","floor":33,"turns":13},{"damage":1,"enemies":"Orb Walker","floor":35,"turns":3},{"damage":8,"enemies":"3 Darklings","floor":37,"turns":5},{"damage":0,"enemies":"Maw","floor":38,"turns":9},{"damage":5,"enemies":"4 Shapes","floor":39,"turns":8},{"damage":3,"enemies":"3 Darklings","floor":41,"turns":6},{"damage":27,"enemies":"Time Eater","floor":50,"turns":13}],"relics_obtained":[{"floor":7,"key":"Ninja Scroll"},{"floor":9,"key":"Pen Nib"},{"floor":24,"key":"Potion Belt"},{"floor":31,"key":"Red Mask"}],"event_choices":[{"event_name":"Big Fish","player_choice":"Donut","floor":2,"damage_taken":0},{"event_name":"Masked Bandits","player_choice":"Fought over 87 gold","floor":31,"damage_taken":0},{"event_name":"The Lab","player_choice":"Got Potions","floor":44,"damage_taken":0},{"event_name":"Wheel of Change","player_choice":"Full Heal","floor":45,"damage_taken":0},{"event_name":"Winding Halls","player_choice":"Embrace Madness","floor":46,"damage_taken":0},{"event_name":"SecretPortal","player_choice":"Rejected Portal.","floor":48,"damage_taken":0}],"boss_relics":[{"not_picked":["Astrolabe","Philosopher\u0027s Stone"],"picked":"Cursed Key"},{"not_picked":["Calling Bell","Velvet Choker","Runic Pyramid"]}],"items_purged_floors":[20,36],"potions_floor_spawned":[1,7,8,14,18,19,27,35,41],"seed_played":"8349714253805767758","ascension_level":9,"potions_obtained":[{"floor":1,"key":"FearPotion"},{"floor":7,"key":"Strength Potion"},{"floor":8,"key":"SkillPotion"},{"floor":14,"key":"Swift Potion"},{"floor":18,"key":"Energy Potion"},{"floor":27,"key":"Fire Potion"},{"floor":35,"key":"Strength Potion"},{"floor":41,"key":"PowerPotion"},{"floor":44,"key":"SteroidPotion"},{"floor":44,"key":"EntropicBrew"},{"floor":44,"key":"GamblersBrew"}],"is_trial":false}