{"path_per_floor":["M","M","?","$","?","R","E","?","T","M","E","R","M","$","R","B",null,"M","?","?","?","$","R","E","$","T","R","E","M","R","?","R","B",null,"M","M","?","$","?","E","R","E","T","?","R","M"],"character_chosen":"THE_SILENT","items_purchased":["Blood Vial","Noxious Fumes","Thread and Needle","Ninja Scroll","Omamori","Blind"],"gold_per_floor":[216,226,294,145,145,145,177,232,532,544,575,575,595,558,558,657,657,674,674,674,674,380,380,408,159,184,184,217,237,237,237,237,332,332,342,362,362,116,116,148,148,173,173,173,173,188,188],"floor_reached":47,"campfire_rested":5,"playtime":2461,"current_hp_per_floor":[67,66,66,66,71,71,83,47,47,49,18,44,37,37,37,16,89,77,77,60,60,60,60,25,25,25,53,14,22,50,50,50,37,96,98,98,98,98,98,31,61,15,15,15,60,59,0],"items_purged":[],"gold":188,"score":702,"play_id":"20b22d35-ce29-487f-b623-b9707e51e9d1","local_time":"20180407215801","is_prod":false,"is_daily":false,"is_ascension_mode":true,"campfire_upgraded":4,"timestamp":1523156281,"path_taken":["M","M","?","$","?","R","E","?","T","?","E","R","M","?","R","BOSS","M","?","?","?","$","R","E","$","T","R","E","M","R","?","R","BOSS","M","M","?","$","?","E","R","E","T","?","R","?","E"],"build_version":"2018-04-05v2","purchased_purges":1,"victory":false,"master_deck":["Defend_G","Defend_G","Defend_G","Defend_G","Survivor","Neutralize+1","Heel Hook","Heel Hook","Poisoned Stab","After Image+1","Bane","Noxious Fumes","After Image+1","Escape Plan","Bite","Bite+1","Bite","Bite+1","Bite","Escape Plan","Noxious Fumes+1","After Image","Poisoned Stab+1","Blind","Grand Finale"],"max_hp_per_floor":[70,70,70,70,75,75,89,89,89,89,89,89,89,89,89,89,89,89,89,94,94,94,94,94,94,94,94,94,96,96,96,96,96,96,98,98,98,98,98,100,100,102,102,102,102,104,104],"relics":["Ring of the Snake","Mango","Peace Pipe","Old Coin","Question Card","White Beast Statue","Thread and Needle","Ice Cream","Ninja Scroll","Singing Bowl","Whetstone","Cursed Key","Omamori","Ancient Tea Set","Regal Pillow","Tingsha"],"card_choices":[{"not_picked":["Bane","Blade Dance"],"picked":"Heel Hook","floor":1},{"not_picked":["Finisher","Setup"],"picked":"Dash","floor":2},{"not_picked":["Sucker Punch","Setup"],"picked":"Heel Hook","floor":7},{"not_picked":["Backflip","Distraction"],"picked":"Poisoned Stab","floor":8},{"not_picked":["Well Laid Plans","Expertise"],"picked":"After Image","floor":10},{"not_picked":["Choke","Distraction"],"picked":"Prepared","floor":11},{"not_picked":["Well Laid Plans","Acrobatics","Phantasmal Killer"],"picked":"Bane","floor":13},{"not_picked":["A Thousand Cuts","Phantasmal Killer","Die Die Die"],"picked":"After Image","floor":16},{"not_picked":["Quick Slash","Bane","Cloak And Dagger"],"picked":"Escape Plan","floor":18},{"not_picked":["Predator","Malaise","Tools of the Trade"],"picked":"Escape Plan","floor":24},{"not_picked":["Dagger Spray","Underhanded Strike","Deadly Poison"],"picked":"Noxious Fumes","floor":28},{"not_picked":["Glass Knife","Night Terror","Unload"],"picked":"After Image","floor":33},{"not_picked":["Outmaneuver","Slice","Acrobatics"],"picked":"Poisoned Stab","floor":36}],"player_experience":145231,"potions_floor_usage":[11,16,18,28,29,33,33,36,40,40,42,47],"damage_taken":[{"damage":3,"enemies":"2 Louse","floor":1,"turns":3},{"damage":1,"enemies":"Small Slimes","floor":2,"turns":5},{"damage":4,"enemies":"3 Sentries","floor":7,"turns":13},{"damage":38,"enemies":"Gremlin Nob","floor":8,"turns":6},{"damage":0,"enemies":"Cultist","floor":10,"turns":3},{"damage":33,"enemies":"Lagavulin","floor":11,"turns":6},{"damage":9,"enemies":"2 Fungi Beasts","floor":13,"turns":4},{"damage":23,"enemies":"The Guardian","floor":16,"turns":13},{"damage":12,"enemies":"Spheric Guardian","floor":18,"turns":8},{"damage":49,"enemies":"Slavers","floor":24,"turns":8},{"damage":73,"enemies":"Gremlin Leader","floor":28,"turns":12},{"damage":4,"enemies":"2 Thieves","floor":29,"turns":4},{"damage":42,"enemies":"Collector","floor":33,"turns":9},{"damage":0,"enemies":"Orb Walker","floor":35,"turns":4},{"damage":16,"enemies":"3 Darklings","floor":36,"turns":6},{"damage":79,"enemies":"2 Orb Walkers","floor":40,"turns":6},{"damage":82,"enemies":"Giant Head","floor":42,"turns":11},{"damage":13,"enemies":"4 Shapes","floor":46,"turns":6},{"damage":76,"enemies":"2 Orb Walkers","floor":47,"turns":5}],"event_choices":[{"event_name":"Golden Wing","player_choice":"Gained Gold","floor":3,"damage_taken":0},{"event_name":"Big Fish","player_choice":"Donut","floor":5,"damage_taken":0},{"event_name":"Dead Adventurer","player_choice":"Searched \u00271\u0027 times","floor":8,"damage_taken":0},{"event_name":"Vampires","player_choice":"Became a vampire (Vial)","floor":19,"damage_taken":0},{"event_name":"Forgotten Altar","player_choice":"Shed Blood","floor":20,"damage_taken":0},{"event_name":"Purifier","player_choice":"One Purge","floor":21,"damage_taken":0},{"event_name":"Ghosts","player_choice":"Ignored","floor":31,"damage_taken":0},{"event_name":"Tomb of Lord Red Mask","player_choice":"Ignored","floor":37,"damage_taken":0},{"event_name":"Transmorgrifier","player_choice":"Transform","floor":44,"damage_taken":0}],"boss_relics":[{"not_picked":["Calling Bell","Runic Pyramid"],"picked":"White Beast Statue"},{"not_picked":["Tiny House","Snecko Eye"],"picked":"Cursed Key"}],"potions_floor_spawned":[8,10,11,13,18,24,28,29,33,35,36,40,42,46],"seed_played":"-3133627845312061359","killed_by":"2 Orb Walkers","ascension_level":3,"is_trial":false}