{"gold_per_floor":[109,123,135,154,174,203,5,31,31,31,31,31,31,31,31,134,134,145,129,145,145,162,162,177,208,208,208,60,76,110,130,130,227,227,238,289,289,301,301,327,215,215,239,250,57,91,91,101,101,101],"floor_reached":51,"playtime":3294,"items_purged":["Strike_B","Strike_B"],"score":794,"play_id":"a948e6b0-6cf9-4f70-906e-50e8413a577a","local_time":"20190130213719","is_ascension_mode":true,"campfire_choices":[{"data":"Go for the Eyes","floor":10,"key":"SMITH"},{"floor":12,"key":"REST"},{"data":"Coolheaded","floor":15,"key":"SMITH"},{"data":"Defragment","floor":23,"key":"SMITH"},{"data":"Defragment","floor":27,"key":"SMITH"},{"data":"Buffer","floor":32,"key":"SMITH"},{"data":"Creative AI","floor":42,"key":"SMITH"},{"floor":49,"key":"REST"}],"neow_cost":"NONE","seed_source_timestamp":283919371957624,"circlet_count":0,"master_deck":["Strike_B","Strike_B","Defend_B+1","Defend_B","Defend_B","Defend_B","Zap+1","Dualcast","Conserve Battery","Go for the Eyes+1","Coolheaded+1","Buffer+1","Go for the Eyes+1","Defragment+1","Tempest+1","Defragment+1","Echo Form","Creative AI+1","Ball Lightning+1","Finesse","Flash of Steel","Jack Of All Trades","Reboot","Loop","Ball Lightning+1"],"relics":["FrozenCore","NeowsBlessing","Bronze Scales","Blood Vial","Centennial Puzzle","Bottled Tornado","War Paint","Thread and Needle","Lantern","Shovel","Turnip","Oddly Smooth Stone","Omamori","Inserter","Gambling Chip","Ancient Tea Set","Smiling Mask","Pen Nib","PreservedInsect"],"potions_floor_usage":[6,8,8,20,22,25,33,33],"damage_taken":[{"damage":0,"enemies":"Cultist","floor":1,"turns":1},{"damage":0,"enemies":"Small Slimes","floor":2,"turns":1},{"damage":0,"enemies":"2 Louse","floor":3,"turns":1},{"damage":9,"enemies":"Lots of Slimes","floor":4,"turns":6},{"damage":1,"enemies":"Red Slaver","floor":5,"turns":4},{"damage":51,"enemies":"3 Sentries","floor":6,"turns":10},{"damage":21,"enemies":"Gremlin Nob","floor":8,"turns":3},{"damage":6,"enemies":"Hexaghost","floor":16,"turns":12},{"damage":0,"enemies":"Shell Parasite","floor":18,"turns":7},{"damage":4,"enemies":"2 Thieves","floor":19,"turns":4},{"damage":0,"enemies":"Shelled Parasite and Fungi","floor":20,"turns":9},{"damage":0,"enemies":"Centurion and Healer","floor":22,"turns":12},{"damage":7,"enemies":"Snake Plant","floor":24,"turns":4},{"damage":15,"enemies":"Gremlin Leader","floor":25,"turns":8},{"damage":0,"enemies":"Shelled Parasite and Fungi","floor":29,"turns":5},{"damage":13,"enemies":"Slavers","floor":30,"turns":5},{"damage":0,"enemies":"Sentry and Sphere","floor":31,"turns":5},{"damage":36,"enemies":"Automaton","floor":33,"turns":12},{"damage":0,"enemies":"3 Shapes","floor":35,"turns":6},{"damage":29,"enemies":"2 Orb Walkers","floor":36,"turns":6},{"damage":0,"enemies":"Orb Walker","floor":38,"turns":4},{"damage":0,"enemies":"Nemesis","floor":40,"turns":9},{"damage":0,"enemies":"Spire Growth","floor":44,"turns":5},{"damage":14,"enemies":"Giant Head","floor":46,"turns":10},{"damage":0,"enemies":"Maw","floor":48,"turns":7},{"damage":19,"enemies":"Donu and Deca","floor":50,"turns":7}],"seed_played":"-1452460561512605191","potions_obtained":[{"floor":1,"key":"Fire Potion"},{"floor":2,"key":"Block Potion"},{"floor":4,"key":"Regen Potion"},{"floor":8,"key":"SkillPotion"},{"floor":18,"key":"SteroidPotion"},{"floor":19,"key":"EssenceOfSteel"},{"floor":20,"key":"Explosive Potion"},{"floor":22,"key":"Fire Potion"},{"floor":31,"key":"AttackPotion"},{"floor":44,"key":"SneckoOil"},{"floor":47,"key":"Ancient Potion"},{"floor":47,"key":"Strength Potion"}],"is_trial":false,"path_per_floor":["M","M","M","M","M","E","$","E","T","R","$","R","?","?","R","B",null,"M","M","M","T","M","R","M","E","T","R","$","M","E","M","R","B",null,"M","?","?","M","?","E","$","R","T","M","$","E","?","M","R","B",null],"character_chosen":"DEFECT","items_purchased":["Coolheaded","Blood Vial","Oddly Smooth Stone","Loop","Pen Nib"],"campfire_rested":2,"item_purchase_floors":[7,7,28,41,45],"current_hp_per_floor":[75,75,75,66,65,29,29,10,10,10,10,32,14,14,14,10,75,75,71,73,73,75,75,68,55,55,55,55,57,46,48,48,14,75,75,46,46,48,38,40,40,40,40,42,42,30,30,32,54,37],"gold":101,"neow_bonus":"THREE_ENEMY_KILL","is_prod":false,"is_daily":false,"chose_seed":false,"campfire_upgraded":6,"win_rate":0,"timestamp":1548844639,"path_taken":["M","M","M","M","M","E","?","E","T","R","$","R","?","?","R","BOSS","M","M","?","?","?","R","M","E","T","R","$","M","E","M","R","BOSS","M","?","?","M","?","E","$","R","T","M","$","E","?","M","R","BOSS"],"build_version":"2019-01-23","purchased_purges":2,"victory":true,"max_hp_per_floor":[75,75,75,75,75,75,75,75,75,75,75,75,75,75,75,75,75,75,75,75,75,75,75,75,75,75,75,75,75,75,75,75,75,75,75,75,75,75,75,75,75,75,75,75,75,75,75,75,75,75],"card_choices":[{"not_picked":["Rip and Tear","Melter"],"picked":"Conserve Battery","floor":1},{"not_picked":["Doom and Gloom","Compile Driver"],"picked":"Go for the Eyes","floor":2},{"not_picked":["Redo","Leap","Heatsinks"],"picked":"SKIP","floor":3},{"not_picked":["Rebound","Storm","Turbo"],"picked":"SKIP","floor":4},{"not_picked":["BootSequence","Turbo","Compile Driver"],"picked":"SKIP","floor":5},{"not_picked":["Sunder","Barrage","Scrape"],"picked":"SKIP","floor":6},{"not_picked":["Turbo","Compile Driver"],"picked":"Buffer","floor":8},{"not_picked":["Aggregate+1","Beam Cell","Storm"],"picked":"SKIP","floor":18},{"not_picked":["Compile Driver","Undo"],"picked":"Go for the Eyes+1","floor":19},{"not_picked":["Meteor Strike","Compile Driver"],"picked":"Defragment","floor":20},{"not_picked":["Ball Lightning","Cold Snap+1"],"picked":"Tempest+1","floor":22},{"not_picked":["Melter+1","Hologram","Redo+1"],"picked":"SKIP","floor":24},{"not_picked":["White Noise","Go for the Eyes"],"picked":"Defragment","floor":25},{"not_picked":["Turbo","Beam Cell","Doom and Gloom+1"],"picked":"SKIP","floor":29},{"not_picked":["Coolheaded+1","Reinforced Body"],"picked":"Echo Form","floor":30},{"not_picked":["Genetic Algorithm","Steam Power","Reinforced Body"],"picked":"SKIP","floor":31},{"not_picked":["Core Surge","Meteor Strike"],"picked":"Creative AI","floor":33},{"not_picked":["Heatsinks+1","Reinforced Body","Go for the Eyes+1"],"picked":"SKIP","floor":35},{"not_picked":["Rebound+1","Beam Cell"],"picked":"Ball Lightning+1","floor":36},{"not_picked":["Hologram+1","Beam Cell","Scrape+1"],"picked":"SKIP","floor":38},{"not_picked":["Flash of Steel","Jack Of All Trades"],"picked":"Finesse","floor":39},{"not_picked":["PanicButton","Master of Strategy"],"picked":"Flash of Steel","floor":39},{"not_picked":["Panacea","Purity"],"picked":"Jack Of All Trades","floor":39},{"not_picked":["Gash+1","Consume"],"picked":"Reboot","floor":40},{"not_picked":["Reprogram","Lockon"],"picked":"Ball Lightning+1","floor":44},{"not_picked":["Redo","Skim+1","Heatsinks"],"picked":"SKIP","floor":46},{"not_picked":["Leap","Chaos","Hologram+1"],"picked":"SKIP","floor":48}],"player_experience":1156950,"relics_obtained":[{"floor":6,"key":"Bronze Scales"},{"floor":8,"key":"Centennial Puzzle"},{"floor":9,"key":"Bottled Tornado"},{"floor":21,"key":"Lantern"},{"floor":25,"key":"Shovel"},{"floor":26,"key":"Turnip"},{"floor":30,"key":"Omamori"},{"floor":36,"key":"Gambling Chip"},{"floor":40,"key":"Ancient Tea Set"},{"floor":43,"key":"Smiling Mask"},{"floor":46,"key":"PreservedInsect"}],"event_choices":[{"damage_healed":0,"gold_gain":0,"player_choice":"Success","damage_taken":18,"relics_obtained":["War Paint"],"max_hp_gain":0,"max_hp_loss":0,"event_name":"Scrap Ooze","floor":13,"gold_loss":0},{"damage_healed":0,"gold_gain":0,"player_choice":"Gave Potion","damage_taken":0,"relics_obtained":["Thread and Needle"],"max_hp_gain":0,"max_hp_loss":0,"event_name":"WeMeetAgain","floor":14,"gold_loss":0},{"damage_healed":0,"gold_gain":0,"player_choice":"Fight","damage_taken":0,"max_hp_gain":0,"max_hp_loss":0,"event_name":"Mysterious Sphere","floor":36,"gold_loss":0},{"damage_healed":0,"gold_gain":0,"player_choice":"Ignored","damage_taken":0,"max_hp_gain":0,"max_hp_loss":0,"event_name":"Tomb of Lord Red Mask","floor":37,"gold_loss":0},{"damage_healed":0,"gold_gain":0,"player_choice":"Memory 3","damage_taken":10,"max_hp_gain":0,"max_hp_loss":0,"event_name":"SensoryStone","floor":39,"gold_loss":0},{"damage_healed":0,"gold_gain":0,"player_choice":"Got Potions","damage_taken":0,"max_hp_gain":0,"max_hp_loss":0,"event_name":"Lab","floor":47,"gold_loss":0}],"is_beta":true,"boss_relics":[{"not_picked":["Eternal Feather","Coffee Dripper"],"picked":"FrozenCore"},{"not_picked":["Sozu","Empty Cage"],"picked":"Inserter"}],"items_purged_floors":[41,45],"is_endless":false,"potions_floor_spawned":[1,2,4,8,18,19,20,22,31,44],"ascension_level":1}