{"gold_per_floor":[116,116,216,216,236,236,249,249,249,201,201,201,217,240,240,340,340,355,280,280,297,311,311,311,73,373,383,383,412,412,423,423,524,524,536,553,566,364,377,377,393,393,393,427,31,45,45,45,45,45],"floor_reached":51,"playtime":5139,"items_purged":["Strike_B","Strike_B","Strike_B"],"score":953,"play_id":"4132d2c8-b514-4ce6-9ddd-2b2fbd159bab","local_time":"20181015153935","is_ascension_mode":true,"campfire_choices":[{"data":"Zap","floor":6.0,"key":"SMITH"},{"data":"Glacier","floor":8.0,"key":"SMITH"},{"data":"Coolheaded","floor":11.0,"key":"SMITH"},{"data":"Buffer","floor":15.0,"key":"SMITH"},{"data":"Go for the Eyes","floor":23.0,"key":"SMITH"},{"data":"Capacitor","floor":28.0,"key":"SMITH"},{"data":"Consume","floor":30.0,"key":"SMITH"},{"floor":32.0,"key":"REST"},{"floor":40.0,"key":"REST"},{"floor":42.0,"key":"REST"},{"data":"Buffer","floor":47,"key":"SMITH"},{"floor":49,"key":"REST"}],"neow_cost":"NONE","seed_source_timestamp":506030329028014,"circlet_count":0,"master_deck":["Defend_B","Defend_B","Defend_B","Zap+1","Dualcast","AscendersBane","Compile Driver","Conserve Battery","Glacier+1","Coolheaded+1","Buffer+1","Ball Lightning","Echo Form","Go for the Eyes+1","Go for the Eyes+1","Capacitor+1","Consume+1","Electrodynamics","FTL","Compile Driver+1","Defragment","Loop+1","Heatsinks+1","Buffer+1"],"special_seed":0,"relics":["Cracked Core","Orichalcum","Meat on the Bone","Odd Mushroom","Nuclear Battery","Mummified Hand","Old Coin","Girya","Inserter","Shuriken","FossilizedHelix","Happy Flower"],"potions_floor_usage":[44,44,44,50],"damage_taken":[{"damage":0.0,"enemies":"Cultist","floor":1.0,"turns":3.0},{"damage":5.0,"enemies":"2 Louse","floor":5.0,"turns":4.0},{"damage":0.0,"enemies":"Jaw Worm","floor":7.0,"turns":2.0},{"damage":2.0,"enemies":"Exordium Wildlife","floor":13.0,"turns":9.0},{"damage":3.0,"enemies":"The Mushroom Lair","floor":14.0,"turns":7.0},{"damage":20.0,"enemies":"The Guardian","floor":16.0,"turns":14.0},{"damage":1.0,"enemies":"Shell Parasite","floor":18.0,"turns":7.0},{"damage":1.0,"enemies":"Spheric Guardian","floor":21.0,"turns":4.0},{"damage":15.0,"enemies":"Snake Plant","floor":22.0,"turns":7.0},{"damage":0.0,"enemies":"Snecko","floor":27.0,"turns":9.0},{"damage":7.0,"enemies":"Book of Stabbing","floor":29.0,"turns":8.0},{"damage":16.0,"enemies":"Shelled Parasite and Fungi","floor":31.0,"turns":6.0},{"damage":1.0,"enemies":"Automaton","floor":33.0,"turns":12.0},{"damage":0.0,"enemies":"Orb Walker","floor":35.0,"turns":5.0},{"damage":30.0,"enemies":"3 Darklings","floor":36.0,"turns":4.0},{"damage":19.0,"enemies":"Transient","floor":37.0,"turns":5.0},{"damage":20.0,"enemies":"Sphere and 2 Shapes","floor":39.0,"turns":5.0},{"damage":0.0,"enemies":"4 Shapes","floor":41.0,"turns":4.0},{"damage":38,"enemies":"2 Orb Walkers","floor":44,"turns":4},{"damage":0,"enemies":"Transient","floor":46,"turns":5},{"damage":15,"enemies":"Donu and Deca","floor":50,"turns":8}],"seed_played":"-24610886614461394","potions_obtained":[{"floor":1.0,"key":"Dexterity Potion"},{"floor":16.0,"key":"SteroidPotion"},{"floor":18.0,"key":"Fire Potion"},{"floor":24.0,"key":"PowerPotion"},{"floor":36.0,"key":"Weak Potion"},{"floor":41.0,"key":"Regen Potion"},{"floor":46,"key":"Regen Potion"}],"is_trial":false,"path_per_floor":["M","$","?","?","M","R","M","R","T","$","R","$","M","?","R","B",null,"M","$","?","M","M","R","?","$","T","M","R","E","R","M","R","B",null,"M","M","M","$","M","R","M","R","T","E","$","M","R","?","R","B"],"character_chosen":"DEFECT","items_purchased":["Coolheaded","Mummified Hand","Block Potion","Energy Potion","Buffer","Happy Flower","Fire Potion"],"campfire_rested":4,"item_purchase_floors":[10,25,38,38,45,45,45],"current_hp_per_floor":[68,68,68,68,63,63,63,63,63,63,63,63,61,58,58,38,66,65,65,65,64,49,49,49,49,49,49,49,42,42,38,60,59,71,71,41,34,34,26,48,48,70,70,49,49,49,49,49,71,66],"gold":45,"neow_bonus":"RANDOM_COMMON_RELIC","is_prod":false,"is_daily":false,"chose_seed":false,"campfire_upgraded":8,"win_rate":0,"timestamp":1539643175,"path_taken":["M","$","?","?","M","R","M","R","T","?","R","$","M","?","R","BOSS","M","$","?","M","?","R","?","?","T","M","R","E","R","M","R","BOSS","M","M","M","$","M","R","M","R","T","E","$","M","R","?","R","BOSS"],"build_version":"2018-10-11","purchased_purges":3,"victory":true,"max_hp_per_floor":[75,75,75,75,75,75,75,75,75,75,75,75,75,75,75,75,75,75,75,75,75,75,75,75,75,75,75,75,75,75,75,75,75,75,75,75,75,75,75,75,75,75,75,75,75,75,75,75,75,75],"card_choices":[{"not_picked":["Tempest","Steam Power"],"picked":"Compile Driver","floor":1.0},{"not_picked":["Redo","Reinforced Body"],"picked":"Conserve Battery","floor":5.0},{"not_picked":["Conserve Battery","Go for the Eyes"],"picked":"Glacier","floor":7.0},{"not_picked":["Static Discharge","Cold Snap"],"picked":"Buffer","floor":13.0},{"not_picked":["Lockon","Cold Snap"],"picked":"Ball Lightning","floor":14.0},{"not_picked":["Machine Learning","Electrodynamics"],"picked":"Echo Form","floor":16.0},{"not_picked":["Streamline","Chill"],"picked":"Go for the Eyes","floor":18.0},{"not_picked":["Hello World","Hologram","Redo"],"picked":"SKIP","floor":21.0},{"not_picked":["Steam","White Noise"],"picked":"Go for the Eyes+1","floor":22.0},{"not_picked":["Compile Driver+1","Ball Lightning"],"picked":"Capacitor","floor":27.0},{"not_picked":["Hologram+1","Storm"],"picked":"Consume","floor":29.0},{"not_picked":["Streamline","Gash","Stack"],"picked":"SKIP","floor":31.0},{"not_picked":["Meteor Strike","Rainbow"],"picked":"Electrodynamics","floor":33.0},{"not_picked":["Gash","Barrage+1"],"picked":"FTL","floor":35.0},{"not_picked":["Rebound","Go for the Eyes","Reinforced Body+1"],"picked":"SKIP","floor":36.0},{"not_picked":["Sweeping Beam+1","Hologram+1"],"picked":"Compile Driver+1","floor":37.0},{"not_picked":["Conserve Battery+1","Double Energy+1"],"picked":"Defragment","floor":39.0},{"not_picked":["Turbo","Chaos"],"picked":"Loop+1","floor":41.0},{"not_picked":["Blizzard+1","Conserve Battery"],"picked":"Heatsinks+1","floor":44},{"not_picked":["Steam","Hyperbeam","Rebound+1"],"picked":"SKIP","floor":46}],"player_experience":1160161,"relics_obtained":[{"floor":9.0,"key":"Meat on the Bone"},{"floor":14.0,"key":"Odd Mushroom"},{"floor":26.0,"key":"Old Coin"},{"floor":29.0,"key":"Girya"},{"floor":43.0,"key":"Shuriken"},{"floor":44,"key":"FossilizedHelix"}],"event_choices":[{"event_name":"Golden Shrine","player_choice":"Pray","floor":3.0,"damage_taken":0.0},{"event_name":"Bonfire Elementals","player_choice":"BASIC","floor":4.0,"damage_taken":0.0},{"event_name":"Mushrooms","player_choice":"Fought Mushrooms","floor":14.0,"damage_taken":0.0},{"event_name":"Ghosts","player_choice":"Ignored","floor":20.0,"damage_taken":0.0},{"event_name":"The Lab","player_choice":"Got Potions","floor":24.0,"damage_taken":0.0},{"event_name":"Falling","player_choice":"Removed Skill","floor":48,"damage_taken":0}],"is_beta":false,"boss_relics":[{"not_picked":["Philosopher\u0027s Stone","Fusion Hammer"],"picked":"Nuclear Battery"},{"not_picked":["Calling Bell","Snecko Eye"],"picked":"Inserter"}],"items_purged_floors":[19,38,45],"is_endless":false,"potions_floor_spawned":[1,16,18,21,22,36,39,41,46],"ascension_level":10}