{"gold_per_floor":[114,37,37,37,49,49,82,93,93,18,18,18,18,32,32,128,128,147,165,165,185,100,100,0,0],"floor_reached":25,"playtime":1540,"items_purged":["Strike_B","Strike_B"],"score":318,"play_id":"365b701f-707e-438e-8d5d-71c0ccc1792f","local_time":"20181113213626","is_ascension_mode":true,"campfire_choices":[{"data":"Darkness","floor":6,"key":"SMITH"},{"data":"Darkness","floor":11,"key":"SMITH"},{"data":"Zap","floor":13,"key":"SMITH"},{"floor":15,"key":"REST"},{"data":"Coolheaded","floor":23,"key":"SMITH"}],"neow_cost":"NONE","seed_source_timestamp":197835237477890,"circlet_count":0,"master_deck":["AscendersBane","Strike_B+1","Defend_B","Defend_B","Defend_B","Defend_B","Zap+1","Dualcast+1","Darkness+1","Doom and Gloom","Darkness+1","Recycle","Coolheaded+1","Echo Form+1"],"relics":["Cracked Core","GremlinMask","Incense Burner","Turnip","Sozu","Centennial Puzzle"],"potions_floor_usage":[7],"damage_taken":[{"damage":0,"enemies":"2 Louse","floor":1,"turns":3},{"damage":1,"enemies":"Cultist","floor":5,"turns":3},{"damage":10,"enemies":"Gremlin Nob","floor":7,"turns":3},{"damage":4,"enemies":"Jaw Worm","floor":8,"turns":3},{"damage":0,"enemies":"2 Fungi Beasts","floor":14,"turns":3},{"damage":39,"enemies":"Hexaghost","floor":16,"turns":9},{"damage":12,"enemies":"Shell Parasite","floor":18,"turns":4},{"damage":6,"enemies":"Spheric Guardian","floor":19,"turns":3},{"damage":3,"enemies":"3 Cultists","floor":21,"turns":5},{"damage":45,"enemies":"Gremlin Leader","floor":25,"turns":4}],"seed_played":"-7185276986505679287","potions_obtained":[{"floor":1,"key":"Ancient Potion"},{"floor":5,"key":"PowerPotion"}],"is_trial":false,"path_per_floor":["M","$","?","$","M","R","E","M","T","$","R","?","R","M","R","B",null,"M","M","?","M","?","R","$","E"],"character_chosen":"DEFECT","items_purchased":["Doom and Gloom"],"campfire_rested":1,"item_purchase_floors":[2],"current_hp_per_floor":[68,68,68,68,67,67,57,53,53,53,53,38,38,38,60,21,62,50,44,44,41,41,41,41,0],"gold":0,"neow_bonus":"REMOVE_CARD","is_prod":false,"is_daily":false,"chose_seed":false,"campfire_upgraded":4,"win_rate":0,"timestamp":1542105386,"path_taken":["M","$","?","?","?","R","E","M","T","$","R","?","R","M","R","BOSS","M","M","?","?","?","R","$","E"],"build_version":"2018-11-06","purchased_purges":2,"victory":false,"max_hp_per_floor":[75,75,75,75,75,75,75,75,75,75,75,75,75,75,75,75,75,75,75,75,75,75,75,75,75],"card_choices":[{"not_picked":["Skim","Redo"],"picked":"Darkness","floor":1},{"not_picked":["Storm","Sweeping Beam"],"picked":"Darkness","floor":5},{"not_picked":["Static Discharge","Sweeping Beam"],"picked":"Recycle","floor":7},{"not_picked":["Hologram","Skim"],"picked":"Coolheaded","floor":8},{"not_picked":["Turbo","Recycle","Reprogram"],"picked":"SKIP","floor":14},{"not_picked":["Biased Cognition","Core Surge"],"picked":"Echo Form","floor":16},{"not_picked":["Genetic Algorithm","Rip and Tear","Scrape"],"picked":"SKIP","floor":18},{"not_picked":["Recycle","Turbo+1","Gash"],"picked":"SKIP","floor":19},{"not_picked":["Turbo+1","Consume","Gash"],"picked":"SKIP","floor":21}],"player_experience":799771,"relics_obtained":[{"floor":7,"key":"Incense Burner"},{"floor":9,"key":"Turnip"}],"event_choices":[{"damage_healed":0,"gold_gain":0,"player_choice":"Trade","damage_taken":0,"relics_obtained":["GremlinMask"],"max_hp_gain":0,"max_hp_loss":0,"event_name":"FaceTrader","floor":3,"gold_loss":0},{"damage_healed":0,"gold_gain":0,"player_choice":"Entered Light","damage_taken":15,"max_hp_gain":0,"max_hp_loss":0,"event_name":"Shining Light","floor":12,"gold_loss":0,"cards_upgraded":["Strike_B","Dualcast"]},{"damage_healed":0,"gold_gain":0,"player_choice":"Forge","damage_taken":0,"max_hp_gain":0,"max_hp_loss":0,"event_name":"Accursed Blacksmith","floor":20,"gold_loss":0,"cards_upgraded":["Echo Form"]},{"damage_healed":0,"gold_gain":0,"player_choice":"Obtained Relic","damage_taken":0,"relics_obtained":["Centennial Puzzle"],"max_hp_gain":0,"max_hp_loss":0,"event_name":"Addict","floor":22,"gold_loss":85}],"is_beta":true,"boss_relics":[{"not_picked":["Eternal Feather","Snecko Eye"],"picked":"Sozu"}],"items_purged_floors":[10,24],"is_endless":false,"potions_floor_spawned":[1,5],"killed_by":"Gremlin Leader","ascension_level":12}