{"gold_per_floor":[117,117,135,135,135,178,202,202,202,236,83,124,124,174,174,299,362,376,286,300,323,356,397,397,397,397,397,362,362,362,115,115,241,241,265,285,300,300,300,343,218,292,318,318,332,111,111,164,164,164],"floor_reached":51,"playtime":1878,"items_purged":["Strike_B","Strike_B+1","Defend_B","Defend_B"],"score":1031,"play_id":"48dea3de-2aaa-4e19-9270-3d290b990c66","local_time":"20190108171102","is_ascension_mode":true,"campfire_choices":[{"data":"Defragment","floor":8,"key":"SMITH"},{"data":"Defragment","floor":15,"key":"SMITH"},{"data":"Blizzard","floor":27,"key":"SMITH"},{"data":"Defragment","floor":30,"key":"SMITH"},{"data":"Capacitor","floor":32,"key":"SMITH"},{"data":"Loop","floor":47,"key":"SMITH"},{"data":"Discovery","floor":49,"key":"SMITH"}],"neow_cost":"NONE","seed_source_timestamp":74775133158379,"circlet_count":0,"master_deck":["Defend_B","Defend_B+1","Zap+1","Streamline+1","Glacier","Defragment+1","Capacitor+1","Defragment+1","Chill","Seek","Self Repair","Blizzard+1","Chill+1","Glacier","Defragment+1","Buffer","Heatsinks","Ball Lightning+1","Madness","Madness","The Bomb","Discovery+1","Mayhem","Loop+1"],"relics":["Cracked Core","NeowsBlessing","Golden Idol","Mummified Hand","Centennial Puzzle","Mercury Hourglass","Thread and Needle","Sundial","Bag of Marbles","Tiny House","Red Mask","Bag of Preparation","Dream Catcher","Molten Egg 2","Juzu Bracelet","Inserter","PreservedInsect","Tiny Chest","Potion Belt","Whetstone"],"potions_floor_usage":[12,16,42,50,50],"damage_taken":[{"damage":0,"enemies":"2 Louse","floor":1,"turns":1},{"damage":0,"enemies":"Small Slimes","floor":3,"turns":1},{"damage":0,"enemies":"Gremlin Nob","floor":6,"turns":1},{"damage":0,"enemies":"Cultist","floor":7,"turns":3},{"damage":4,"enemies":"3 Sentries","floor":10,"turns":6},{"damage":0,"enemies":"Lagavulin","floor":12,"turns":4},{"damage":2,"enemies":"Hexaghost","floor":16,"turns":10},{"damage":6,"enemies":"2 Thieves","floor":18,"turns":3},{"damage":8,"enemies":"Shell Parasite","floor":20,"turns":5},{"damage":3,"enemies":"Snake Plant","floor":21,"turns":4},{"damage":0,"enemies":"Masked Bandits","floor":22,"turns":5},{"damage":0,"enemies":"Gremlin Leader","floor":23,"turns":8},{"damage":0,"enemies":"Automaton","floor":33,"turns":11},{"damage":0,"enemies":"Orb Walker","floor":35,"turns":4},{"damage":0,"enemies":"3 Shapes","floor":36,"turns":5},{"damage":0,"enemies":"3 Darklings","floor":37,"turns":3},{"damage":0,"enemies":"Nemesis","floor":40,"turns":9},{"damage":0,"enemies":"Giant Head","floor":42,"turns":8},{"damage":7,"enemies":"Spire Growth","floor":45,"turns":5},{"damage":0,"enemies":"Awakened One","floor":50,"turns":10}],"seed_played":"2516837553739123992","potions_obtained":[{"floor":3,"key":"FearPotion"},{"floor":10,"key":"AttackPotion"},{"floor":12,"key":"Poison Potion"},{"floor":16,"key":"Dexterity Potion"},{"floor":17,"key":"GamblersBrew"},{"floor":22,"key":"Swift Potion"},{"floor":36,"key":"FocusPotion"},{"floor":45,"key":"Explosive Potion"}],"is_trial":false,"path_per_floor":["M","?","M","?","?","E","M","R","T","E","$","E","?","T","R","B",null,"M","?","M","M","?","E","?","?","T","R","$","$","R","$","R","B",null,"M","M","M","?","?","E","$","E","T","?","M","$","R","T","R","B",null],"character_chosen":"DEFECT","items_purchased":["Defragment","Defragment","Juzu Bracelet","Loop"],"campfire_rested":0,"item_purchase_floors":[11,28,31,46],"current_hp_per_floor":[75,75,75,57,45,45,45,45,45,41,41,41,34,34,34,32,80,80,80,79,80,80,80,80,80,80,80,80,80,80,80,80,80,80,80,80,80,70,70,77,77,80,80,70,70,70,70,70,70,77],"gold":164,"neow_bonus":"THREE_ENEMY_KILL","is_prod":false,"is_daily":false,"chose_seed":false,"campfire_upgraded":7,"win_rate":0,"timestamp":1546927862,"path_taken":["M","?","M","?","?","E","M","R","T","E","$","E","?","?","R","BOSS","M","?","M","?","?","E","?","?","T","R","?","$","R","$","R","BOSS","M","M","M","?","?","E","$","E","T","?","M","?","R","?","R","BOSS"],"build_version":"2018-11-15","purchased_purges":4,"victory":true,"max_hp_per_floor":[75,75,75,75,75,75,75,75,75,75,75,75,75,75,75,75,80,80,80,80,80,80,80,80,80,80,80,80,80,80,80,80,80,80,80,80,80,80,80,80,80,80,80,80,80,80,80,80,80,80],"card_choices":[{"not_picked":["Hologram","Steam Power"],"picked":"Streamline","floor":1},{"not_picked":["Streamline","Leap"],"picked":"Glacier","floor":3},{"not_picked":["Meteor Strike","Go for the Eyes","Chaos"],"picked":"SKIP","floor":6},{"not_picked":["Cold Snap","Static Discharge"],"picked":"Defragment","floor":7},{"not_picked":["Cold Snap","Steam"],"picked":"Capacitor","floor":10},{"not_picked":["Chaos","Conserve Battery"],"picked":"Chill","floor":12},{"not_picked":["Thunder Strike","Meteor Strike"],"picked":"Seek","floor":16},{"not_picked":["Rebound","Undo"],"picked":"Self Repair","floor":17},{"not_picked":["Conserve Battery","Streamline+1"],"picked":"Blizzard","floor":18},{"not_picked":["Ball Lightning","Leap"],"picked":"Chill+1","floor":20},{"not_picked":["Barrage","Double Energy","Conserve Battery"],"picked":"SKIP","floor":21},{"not_picked":["Consume+1","Defragment"],"picked":"Glacier","floor":22},{"not_picked":["Cold Snap","Hologram","Ball Lightning"],"picked":"SKIP","floor":23},{"not_picked":["All For One+1","Biased Cognition"],"picked":"Buffer","floor":33},{"not_picked":["Stack","Skim+1"],"picked":"Heatsinks","floor":35},{"not_picked":["Rebound+1","Recycle"],"picked":"Ball Lightning+1","floor":36},{"not_picked":["Ball Lightning+1","Streamline+1","Barrage+1"],"picked":"SKIP","floor":37},{"not_picked":["Melter+1","Rebound+1","Hologram"],"picked":"SKIP","floor":40},{"not_picked":["Steam+1","Multi-Cast","Compile Driver+1"],"picked":"SKIP","floor":42},{"not_picked":["Impatience","Apotheosis"],"picked":"The Bomb","floor":44},{"not_picked":["Swift Strike+1","Madness"],"picked":"Discovery","floor":44},{"not_picked":["Dark Shackles","Purity"],"picked":"Mayhem","floor":44},{"not_picked":["Scrape+1","Barrage+1","Ball Lightning+1"],"picked":"SKIP","floor":45}],"player_experience":1047545,"relics_obtained":[{"floor":6,"key":"Centennial Puzzle"},{"floor":9,"key":"Mercury Hourglass"},{"floor":10,"key":"Thread and Needle"},{"floor":12,"key":"Sundial"},{"floor":14,"key":"Bag of Marbles"},{"floor":22,"key":"Red Mask"},{"floor":23,"key":"Bag of Preparation"},{"floor":26,"key":"Molten Egg 2"},{"floor":40,"key":"PreservedInsect"},{"floor":42,"key":"Tiny Chest"},{"floor":43,"key":"Potion Belt"},{"floor":48,"key":"Whetstone"}],"event_choices":[{"damage_healed":0,"gold_gain":0,"player_choice":"Grow","damage_taken":0,"max_hp_gain":0,"max_hp_loss":0,"event_name":"Living Wall","floor":2,"gold_loss":0,"cards_upgraded":["Zap"]},{"damage_healed":0,"gold_gain":0,"player_choice":"Take Damage","damage_taken":18,"relics_obtained":["Golden Idol"],"max_hp_gain":0,"max_hp_loss":0,"event_name":"Golden Idol","floor":4,"gold_loss":0},{"damage_healed":0,"gold_gain":0,"player_choice":"Success","damage_taken":12,"relics_obtained":["Mummified Hand"],"max_hp_gain":0,"max_hp_loss":0,"event_name":"Scrap Ooze","floor":5,"gold_loss":0},{"cards_removed":["Strike_B"],"damage_healed":0,"gold_gain":0,"player_choice":"Card Removal","damage_taken":7,"max_hp_gain":0,"max_hp_loss":0,"event_name":"Golden Wing","floor":13,"gold_loss":0},{"cards_removed":["Strike_B"],"damage_healed":0,"gold_gain":0,"player_choice":"Upgrade and Remove","damage_taken":0,"max_hp_gain":0,"max_hp_loss":0,"event_name":"Designer","floor":19,"gold_loss":90,"cards_upgraded":["Defend_B"]},{"damage_healed":0,"gold_gain":0,"player_choice":"Fought Bandits","damage_taken":0,"max_hp_gain":0,"max_hp_loss":0,"event_name":"Masked Bandits","floor":22,"gold_loss":0},{"damage_healed":0,"gold_gain":0,"player_choice":"Opened","damage_taken":0,"relics_obtained":["Dream Catcher"],"max_hp_gain":0,"max_hp_loss":0,"event_name":"The Mausoleum","floor":24,"gold_loss":0,"cards_obtained":["Writhe"]},{"cards_removed":["Writhe"],"damage_healed":0,"gold_gain":0,"player_choice":"Elegance","damage_taken":0,"max_hp_gain":0,"max_hp_loss":0,"event_name":"Back to Basics","floor":25,"gold_loss":0},{"damage_healed":0,"gold_gain":0,"player_choice":"Embrace Madness","damage_taken":10,"max_hp_gain":0,"max_hp_loss":0,"event_name":"Winding Halls","floor":38,"gold_loss":0,"cards_obtained":["Madness","Madness"]},{"cards_removed":["Dualcast"],"damage_healed":0,"gold_gain":0,"player_choice":"Removed Skill","damage_taken":0,"max_hp_gain":0,"max_hp_loss":0,"event_name":"Falling","floor":39,"gold_loss":0},{"damage_healed":0,"gold_gain":0,"player_choice":"Memory 3","damage_taken":10,"max_hp_gain":0,"max_hp_loss":0,"event_name":"SensoryStone","floor":44,"gold_loss":0}],"is_beta":true,"boss_relics":[{"not_picked":["Snecko Eye","Runic Pyramid"],"picked":"Tiny House"},{"not_picked":["Coffee Dripper","Fusion Hammer"],"picked":"Inserter"}],"items_purged_floors":[11,31,41,46],"is_endless":false,"potions_floor_spawned":[3,10,12,16,22,23,35,36,45],"ascension_level":1}