{"gold_per_floor":[117,117,117,129,129,163,338,354,379,406,416,448,448,465,465,570,570,590,572,572,572],"floor_reached":21,"playtime":1145,"items_purged":[],"score":358,"play_id":"9962262e-3c3f-4fa0-a24a-9a87babb351c","local_time":"20190127200313","is_ascension_mode":true,"campfire_choices":[{"floor":13,"key":"REST"},{"floor":15,"key":"REST"}],"neow_cost":"NONE","seed_source_timestamp":1216611437663982,"circlet_count":0,"master_deck":["AscendersBane","Defend_G","Defend_G","Defend_G","Defend_G","Defend_G","Strike_G","Strike_G","Strike_G","Survivor","Neutralize","Escape Plan","Noxious Fumes","Deflect","Flechettes","Tools of the Trade","Doubt","Infinite Blades","Blur","Footwork","Infinite Blades","Backflip","Storm of Steel","Prepared","Backstab","Dagger Throw"],"relics":["Ring of the Snake","NeowsBlessing","PreservedInsect","Regal Pillow","Bottled Flame","Dodecahedron","WristBlade"],"potions_floor_usage":[12,12,16],"damage_taken":[{"damage":0,"enemies":"Cultist","floor":1,"turns":1},{"damage":0,"enemies":"Small Slimes","floor":4,"turns":1},{"damage":0,"enemies":"3 Sentries","floor":6,"turns":1},{"damage":0,"enemies":"2 Louse","floor":8,"turns":2},{"damage":32,"enemies":"Gremlin Nob","floor":10,"turns":5},{"damage":7,"enemies":"Blue Slaver","floor":11,"turns":6},{"damage":12,"enemies":"Lagavulin","floor":12,"turns":9},{"damage":21,"enemies":"Lots of Slimes","floor":14,"turns":6},{"damage":31,"enemies":"Slime Boss","floor":16,"turns":11},{"damage":15,"enemies":"Chosen","floor":18,"turns":6},{"damage":35,"enemies":"2 Thieves","floor":19,"turns":4},{"damage":16,"enemies":"Centurion and Healer","floor":21,"turns":5}],"seed_played":"-1047676505209867836","potions_obtained":[{"floor":1,"key":"EssenceOfSteel"},{"floor":8,"key":"EssenceOfSteel"},{"floor":14,"key":"Fire Potion"}],"is_trial":false,"path_per_floor":["M","?","$","M","?","E","?","M","T","E","M","E","R","M","R","B",null,"M","M","?","M"],"character_chosen":"THE_SILENT","items_purchased":[],"campfire_rested":2,"item_purchase_floors":[],"current_hp_per_floor":[63,63,63,63,63,63,63,63,63,31,24,12,48,27,63,32,61,46,11,11,0],"gold":572,"neow_bonus":"THREE_ENEMY_KILL","is_prod":false,"is_daily":false,"chose_seed":false,"campfire_upgraded":0,"win_rate":0,"timestamp":1548640993,"path_taken":["M","?","$","?","?","E","?","M","T","E","M","E","R","M","R","BOSS","M","M","?","?"],"build_version":"2019-01-23","purchased_purges":0,"victory":false,"max_hp_per_floor":[70,70,70,70,70,70,70,70,70,70,70,70,70,70,70,70,70,70,70,70,70],"card_choices":[{"not_picked":["Blade Dance","Finisher"],"picked":"Escape Plan","floor":1},{"not_picked":["Outmaneuver","Choke"],"picked":"Deflect","floor":4},{"not_picked":["Backflip","Prepared"],"picked":"Tools of the Trade","floor":6},{"not_picked":["Dodge and Roll","Dagger Throw"],"picked":"Infinite Blades","floor":8},{"not_picked":["Flying Knee","Dagger Throw"],"picked":"Blur","floor":10},{"not_picked":["Flying Knee","Leg Sweep"],"picked":"Footwork","floor":11},{"not_picked":["Slice","Prepared"],"picked":"Infinite Blades","floor":12},{"not_picked":["Caltrops","Outmaneuver"],"picked":"Backflip","floor":14},{"not_picked":["Adrenaline","Die Die Die"],"picked":"Storm of Steel","floor":16},{"not_picked":["Acrobatics+1","Skewer"],"picked":"Prepared","floor":18},{"not_picked":["Quick Slash","Cloak And Dagger"],"picked":"Backstab","floor":19}],"player_experience":487215,"relics_obtained":[{"floor":6,"key":"PreservedInsect"},{"floor":9,"key":"Regal Pillow"},{"floor":10,"key":"Bottled Flame"},{"floor":12,"key":"Dodecahedron"}],"event_choices":[{"damage_healed":0,"gold_gain":0,"player_choice":"1 cards matched","damage_taken":0,"max_hp_gain":0,"max_hp_loss":0,"event_name":"Match and Keep!","floor":2,"gold_loss":0,"cards_obtained":["Noxious Fumes"]},{"damage_healed":0,"gold_gain":0,"cards_transformed":["Strike_G"],"player_choice":"Change","damage_taken":0,"max_hp_gain":0,"max_hp_loss":0,"event_name":"Living Wall","floor":5,"gold_loss":0,"cards_obtained":["Flechettes"]},{"damage_healed":0,"gold_gain":175,"player_choice":"AGREE","damage_taken":0,"max_hp_gain":0,"max_hp_loss":0,"event_name":"Liars Game","floor":7,"gold_loss":0,"cards_obtained":["Doubt"]},{"damage_healed":0,"gold_gain":0,"cards_transformed":["Strike_G"],"player_choice":"Transformed","damage_taken":0,"max_hp_gain":0,"max_hp_loss":0,"event_name":"Transmorgrifier","floor":20,"gold_loss":0,"cards_obtained":["Dagger Throw"]}],"is_beta":false,"boss_relics":[{"not_picked":["HoveringKite","Velvet Choker"],"picked":"WristBlade"}],"items_purged_floors":[],"is_endless":false,"potions_floor_spawned":[1,8,10,14],"killed_by":"Centurion and Healer","ascension_level":12}