{"gold_per_floor":[114,127,147,97,97,131,131],"floor_reached":7,"playtime":4065,"items_purged":[],"score":97,"play_id":"ed60f82e-4c84-49e4-818d-cc3de8bc8098","local_time":"20181213093054","is_ascension_mode":true,"campfire_choices":[],"neow_cost":"TEN_PERCENT_HP_LOSS","seed_source_timestamp":94635958410310,"circlet_count":0,"master_deck":["AscendersBane","Defend_G","Defend_G","Defend_G","Defend_G","Defend_G","Strike_G","Strike_G","Strike_G","Strike_G","Strike_G","Survivor","Neutralize","Cloak And Dagger","Cloak And Dagger","Bouncing Flask","PiercingWail","Leg Sweep"],"relics":["Ring of the Snake","Calipers","Smiling Mask"],"potions_floor_usage":[],"damage_taken":[{"damage":5,"enemies":"Cultist","floor":1,"turns":5},{"damage":1,"enemies":"Small Slimes","floor":2,"turns":4},{"damage":3,"enemies":"Jaw Worm","floor":3,"turns":5},{"damage":33,"enemies":"Lagavulin","floor":6,"turns":7},{"damage":17,"enemies":"The Mushroom Lair","floor":7,"turns":4}],"seed_played":"6536989856644783716","potions_obtained":[{"floor":2,"key":"PowerPotion"}],"is_trial":false,"path_per_floor":["M","M","M","$","?","E","?"],"character_chosen":"THE_SILENT","items_purchased":["PiercingWail"],"campfire_rested":0,"item_purchase_floors":[4],"current_hp_per_floor":[54,53,50,50,50,17,0],"gold":131,"neow_bonus":"ONE_RARE_RELIC","is_prod":false,"is_daily":false,"chose_seed":false,"campfire_upgraded":0,"win_rate":0,"timestamp":1544722254,"path_taken":["M","M","M","$","?","E","?"],"build_version":"2018-12-06","purchased_purges":0,"victory":false,"max_hp_per_floor":[60,60,60,60,60,60,60],"card_choices":[{"not_picked":["All Out Attack","Blade Dance"],"picked":"Cloak And Dagger","floor":1},{"not_picked":["Blade Dance","Outmaneuver"],"picked":"Cloak And Dagger","floor":2},{"not_picked":["Acrobatics","Underhanded Strike"],"picked":"Bouncing Flask","floor":3},{"not_picked":["Reflex","Grand Finale"],"picked":"Leg Sweep","floor":6}],"player_experience":1556379,"relics_obtained":[{"floor":6,"key":"Smiling Mask"}],"event_choices":[{"damage_healed":0,"gold_gain":0,"player_choice":"Ignored","damage_taken":0,"max_hp_gain":0,"max_hp_loss":0,"event_name":"Liars Game","floor":5,"gold_loss":0},{"damage_healed":0,"gold_gain":0,"player_choice":"Fought Mushrooms","damage_taken":0,"max_hp_gain":0,"max_hp_loss":0,"event_name":"Mushrooms","floor":7,"gold_loss":0}],"is_beta":false,"boss_relics":[],"items_purged_floors":[],"is_endless":false,"potions_floor_spawned":[2],"killed_by":"The Mushroom Lair","ascension_level":18}