{"gold_per_floor":[114,130,130,148,148,180,23,23,47,58,58,6,16,29,29,131,131,142,142,158,171,184,184,184,99,99,99,125,150,172,184,196,208],"floor_reached":33,"playtime":2712,"items_purged":["Regret"],"score":319,"play_id":"6431370b-f481-4d31-aadd-309d6bb340ed","local_time":"20181122224806","is_ascension_mode":false,"campfire_choices":[{"floor":8,"key":"REST"},{"floor":15,"key":"REST"},{"floor":23,"key":"REST"},{"floor":27,"key":"REST"},{"floor":32,"key":"REST"}],"neow_cost":"NONE","seed_source_timestamp":90554724702653,"circlet_count":0,"master_deck":["Defend_G","Defend_G","Defend_G","Defend_G","Defend_G","Strike_G","Strike_G","Strike_G","Strike_G","Strike_G","Survivor","Neutralize","Blur","Noxious Fumes","Backstab","Predator","After Image","Slice","Riddle With Holes","Night Terror","Dagger Spray","All Out Attack","Deflect","Poisoned Stab","Dagger Throw","Endless Agony","Die Die Die","Leg Sweep","Bouncing Flask","Acrobatics+1","Dagger Spray+1","Caltrops","Dash","Masterful Stab+1","Slice"],"relics":["Orrery","Happy Flower","Lantern","Ninja Scroll","Orichalcum","Fusion Hammer","Sundial","Snake Skull","Question Card","MawBank","Boot"],"potions_floor_usage":[],"damage_taken":[{"damage":5,"enemies":"Jaw Worm","floor":1,"turns":4},{"damage":0,"enemies":"Small Slimes","floor":2,"turns":3},{"damage":0,"enemies":"2 Louse","floor":4,"turns":1},{"damage":31,"enemies":"Lagavulin","floor":6,"turns":10},{"damage":0,"enemies":"Blue Slaver","floor":10,"turns":2},{"damage":0,"enemies":"Red Slaver","floor":13,"turns":2},{"damage":0,"enemies":"Exordium Wildlife","floor":14,"turns":2},{"damage":16,"enemies":"Hexaghost","floor":16,"turns":11},{"damage":0,"enemies":"2 Thieves","floor":18,"turns":3},{"damage":2,"enemies":"Chosen","floor":20,"turns":3},{"damage":41,"enemies":"Shelled Parasite and Fungi","floor":21,"turns":4},{"damage":4,"enemies":"Cultist and Chosen","floor":22,"turns":4},{"damage":0,"enemies":"Gremlin Leader","floor":28,"turns":7},{"damage":4,"enemies":"Snake Plant","floor":29,"turns":3},{"damage":5,"enemies":"Chosen and Byrds","floor":30,"turns":4},{"damage":76,"enemies":"Collector","floor":33,"turns":5}],"seed_played":"1218721883732477913","potions_obtained":[{"floor":4,"key":"FearPotion"},{"floor":6,"key":"FearPotion"},{"floor":13,"key":"SkillPotion"},{"floor":30,"key":"AttackPotion"}],"is_trial":false,"path_per_floor":["M","M","?","M","?","E","$","R","T","M","?","$","M","M","R","B",null,"M","?","M","M","M","R","T","?","T","R","E","M","M","?","R","B"],"character_chosen":"THE_SILENT","items_purchased":["All Out Attack","Poisoned Stab"],"campfire_rested":5,"item_purchase_floors":[7,12],"current_hp_per_floor":[65,65,65,65,47,16,16,37,37,37,37,37,37,37,58,42,70,70,70,68,27,23,44,44,44,44,65,65,61,56,56,70,0],"gold":208,"neow_bonus":"BOSS_RELIC","is_prod":false,"is_daily":false,"chose_seed":false,"campfire_upgraded":0,"win_rate":0.0,"timestamp":1542944886,"path_taken":["M","M","?","M","?","E","$","R","T","M","?","?","?","M","R","BOSS","M","?","M","M","M","R","?","?","T","R","E","M","M","?","R","BOSS"],"build_version":"2018-11-15","purchased_purges":1,"victory":false,"max_hp_per_floor":[70,70,70,70,70,70,70,70,70,70,70,70,70,70,70,70,70,70,70,70,70,70,70,70,70,70,70,70,70,70,70,70,70],"card_choices":[{"not_picked":["Quick Slash","Sucker Punch"],"picked":"Blur","floor":0},{"not_picked":["Prepared","Backstab"],"picked":"Noxious Fumes","floor":0},{"not_picked":["Outmaneuver","Dodge and Roll"],"picked":"Backstab","floor":0},{"not_picked":["Distraction","Escape Plan"],"picked":"Predator","floor":0},{"not_picked":["Noxious Fumes","Tactician"],"picked":"After Image","floor":0},{"not_picked":["Backflip","Sucker Punch"],"picked":"Slice","floor":1},{"not_picked":["Underhanded Strike","Blade Dance"],"picked":"Riddle With Holes","floor":2},{"not_picked":["Slice","Choke"],"picked":"Night Terror","floor":4},{"not_picked":["Flechettes","Outmaneuver"],"picked":"Dagger Spray","floor":6},{"not_picked":["Terror","Underhanded Strike"],"picked":"Deflect","floor":10},{"not_picked":["Caltrops","Deadly Poison"],"picked":"Dagger Throw","floor":13},{"not_picked":["Masterful Stab","Deflect"],"picked":"Endless Agony","floor":14},{"not_picked":["After Image","Venomology"],"picked":"Die Die Die","floor":16},{"not_picked":["Prepared","Acrobatics"],"picked":"Leg Sweep","floor":18},{"not_picked":["Masterful Stab","Underhanded Strike"],"picked":"Acrobatics+1","floor":20},{"not_picked":["Flechettes","Dash"],"picked":"Dagger Spray+1","floor":21},{"not_picked":["Tactician+1","Underhanded Strike"],"picked":"Caltrops","floor":22},{"not_picked":["Slice","Malaise","Outmaneuver"],"picked":"Dash","floor":28},{"not_picked":["Outmaneuver","Flying Knee","Expertise+1"],"picked":"Masterful Stab+1","floor":29},{"not_picked":["Dagger Spray","Flying Knee+1","Prepared"],"picked":"Slice","floor":30}],"player_experience":12774,"relics_obtained":[{"floor":6,"key":"Ninja Scroll"},{"floor":9,"key":"Orichalcum"},{"floor":24,"key":"Sundial"},{"floor":26,"key":"Question Card"},{"floor":28,"key":"MawBank"}],"event_choices":[{"damage_healed":0,"gold_gain":0,"player_choice":"Box","damage_taken":0,"relics_obtained":["Happy Flower"],"max_hp_gain":0,"max_hp_loss":0,"event_name":"Big Fish","floor":3,"gold_loss":0,"cards_obtained":["Regret"]},{"damage_healed":0,"gold_gain":0,"player_choice":"Success","damage_taken":18,"relics_obtained":["Lantern"],"max_hp_gain":0,"max_hp_loss":0,"event_name":"Scrap Ooze","floor":5,"gold_loss":0},{"damage_healed":0,"gold_gain":0,"player_choice":"Ignored","damage_taken":0,"max_hp_gain":0,"max_hp_loss":0,"event_name":"Liars Game","floor":11,"gold_loss":0},{"damage_healed":0,"gold_gain":0,"player_choice":"Read","damage_taken":0,"max_hp_gain":0,"max_hp_loss":0,"event_name":"The Library","floor":19,"gold_loss":0,"cards_obtained":["Bouncing Flask"]},{"damage_healed":0,"gold_gain":0,"player_choice":"Obtained Relic","damage_taken":0,"relics_obtained":["Snake Skull"],"max_hp_gain":0,"max_hp_loss":0,"event_name":"Addict","floor":25,"gold_loss":85},{"damage_healed":0,"gold_gain":0,"player_choice":"Gave Potion","damage_taken":0,"relics_obtained":["Boot"],"max_hp_gain":0,"max_hp_loss":0,"event_name":"WeMeetAgain","floor":31,"gold_loss":0}],"is_beta":false,"boss_relics":[{"not_picked":["Ectoplasm","Coffee Dripper"],"picked":"Fusion Hammer"}],"items_purged_floors":[7],"is_endless":false,"potions_floor_spawned":[4,6,13,18,21,30],"killed_by":"Collector","ascension_level":0}