{"gold_per_floor":[114,133,148,165,14,14,39,51,51,84,13,42,70,82,94,207,219,250,278,310,10,24,49,49,78,105,130,130,96,96,107,107,209,209,223,323,341,341,361,361,389,389,415,415,415,100,111,124,124,124,124,124,0,0],"floor_reached":54,"playtime":4202,"items_purged":["Parasite"],"score":916,"play_id":"807e20ab-74ac-4b55-952c-8732bda9f14c","local_time":"20181221032910","is_ascension_mode":true,"campfire_choices":[{"floor":6.0,"key":"REST"},{"floor":15.0,"key":"REST"},{"data":"Juggernaut","floor":24.0,"key":"SMITH"},{"floor":30.0,"key":"REST"},{"floor":32.0,"key":"RECALL"},{"floor":40.0,"key":"REST"},{"data":"Metallicize","floor":42.0,"key":"SMITH"},{"data":"Armaments","floor":45.0,"key":"SMITH"},{"floor":49.0,"key":"REST"},{"data":"Metallicize","floor":52.0,"key":"SMITH"}],"neow_cost":"PERCENT_DAMAGE","seed_source_timestamp":195115233762212,"circlet_count":0,"master_deck":["Strike_R+1","Strike_R+1","Strike_R+1","Strike_R+1","Strike_R+1","Defend_R+1","Defend_R+1","Defend_R+1","Defend_R+1","Bash","Metallicize","Shrug It Off","Ghostly Armor","Perfected Strike","Pommel Strike","Metallicize+1","Combust","Shockwave","Barricade+1","Juggernaut+1","Metallicize+1","Armaments+1","Perfected Strike","Uppercut","Thunderclap+1","Armaments","Power Through+1","Inflame","Intimidate+1","Iron Wave+1","Pummel+1","Sword Boomerang+1","Thunderclap+1","Dual Wield"],"special_seed":0,"relics":["Burning Blood","Bronze Scales","Pocketwatch","Self Forming Clay","MawBank","Eternal Feather","Mango","Magic Flower","Red Skull","Pen Nib","Boot","Philosopher\u0027s Stone","Calipers","Shuriken","Happy Flower","Paper Frog"],"potions_floor_usage":[],"damage_taken":[{"damage":6.0,"enemies":"Cultist","floor":1.0,"turns":3.0},{"damage":0.0,"enemies":"Small Slimes","floor":2.0,"turns":6.0},{"damage":2.0,"enemies":"2 Louse","floor":3.0,"turns":4.0},{"damage":45.0,"enemies":"Exordium Thugs","floor":4.0,"turns":11.0},{"damage":25.0,"enemies":"3 Sentries","floor":7.0,"turns":9.0},{"damage":0.0,"enemies":"Exordium Wildlife","floor":8.0,"turns":4.0},{"damage":24.0,"enemies":"Lagavulin","floor":10.0,"turns":6.0},{"damage":10.0,"enemies":"Gremlin Nob","floor":12.0,"turns":4.0},{"damage":11.0,"enemies":"Looter","floor":13.0,"turns":2.0},{"damage":16.0,"enemies":"Hexaghost","floor":16.0,"turns":10.0},{"damage":2.0,"enemies":"Chosen","floor":18.0,"turns":6.0},{"damage":3.0,"enemies":"3 Byrds","floor":19.0,"turns":3.0},{"damage":6.0,"enemies":"Snecko","floor":20.0,"turns":5.0},{"damage":22.0,"enemies":"Shelled Parasite and Fungi","floor":22.0,"turns":7.0},{"damage":15.0,"enemies":"Gremlin Leader","floor":23.0,"turns":13.0},{"damage":57.0,"enemies":"Slavers","floor":25.0,"turns":5.0},{"damage":39.0,"enemies":"Book of Stabbing","floor":27.0,"turns":5.0},{"damage":3.0,"enemies":"Snake Plant","floor":31.0,"turns":6.0},{"damage":45.0,"enemies":"Collector","floor":33.0,"turns":12.0},{"damage":39.0,"enemies":"3 Darklings","floor":35.0,"turns":6.0},{"damage":8.0,"enemies":"Mind Bloom Boss Battle","floor":36.0,"turns":6.0},{"damage":8.0,"enemies":"Orb Walker","floor":37.0,"turns":4.0},{"damage":24.0,"enemies":"Writhing Mass","floor":39.0,"turns":7.0},{"damage":27.0,"enemies":"Nemesis","floor":41.0,"turns":7.0},{"damage":33.0,"enemies":"Spire Growth","floor":47.0,"turns":5.0},{"damage":39.0,"enemies":"Transient","floor":48.0,"turns":5.0},{"damage":87.0,"enemies":"Awakened One","floor":50.0,"turns":15.0},{"damage":118,"enemies":"Shield and Spear","floor":54,"turns":6}],"seed_played":"-6022591231841684637","potions_obtained":[{"floor":1.0,"key":"Swift Potion"},{"floor":3.0,"key":"Ancient Potion"},{"floor":13.0,"key":"GamblersBrew"},{"floor":20.0,"key":"BloodPotion"},{"floor":22.0,"key":"Fire Potion"},{"floor":27.0,"key":"Swift Potion"},{"floor":31.0,"key":"EssenceOfSteel"},{"floor":35.0,"key":"Dexterity Potion"},{"floor":39.0,"key":"Ancient Potion"}],"is_trial":false,"path_per_floor":["M","M","M","M","$","R","E","M","T","E","$","E","M","?","R","B",null,"M","M","M","$","M","E","R","E","T","E","?","$","R","M","R","B",null,"M","?","M","?","M","R","E","R","T","?","R","$","M","M","R","B",null,"R","$","E"],"character_chosen":"IRONCLAD","items_purchased":["Bronze Scales","Combust","Mango","Inflame","Dual Wield","Paper Frog","Strength Potion"],"campfire_rested":5,"item_purchase_floors":[5,11,21,29,46,46,53],"current_hp_per_floor":[72,78,82,43,43,71,52,58,58,40,40,36,31,31,59,49,96,96,96,96,110,94,85,100,69,69,39,39,39,87,93,110,74,110,80,81,82,82,67,110,92,110,110,120,120,120,96,66,120,42,120,120,117,0],"gold":0,"neow_bonus":"TWENTY_PERCENT_HP_BONUS","is_prod":false,"is_daily":false,"chose_seed":false,"campfire_upgraded":4,"win_rate":0,"timestamp":1545380950,"path_taken":["M","M","M","M","$","R","E","?","T","E","$","E","M","?","R","BOSS","M","M","M","$","?","E","R","E","T","E","?","?","R","M","R","BOSS","M","?","M","?","?","R","E","R","T","?","R","$","M","M","R","BOSS","R","$","E"],"build_version":"2018-12-20","purchased_purges":1,"victory":false,"max_hp_per_floor":[96,96,96,96,96,96,96,96,96,96,96,96,96,96,96,96,96,96,96,96,110,110,110,110,110,110,110,110,110,110,110,110,110,110,110,110,110,110,110,110,110,110,110,120,120,120,120,120,120,120,120,120,117,117],"card_choices":[{"not_picked":["Carnage","Feel No Pain"],"picked":"Metallicize","floor":1.0},{"not_picked":["Cleave","Twin Strike"],"picked":"Shrug It Off","floor":2.0},{"not_picked":["Reckless Charge","Shrug It Off"],"picked":"Ghostly Armor","floor":3.0},{"not_picked":["Whirlwind","Spot Weakness"],"picked":"Perfected Strike","floor":4.0},{"not_picked":["Cleave","Heavy Blade"],"picked":"Burning Pact","floor":7.0},{"not_picked":["Perfected Strike","Disarm"],"picked":"Pommel Strike","floor":8.0},{"not_picked":["Intimidate","Clothesline"],"picked":"Metallicize","floor":10.0},{"not_picked":["Wild Strike","Iron Wave"],"picked":"Shockwave","floor":12.0},{"not_picked":["Flex","Spot Weakness"],"picked":"Barricade","floor":13.0},{"not_picked":["Barricade","Bludgeon"],"picked":"Juggernaut","floor":16.0},{"not_picked":["Burning Pact+1","Clash"],"picked":"Metallicize","floor":18.0},{"not_picked":["Anger","Sword Boomerang"],"picked":"Armaments","floor":19.0},{"not_picked":["Hemokinesis","Flex"],"picked":"Perfected Strike","floor":20.0},{"not_picked":["Pommel Strike","Heavy Blade"],"picked":"Uppercut","floor":22.0},{"not_picked":["Armaments","Reckless Charge"],"picked":"Thunderclap+1","floor":23.0},{"not_picked":["Spot Weakness+1","Limit Break"],"picked":"Armaments","floor":25.0},{"not_picked":["Twin Strike+1","Shrug It Off"],"picked":"Power Through+1","floor":27.0},{"not_picked":["True Grit","Wild Strike"],"picked":"Intimidate+1","floor":31.0},{"not_picked":["Limit Break","Bludgeon"],"picked":"Berserk","floor":33.0},{"not_picked":["True Grit+1","Rupture"],"picked":"Iron Wave+1","floor":35.0},{"not_picked":["Power Through","Inflame"],"picked":"Pummel+1","floor":36.0},{"not_picked":["Perfected Strike+1","Power Through"],"picked":"Sword Boomerang+1","floor":37.0},{"not_picked":["Havoc","Sever Soul+1"],"picked":"Thunderclap+1","floor":39.0},{"not_picked":["Heavy Blade","Clothesline","Whirlwind"],"picked":"SKIP","floor":41.0},{"not_picked":["Havoc","Evolve","Whirlwind"],"picked":"SKIP","floor":47.0},{"not_picked":["Spot Weakness","Iron Wave","Flex"],"picked":"SKIP","floor":48.0}],"player_experience":217996,"relics_obtained":[{"floor":7.0,"key":"Pocketwatch"},{"floor":10.0,"key":"Self Forming Clay"},{"floor":12.0,"key":"MawBank"},{"floor":23.0,"key":"Magic Flower"},{"floor":25.0,"key":"Red Skull"},{"floor":26.0,"key":"Pen Nib"},{"floor":27.0,"key":"Boot"},{"floor":36.0,"key":"Calipers"},{"floor":41.0,"key":"Shuriken"},{"floor":43.0,"key":"Happy Flower"}],"event_choices":[{"damage_healed":0.0,"max_hp_gain":0.0,"max_hp_loss":0.0,"gold_gain":0.0,"event_name":"Accursed Blacksmith","player_choice":"Forge","floor":14.0,"gold_loss":0.0,"damage_taken":0.0,"cards_upgraded":["Barricade"]},{"damage_healed":0.0,"max_hp_gain":0.0,"max_hp_loss":0.0,"gold_gain":0.0,"event_name":"Back to Basics","player_choice":"Simplicity","floor":28.0,"gold_loss":0.0,"damage_taken":0.0,"cards_upgraded":["Strike_R","Strike_R","Strike_R","Strike_R","Strike_R","Defend_R","Defend_R","Defend_R","Defend_R"]},{"damage_healed":0.0,"max_hp_gain":0.0,"max_hp_loss":0.0,"gold_gain":0.0,"event_name":"MindBloom","player_choice":"Fight","floor":36.0,"gold_loss":0.0,"damage_taken":0.0},{"cards_removed":["Burning Pact"],"damage_healed":0.0,"max_hp_gain":0.0,"max_hp_loss":0.0,"gold_gain":0.0,"event_name":"Falling","player_choice":"Removed Skill","floor":38.0,"gold_loss":0.0,"damage_taken":0.0},{"cards_removed":["Berserk"],"damage_healed":0.0,"max_hp_gain":10.0,"max_hp_loss":0.0,"gold_gain":0.0,"event_name":"Bonfire Elementals","player_choice":"Offered Rare","floor":44.0,"gold_loss":0.0,"damage_taken":0.0}],"is_beta":false,"boss_relics":[{"not_picked":["Runic Pyramid","Runic Dome"],"picked":"Eternal Feather"},{"not_picked":["Astrolabe","Fusion Hammer"],"picked":"Philosopher\u0027s Stone"}],"items_purged_floors":[53],"is_endless":false,"potions_floor_spawned":[1,3,13,20,22,27,31,35,39,41],"killed_by":"Shield and Spear","ascension_level":4}