{"gold_per_floor":[109,109,109,109,124,124,140,170,216,36,36,36,53,53,53,124,124,138,138,102,302,318,318],"floor_reached":23,"playtime":552,"items_purged":[],"score":309,"play_id":"22c8cafe-8e96-4028-92e4-1582edd9193b","local_time":"20181220004310","is_ascension_mode":true,"campfire_choices":[{"floor":6.0,"key":"REST"},{"floor":11.0,"key":"REST"},{"data":"Chaos","floor":15.0,"key":"SMITH"}],"neow_cost":"PERCENT_DAMAGE","seed_source_timestamp":436327609265232,"circlet_count":0,"master_deck":["AscendersBane","Strike_B","Strike_B+1","Defend_B","Defend_B","Defend_B","Defend_B","Zap+1","Dualcast","Sunder+1","Chaos+1","Go for the Eyes","Creative AI+1","Glacier","Rainbow","Compile Driver","White Noise","Hologram"],"special_seed":0,"relics":["FrozenCore","Pocketwatch","Bag of Preparation","Orichalcum"],"potions_floor_usage":[],"damage_taken":[{"damage":9.0,"enemies":"Jaw Worm","floor":1.0,"turns":4.0},{"damage":2.0,"enemies":"2 Louse","floor":5.0,"turns":3.0},{"damage":0.0,"enemies":"Small Slimes","floor":7.0,"turns":3.0},{"damage":15.0,"enemies":"3 Sentries","floor":8.0,"turns":4.0},{"damage":0.0,"enemies":"3 Louse","floor":13.0,"turns":2.0},{"damage":11.0,"enemies":"Hexaghost","floor":16.0,"turns":9.0},{"damage":18.0,"enemies":"Spheric Guardian","floor":18.0,"turns":4.0},{"damage":3.0,"enemies":"Chosen","floor":22.0,"turns":4.0},{"damage":0,"enemies":"Slavers","floor":23,"turns":1}],"seed_played":"4964876489896891356","potions_obtained":[{"floor":1.0,"key":"Fire Potion"},{"floor":5.0,"key":"PowerPotion"},{"floor":22.0,"key":"FearPotion"}],"is_trial":false,"path_per_floor":["M","?","?","?","M","R","M","E","T","$","R","?","M","$","R","B",null,"M","?","$","?","M","E"],"character_chosen":"DEFECT","items_purchased":["Glacier","Orichalcum","White Noise"],"campfire_rested":2,"item_purchase_floors":[10,10,20],"current_hp_per_floor":[41,41,26,26,24,46,46,31,31,31,53,53,53,53,53,42,67,49,49,49,49,46,46],"gold":318,"neow_bonus":"ONE_RARE_RELIC","is_prod":false,"is_daily":false,"chose_seed":false,"campfire_upgraded":1,"win_rate":0,"timestamp":1545291790,"path_taken":["M","?","?","?","?","R","M","E","T","$","R","?","?","?","R","BOSS","M","?","?","?","?","E"],"build_version":"2018-12-13","purchased_purges":0,"victory":false,"max_hp_per_floor":[75,75,75,75,75,75,75,75,75,75,75,75,75,75,75,75,75,75,75,75,75,75,75],"card_choices":[{"not_picked":["Darkness","Beam Cell"],"picked":"Sunder","floor":1.0},{"not_picked":["Sweeping Beam","Beam Cell","Stack"],"picked":"SKIP","floor":5.0},{"not_picked":["Barrage","Chill"],"picked":"Go for the Eyes","floor":7.0},{"not_picked":["Streamline","Steam Power"],"picked":"Creative AI","floor":8.0},{"not_picked":["Chaos","Ball Lightning","Steam"],"picked":"SKIP","floor":13.0},{"not_picked":["Multi-Cast","Machine Learning"],"picked":"Rainbow","floor":16.0},{"not_picked":["Redo","Barrage","Beam Cell"],"picked":"SKIP","floor":18.0},{"not_picked":["Stack","Steam"],"picked":"Hologram","floor":22.0}],"player_experience":716656,"relics_obtained":[{"floor":8.0,"key":"Bag of Preparation"}],"event_choices":[{"damage_healed":0.0,"max_hp_gain":0.0,"max_hp_loss":0.0,"gold_gain":0.0,"event_name":"Living Wall","player_choice":"Grow","floor":2.0,"gold_loss":0.0,"damage_taken":0.0,"cards_upgraded":["Zap"]},{"damage_healed":0.0,"max_hp_gain":0.0,"max_hp_loss":0.0,"gold_gain":0.0,"event_name":"Shining Light","player_choice":"Entered Light","floor":3.0,"gold_loss":0.0,"damage_taken":15.0,"cards_upgraded":["Sunder","Strike_B"]},{"damage_healed":0.0,"max_hp_gain":0.0,"max_hp_loss":0.0,"gold_gain":0.0,"cards_transformed":["Strike_B"],"event_name":"Transmorgrifier","player_choice":"Transformed","floor":4.0,"gold_loss":0.0,"damage_taken":0.0,"cards_obtained":["Chaos"]},{"damage_healed":0.0,"max_hp_gain":0.0,"max_hp_loss":0.0,"gold_gain":0.0,"event_name":"Upgrade Shrine","player_choice":"Upgraded","floor":12.0,"gold_loss":0.0,"damage_taken":0.0,"cards_upgraded":["Creative AI"]},{"damage_healed":0.0,"max_hp_gain":0.0,"max_hp_loss":0.0,"gold_gain":0.0,"cards_transformed":["Strike_B"],"event_name":"Transmorgrifier","player_choice":"Transformed","floor":19.0,"gold_loss":0.0,"damage_taken":0.0,"cards_obtained":["Compile Driver"]},{"damage_healed":0.0,"max_hp_gain":0.0,"max_hp_loss":0.0,"gold_gain":200.0,"event_name":"Wheel of Change","player_choice":"Gold","floor":21.0,"gold_loss":0.0,"damage_taken":0.0}],"is_beta":false,"boss_relics":[{"not_picked":["Ectoplasm","Fusion Hammer"],"picked":"FrozenCore"}],"items_purged_floors":[],"is_endless":false,"potions_floor_spawned":[1,5,7,22],"killed_by":"Slavers","ascension_level":13}