{"gold_per_floor":[115,115,40,55,68,93,104,119,143,143,178,178,178,196,196,196],"floor_reached":16,"playtime":719,"items_purged":["Strike_B"],"score":185,"play_id":"ae1e7181-73dd-4aff-98fe-3e0e6e3ab337","local_time":"20190203164516","is_ascension_mode":true,"campfire_choices":[{"floor":12,"key":"REST"},{"floor":15,"key":"REST"}],"neow_cost":"NONE","seed_source_timestamp":509926387958749,"circlet_count":0,"master_deck":["AscendersBane","Strike_B","Strike_B","Defend_B","Defend_B","Defend_B","Defend_B","Zap","Dualcast","Dramatic Entrance","Cold Snap","Steam","Sweeping Beam","Hologram","Coolheaded","Consume","Injury","Core Surge","Rip and Tear"],"relics":["Cracked Core","Lantern","PreservedInsect","Golden Idol","Bag of Marbles","Art of War"],"potions_floor_usage":[6,16,16],"damage_taken":[{"damage":0,"enemies":"Small Slimes","floor":1,"turns":2},{"damage":2,"enemies":"2 Louse","floor":4,"turns":2},{"damage":0,"enemies":"Cultist","floor":5,"turns":4},{"damage":19,"enemies":"3 Sentries","floor":6,"turns":8},{"damage":1,"enemies":"Large Slime","floor":7,"turns":7},{"damage":4,"enemies":"Blue Slaver","floor":8,"turns":5},{"damage":22,"enemies":"Gremlin Nob","floor":11,"turns":4},{"damage":5,"enemies":"Gremlin Gang","floor":14,"turns":3},{"damage":37,"enemies":"Slime Boss","floor":16,"turns":13}],"seed_played":"-8093852324005177938","potions_obtained":[{"floor":1,"key":"Fire Potion"},{"floor":5,"key":"SpeedPotion"},{"floor":14,"key":"PowerPotion"}],"is_trial":false,"path_per_floor":["M","?","$","M","M","E","M","M","T","?","E","R","?","M","R","B"],"character_chosen":"DEFECT","items_purchased":[],"campfire_rested":2,"item_purchase_floors":[],"current_hp_per_floor":[68,61,61,59,59,40,39,35,35,35,13,35,17,12,34,0],"gold":196,"neow_bonus":"RANDOM_COLORLESS","is_prod":false,"is_daily":false,"chose_seed":false,"campfire_upgraded":0,"win_rate":0,"timestamp":1549233916,"path_taken":["M","?","$","M","M","E","M","M","T","?","E","R","?","M","R","BOSS"],"build_version":"2019-01-23","purchased_purges":1,"victory":false,"max_hp_per_floor":[75,75,75,75,75,75,75,75,75,75,75,75,75,75,75,75],"card_choices":[{"not_picked":["FTL","Static Discharge"],"picked":"Cold Snap","floor":1},{"not_picked":["Hello World","Rebound"],"picked":"Steam","floor":4},{"not_picked":["Compile Driver","Redo"],"picked":"Sweeping Beam","floor":5},{"not_picked":["Ball Lightning","Auto Shields"],"picked":"Hologram","floor":6},{"not_picked":["Redo","Go for the Eyes"],"picked":"Coolheaded","floor":7},{"not_picked":["Barrage","Compile Driver"],"picked":"Consume","floor":8},{"not_picked":["Recycle","Conserve Battery"],"picked":"Core Surge","floor":11},{"not_picked":["Rebound","Stack"],"picked":"Rip and Tear","floor":14}],"player_experience":529614,"relics_obtained":[{"floor":6,"key":"Lantern"},{"floor":9,"key":"PreservedInsect"},{"floor":11,"key":"Bag of Marbles"}],"event_choices":[{"cards_removed":["Strike_B"],"damage_healed":0,"gold_gain":0,"player_choice":"Card Removal","damage_taken":7,"max_hp_gain":0,"max_hp_loss":0,"event_name":"Golden Wing","floor":2,"gold_loss":0},{"damage_healed":0,"gold_gain":0,"player_choice":"Take Wound","damage_taken":0,"relics_obtained":["Golden Idol"],"max_hp_gain":0,"max_hp_loss":0,"event_name":"Golden Idol","floor":10,"gold_loss":0,"cards_obtained":["Injury"]},{"damage_healed":0,"gold_gain":0,"player_choice":"Success","damage_taken":18,"relics_obtained":["Art of War"],"max_hp_gain":0,"max_hp_loss":0,"event_name":"Scrap Ooze","floor":13,"gold_loss":0}],"is_beta":false,"boss_relics":[],"items_purged_floors":[3],"is_endless":false,"potions_floor_spawned":[1,5,14],"killed_by":"Slime Boss","ascension_level":13}