{"gold_per_floor":[110,110,130,145,98,98,98,98,98,112,112,127,127,154,154,250,250,260,280,297,327,327,327,343,356,379,379,413,413,427,440,440,536,536,546,344,344,344,360,360,378,378,378,390,17,32,46,46,46,46],"floor_reached":51,"playtime":4379,"items_purged":["Defend_B"],"score":981,"play_id":"8c77160d-5565-4b4f-bd58-427310183479","local_time":"20180914152922","is_ascension_mode":true,"campfire_choices":[{"data":"Defragment","floor":6.0,"key":"SMITH"},{"data":"Zap","floor":8.0,"key":"SMITH"},{"data":"Leap","floor":11.0,"key":"SMITH"},{"floor":15.0,"key":"REST"},{"data":"Go for the Eyes","floor":23.0,"key":"SMITH"},{"floor":27.0,"key":"REST"},{"data":"Consume","floor":29.0,"key":"SMITH"},{"data":"Barrage","floor":32.0,"key":"SMITH"},{"data":"Dualcast","floor":40,"key":"SMITH"},{"data":"FTL","floor":42,"key":"SMITH"},{"data":"Hologram","floor":49,"key":"SMITH"}],"neow_cost":"NONE","seed_source_timestamp":0,"circlet_count":0,"master_deck":["Defend_B","Defend_B+1","Zap+1","Dualcast+1","Hologram+1","Redo","Auto Shields","Defragment+1","Ball Lightning+1","Leap+1","FTL+1","Go for the Eyes+1","Echo Form","Barrage+1","Cold Snap","Steam","BootSequence","Consume+1","Go for the Eyes+1","Chill","Core Surge","Stack+1","Electrodynamics","Conserve Battery","Self Repair+1","Glacier+1","Barrage+1","Conserve Battery+1"],"special_seed":0,"relics":["Cracked Core","Gambling Chip","Ancient Tea Set","Inserter","Tiny Chest","Vajra","The Courier","Runic Pyramid","Incense Burner","Ice Cream","Thread and Needle","Happy Flower"],"potions_floor_usage":[48,50],"damage_taken":[{"damage":0.0,"enemies":"Small Slimes","floor":1.0,"turns":3.0},{"damage":0.0,"enemies":"Cultist","floor":3.0,"turns":4.0},{"damage":0.0,"enemies":"2 Louse","floor":4.0,"turns":3.0},{"damage":2.0,"enemies":"Large Slime","floor":10.0,"turns":3.0},{"damage":0.0,"enemies":"Exordium Wildlife","floor":12.0,"turns":4.0},{"damage":17.0,"enemies":"3 Sentries","floor":14.0,"turns":5.0},{"damage":3.0,"enemies":"The Guardian","floor":16.0,"turns":9.0},{"damage":0.0,"enemies":"Chosen","floor":18.0,"turns":4.0},{"damage":0.0,"enemies":"Spheric Guardian","floor":19.0,"turns":3.0},{"damage":9.0,"enemies":"Snake Plant","floor":20.0,"turns":4.0},{"damage":11.0,"enemies":"Snecko","floor":24.0,"turns":6.0},{"damage":21.0,"enemies":"3 Cultists","floor":25.0,"turns":5.0},{"damage":1.0,"enemies":"Book of Stabbing","floor":28.0,"turns":5.0},{"damage":1.0,"enemies":"Snake Plant","floor":30.0,"turns":6.0},{"damage":2.0,"enemies":"Centurion and Healer","floor":31.0,"turns":7.0},{"damage":33,"enemies":"Collector","floor":33,"turns":10},{"damage":0,"enemies":"Orb Walker","floor":35,"turns":4},{"damage":0,"enemies":"Mind Bloom Boss Battle","floor":37,"turns":5},{"damage":37,"enemies":"3 Darklings","floor":39,"turns":5},{"damage":0,"enemies":"Spire Growth","floor":41,"turns":5},{"damage":0,"enemies":"Reptomancer","floor":44,"turns":7},{"damage":0,"enemies":"Transient","floor":46,"turns":5},{"damage":0,"enemies":"Sphere and 2 Shapes","floor":47,"turns":6},{"damage":0,"enemies":"2 Orb Walkers","floor":48,"turns":1},{"damage":0,"enemies":"Time Eater","floor":50,"turns":11}],"seed_played":"-5587259372783215857","potions_obtained":[{"floor":3.0,"key":"AttackPotion"},{"floor":4.0,"key":"SpeedPotion"},{"floor":14.0,"key":"Fruit Juice"},{"floor":20.0,"key":"SkillPotion"},{"floor":25.0,"key":"Regen Potion"},{"floor":28.0,"key":"Poison Potion"},{"floor":41,"key":"SmokeBomb"}],"is_trial":false,"path_per_floor":["M","?","M","M","$","R","?","R","T","M","R","M","?","E","R","B",null,"M","M","M","?","?","R","M","M","T","R","E","R","M","M","R","B",null,"M","$","?","?","M","R","M","R","T","M","$","M","M","E","R","B"],"character_chosen":"DEFECT","items_purchased":["Ball Lightning","Electrodynamics","Conserve Battery","Fire Potion","Thread and Needle","Happy Flower"],"campfire_rested":2,"item_purchase_floors":[5,36,36,36,45,45],"current_hp_per_floor":[68,68,68,68,68,68,61,61,61,59,59,59,44,32,56,53,73,73,73,64,64,64,64,53,32,32,56,69,69,68,66,66,33,68,68,68,68,68,31,31,41,41,41,51,51,61,80,80,80,80],"gold":46,"neow_bonus":"REMOVE_CARD","is_prod":false,"is_daily":false,"chose_seed":false,"campfire_upgraded":9,"win_rate":0,"timestamp":1536964162,"path_taken":["M","?","M","M","$","R","?","R","T","M","R","M","?","E","R","BOSS","M","M","M","?","?","R","M","M","T","R","E","R","M","?","R","BOSS","M","$","?","?","M","R","M","R","T","M","$","M","?","E","R","BOSS"],"build_version":"2018-09-06","purchased_purges":1,"victory":true,"max_hp_per_floor":[75,75,75,75,75,75,75,75,75,75,75,75,75,80,80,80,80,80,80,80,80,80,80,80,80,80,80,80,80,80,80,80,80,80,80,80,80,80,80,80,80,80,80,80,80,80,80,80,80,80],"card_choices":[{"not_picked":["Turbo","Beam Cell"],"picked":"Hologram","floor":1.0},{"not_picked":["Sweeping Beam","Leap"],"picked":"Auto Shields","floor":3.0},{"not_picked":["Capacitor","Beam Cell"],"picked":"Defragment","floor":4.0},{"not_picked":["Force Field","Stack"],"picked":"Leap","floor":10.0},{"not_picked":["Streamline","Rebound"],"picked":"FTL","floor":12.0},{"not_picked":["Redo","Leap"],"picked":"Go for the Eyes","floor":14.0},{"not_picked":["Hyperbeam","Machine Learning"],"picked":"Echo Form","floor":16.0},{"not_picked":["Darkness","Turbo"],"picked":"Barrage","floor":18.0},{"not_picked":["BootSequence","Steam+1"],"picked":"Cold Snap","floor":19.0},{"not_picked":["Reinforced Body","Storm"],"picked":"Steam","floor":20.0},{"not_picked":["Rebound+1","Chaos+1"],"picked":"BootSequence","floor":24.0},{"not_picked":["Rebound+1","Self Repair"],"picked":"Consume","floor":25.0},{"not_picked":["Hologram","Beam Cell"],"picked":"Go for the Eyes+1","floor":28.0},{"not_picked":["Defragment","Reprogram","Gash+1"],"picked":"SKIP","floor":30.0},{"not_picked":["Ball Lightning","Leap+1"],"picked":"Chill","floor":31.0},{"not_picked":["Thunder Strike","Biased Cognition"],"picked":"Core Surge","floor":33},{"not_picked":["Reprogram","Go for the Eyes+1"],"picked":"Stack+1","floor":35},{"not_picked":["Cold Snap","Streamline+1"],"picked":"Self Repair+1","floor":39},{"not_picked":["Redo+1","Rip and Tear+1"],"picked":"Glacier+1","floor":41},{"not_picked":["Redo+1","FTL"],"picked":"Barrage+1","floor":44},{"not_picked":["Rebound+1","Force Field+1","Auto Shields"],"picked":"SKIP","floor":46},{"not_picked":["Lockon","FTL+1"],"picked":"Conserve Battery+1","floor":47}],"player_experience":1040467,"relics_obtained":[{"floor":9.0,"key":"Gambling Chip"},{"floor":14.0,"key":"Ancient Tea Set"},{"floor":26.0,"key":"Vajra"},{"floor":28.0,"key":"The Courier"},{"floor":37,"key":"Incense Burner"},{"floor":43,"key":"Ice Cream"}],"event_choices":[{"event_name":"Transmorgrifier","player_choice":"Transform","floor":2.0,"damage_taken":0.0},{"event_name":"Golden Wing","player_choice":"Card Removal","floor":7.0,"damage_taken":0.0},{"event_name":"Shining Light","player_choice":"Entered Light","floor":13.0,"damage_taken":0.0},{"event_name":"The Mausoleum","player_choice":"Yes","floor":21.0,"damage_taken":0.0},{"event_name":"Bonfire Elementals","player_choice":"BASIC","floor":22.0,"damage_taken":0.0},{"event_name":"MindBloom","player_choice":"Fight","floor":37,"damage_taken":0},{"event_name":"Purifier","player_choice":"One Purge","floor":38,"damage_taken":0}],"is_beta":false,"boss_relics":[{"not_picked":["Velvet Choker","Lizard Tail"],"picked":"Inserter"},{"not_picked":["Orrery","Tiny House"],"picked":"Runic Pyramid"}],"items_purged_floors":[36],"is_endless":false,"potions_floor_spawned":[3,4,14,20,25,28,39,41,47],"ascension_level":8}