{"gold_per_floor":[114,133,143,158,174,174,174,188,215,230,280,341,341,391,391,490,490,509,658,695,320,127,127,156,156,156,156,219,239,71,83,83,83],"floor_reached":33,"playtime":2832,"items_purged":["Seeing Red","Parasite"],"score":286,"play_id":"e5417039-1888-455e-bc7f-d2025170d531","local_time":"20180917235843","is_ascension_mode":false,"campfire_choices":[{"data":"Feed","floor":6,"key":"SMITH"},{"data":"Shrug It Off","floor":13,"key":"SMITH"},{"data":"Flame Barrier","floor":15,"key":"SMITH"},{"data":"Feel No Pain","floor":23,"key":"SMITH"},{"floor":25,"key":"REST"},{"floor":27,"key":"REST"},{"floor":32,"key":"REST"}],"neow_cost":"TEN_PERCENT_HP_LOSS","seed_source_timestamp":313987361093361,"circlet_count":0,"master_deck":["Strike_R","Strike_R","Strike_R","Strike_R","Strike_R","Defend_R","Defend_R","Defend_R","Defend_R","Bash","Feed+1","Dropkick","Shrug It Off+1","Metallicize","Flame Barrier+1","Inflame","Feel No Pain+1","Warcry","Armaments+1","Dual Wield","Metallicize"],"relics":["Burning Blood","SsserpentHead","Velvet Choker","StoneCalendar","Medical Kit","Shovel","Paper Frog"],"potions_floor_usage":[4,16,16,16,20,20,29,33],"damage_taken":[{"damage":7,"enemies":"Cultist","floor":1,"turns":5},{"damage":7,"enemies":"2 Louse","floor":2,"turns":2},{"damage":5,"enemies":"Jaw Worm","floor":3,"turns":3},{"damage":16,"enemies":"Large Slime","floor":4,"turns":11},{"damage":16,"enemies":"Gremlin Gang","floor":5,"turns":6},{"damage":11,"enemies":"Lots of Slimes","floor":8,"turns":5},{"damage":2,"enemies":"2 Fungi Beasts","floor":10,"turns":4},{"damage":14,"enemies":"Blue Slaver","floor":12,"turns":5},{"damage":51,"enemies":"The Guardian","floor":16,"turns":12},{"damage":6,"enemies":"Chosen","floor":18,"turns":6},{"damage":4,"enemies":"2 Thieves","floor":20,"turns":4},{"damage":85,"enemies":"Gremlin Leader","floor":24,"turns":8},{"damage":7,"enemies":"Snecko","floor":28,"turns":7},{"damage":32,"enemies":"Shelled Parasite and Fungi","floor":29,"turns":7},{"damage":13,"enemies":"Snake Plant","floor":31,"turns":5},{"damage":88,"enemies":"Automaton","floor":33,"turns":16}],"seed_played":"-3795110725254601957","potions_obtained":[{"floor":1,"key":"SkillPotion"},{"floor":4,"key":"FearPotion"},{"floor":8,"key":"LiquidBronze"},{"floor":10,"key":"Fire Potion"},{"floor":16,"key":"AttackPotion"},{"floor":18,"key":"GamblersBrew"},{"floor":24,"key":"Dexterity Potion"},{"floor":29,"key":"PowerPotion"}],"is_trial":false,"path_per_floor":["M","M","M","M","M","R","?","M","T","M","?","M","R","?","R","B",null,"M","?","M","$","$","R","E","R","T","R","M","M","$","M","R"],"character_chosen":"IRONCLAD","items_purchased":["Warcry","StoneCalendar","Medical Kit","Metallicize"],"campfire_rested":3,"item_purchase_floors":[21,21,22,30],"current_hp_per_floor":[74,76,80,73,66,66,66,65,65,73,95,91,91,91,91,46,99,99,99,103,103,103,103,24,54,54,84,83,57,57,54,85,0],"gold":83,"neow_bonus":"THREE_RARE_CARDS","is_prod":false,"is_daily":false,"chose_seed":false,"campfire_upgraded":4,"win_rate":0.0,"timestamp":1537246723,"path_taken":["M","M","M","M","?","R","?","M","T","M","?","?","R","?","R","BOSS","M","?","?","?","$","R","E","R","T","R","?","M","$","M","R","BOSS"],"build_version":"2018-09-06","purchased_purges":2,"victory":false,"max_hp_per_floor":[75,78,81,84,87,87,87,91,91,95,95,99,99,99,99,99,99,99,99,103,103,103,103,103,103,103,103,103,103,100,104,104,104],"card_choices":[{"not_picked":["Limit Break","Bludgeon"],"picked":"Feed","floor":0},{"not_picked":["Clash","Twin Strike"],"picked":"Dropkick","floor":1},{"not_picked":["Iron Wave","Heavy Blade"],"picked":"Shrug It Off","floor":2},{"not_picked":["Cleave","Heavy Blade"],"picked":"Metallicize","floor":3},{"not_picked":["Uppercut","Warcry"],"picked":"Flame Barrier","floor":4},{"not_picked":["Clothesline","Second Wind"],"picked":"Inflame","floor":5},{"not_picked":["Pommel Strike","True Grit"],"picked":"Seeing Red","floor":8},{"not_picked":["Flex","Flame Barrier","Cleave"],"picked":"SKIP","floor":10},{"not_picked":["Intimidate","Shrug It Off","Blood for Blood"],"picked":"SKIP","floor":12},{"not_picked":["Shrug It Off+1","Pommel Strike+1","Flex"],"picked":"SKIP","floor":18},{"not_picked":["Clash","Rampage"],"picked":"Feel No Pain","floor":20},{"not_picked":["Uppercut","Sword Boomerang","Anger+1"],"picked":"SKIP","floor":24},{"not_picked":["Clash","Heavy Blade"],"picked":"Armaments+1","floor":28},{"not_picked":["Carnage","Headbutt"],"picked":"Dual Wield","floor":29},{"not_picked":["Iron Wave+1","Shrug It Off","Searing Blow"],"picked":"SKIP","floor":31}],"player_experience":32443,"relics_obtained":[{"floor":24,"key":"Shovel"},{"floor":26,"key":"Paper Frog"}],"event_choices":[{"event_name":"FaceTrader","player_choice":"Trade","floor":7,"damage_taken":0},{"event_name":"Mushrooms","player_choice":"Healed and dodged fight","floor":11,"damage_taken":0},{"event_name":"Liars Game","player_choice":"disagreed","floor":14,"damage_taken":0},{"event_name":"Nest","player_choice":"Stole From Cult","floor":19,"damage_taken":0}],"is_beta":false,"boss_relics":[{"not_picked":["Calling Bell","Ectoplasm"],"picked":"Velvet Choker"}],"items_purged_floors":[21,30],"is_endless":false,"potions_floor_spawned":[1,4,8,10,12,16,18,24,29],"killed_by":"Automaton","ascension_level":0}