{"gold_per_floor":[118,118,130,61,61,87,87,119,187,187,214,214,15,80,80,182,182,193,5,5,5,21,21,47,47,70,103,118,133,133,133,133,232,232,245,19,119,6,6,6,39,50,50,50,50,77,0,16,16,16,16,16,16,50,50],"floor_reached":56,"playtime":5560,"items_purged":["Strike_R","Regret"],"score":1672,"play_id":"06bc4e9f-3df0-41ec-bcc9-df2ff6f07522","local_time":"20190106160716","is_ascension_mode":true,"campfire_choices":[{"data":"Metallicize","floor":7,"key":"SMITH"},{"data":"Hemokinesis","floor":10,"key":"SMITH"},{"floor":12,"key":"REST"},{"data":"Clothesline","floor":15,"key":"SMITH"},{"data":"Metallicize","floor":23,"key":"SMITH"},{"data":"Barricade","floor":25,"key":"SMITH"},{"data":"Reaper","floor":30,"key":"SMITH"},{"floor":32,"key":"REST"},{"data":"Metallicize","floor":40,"key":"SMITH"},{"floor":45,"key":"RECALL"},{"floor":49,"key":"REST"},{"floor":52,"key":"REST"}],"neow_cost":"NONE","seed_source_timestamp":1622851073550404,"circlet_count":0,"master_deck":["Strike_R","Strike_R+1","Strike_R","Defend_R+1","Defend_R","Defend_R","Bash","Headbutt","Iron Wave","Metallicize+1","Pummel","Hemokinesis+1","Clothesline+1","Inflame","Reaper+1","Metallicize+1","Metallicize+1","Uppercut","Barricade+1","Thunderclap+1","Hemokinesis","Offering","Parasite"],"relics":["Burning Blood","NeowsBlessing","Vajra","Juzu Bracelet","Ornamental Fan","Ancient Tea Set","Membership Card","Question Card","Snecko Eye","Bag of Marbles","Nloth\u0027s Gift","Nilry\u0027s Codex","Bag of Preparation","Oddly Smooth Stone","Bronze Scales","Philosopher\u0027s Stone","Mummified Hand","Lee\u0027s Waffle","Dead Branch","PreservedInsect","Kunai","Red Mask","Blue Candle"],"potions_floor_usage":[11,16,16,27,27,27,33,33,41,50,55,55,55],"damage_taken":[{"damage":0,"enemies":"Jaw Worm","floor":1,"turns":1},{"damage":0,"enemies":"Small Slimes","floor":3,"turns":1},{"damage":0,"enemies":"Lagavulin","floor":6,"turns":1},{"damage":27,"enemies":"Gremlin Nob","floor":8,"turns":4},{"damage":12,"enemies":"3 Sentries","floor":11,"turns":5},{"damage":10,"enemies":"3 Sentries","floor":14,"turns":6},{"damage":49,"enemies":"The Guardian","floor":16,"turns":10},{"damage":15,"enemies":"2 Thieves","floor":18,"turns":4},{"damage":17,"enemies":"3 Byrds","floor":22,"turns":6},{"damage":10,"enemies":"Book of Stabbing","floor":24,"turns":5},{"damage":36,"enemies":"Slavers","floor":27,"turns":5},{"damage":6,"enemies":"Sentry and Sphere","floor":28,"turns":5},{"damage":9,"enemies":"Snake Plant","floor":29,"turns":4},{"damage":30,"enemies":"Collector","floor":33,"turns":5},{"damage":33,"enemies":"3 Shapes","floor":35,"turns":4},{"damage":16,"enemies":"Mind Bloom Boss Battle","floor":37,"turns":5},{"damage":12,"enemies":"Reptomancer","floor":41,"turns":4},{"damage":51,"enemies":"3 Darklings","floor":42,"turns":3},{"damage":10,"enemies":"Giant Head","floor":46,"turns":5},{"damage":9,"enemies":"Writhing Mass","floor":48,"turns":6},{"damage":79,"enemies":"Donu and Deca","floor":50,"turns":7},{"damage":8,"enemies":"Shield and Spear","floor":54,"turns":5},{"damage":105,"enemies":"The Heart","floor":55,"turns":8}],"seed_played":"-6891900567263980125","potions_obtained":[{"floor":6,"key":"Fire Potion"},{"floor":11,"key":"PowerPotion"},{"floor":14,"key":"AttackPotion"},{"floor":16,"key":"Regen Potion"},{"floor":27,"key":"LiquidBronze"},{"floor":29,"key":"GamblersBrew"},{"floor":37,"key":"LiquidBronze"},{"floor":48,"key":"SpeedPotion"},{"floor":54,"key":"Dexterity Potion"}],"is_trial":false,"path_per_floor":["M","?","M","$","?","E","R","E","T","R","E","R","$","?","R","B",null,"M","$","?","?","M","R","E","R","T","E","M","M","R","?","R","B",null,"M","$","?","$","?","R","E","M","T","?","R","E","?","M","R","B",null,"R","$","E","B",null],"character_chosen":"IRONCLAD","items_purchased":["Metallicize","Membership Card","Metallicize","Bag of Marbles","AttackPotion","PowerPotion","Mummified Hand","Lee\u0027s Waffle","BloodPotion","Energy Potion"],"campfire_rested":4,"item_purchase_floors":[4,13,19,19,19,19,36,36,38,38],"current_hp_per_floor":[78,62,68,68,68,74,74,63,63,63,57,84,84,80,80,37,77,78,78,78,62,55,55,58,58,58,53,62,66,66,66,90,72,86,65,97,97,97,92,92,88,61,61,61,61,69,69,70,92,39,79,92,92,90,9],"gold":50,"neow_bonus":"THREE_ENEMY_KILL","is_prod":false,"is_daily":false,"chose_seed":false,"campfire_upgraded":7,"win_rate":0,"timestamp":1546808836,"path_taken":["M","?","M","$","?","E","R","E","T","R","E","R","$","?","R","BOSS","M","$","?","?","M","R","E","R","T","E","M","M","R","?","R","BOSS","M","$","?","$","?","R","E","M","T","?","R","E","?","M","R","BOSS","R","$","E","BOSS"],"build_version":"2019-01-03v4","purchased_purges":2,"victory":true,"max_hp_per_floor":[80,80,80,80,80,80,80,90,90,90,90,90,90,90,90,90,90,90,90,90,90,90,90,90,90,90,90,90,90,90,90,90,90,90,90,97,97,97,92,92,92,92,92,92,92,92,92,92,92,92,92,92,92,92,92],"card_choices":[{"not_picked":["Clash","Armaments"],"picked":"Headbutt","floor":1},{"not_picked":["Anger","Warcry"],"picked":"Iron Wave","floor":3},{"not_picked":["Whirlwind","Iron Wave"],"picked":"Pummel","floor":6},{"not_picked":["Flex","Limit Break"],"picked":"Hemokinesis","floor":8},{"not_picked":["Heavy Blade","Headbutt"],"picked":"Clothesline","floor":11},{"not_picked":["Clothesline","Headbutt"],"picked":"Inflame","floor":14},{"not_picked":["Fiend Fire","Offering","Barricade"],"picked":"Reaper","floor":16},{"not_picked":["Twin Strike+1","Shrug It Off","Rampage"],"picked":"Metallicize","floor":18},{"not_picked":["Clothesline","Iron Wave+1","Armaments"],"picked":"Uppercut","floor":22},{"not_picked":["Wild Strike","Exhume","Sword Boomerang"],"picked":"Barricade","floor":24},{"not_picked":["Pommel Strike","True Grit","Barricade","Iron Wave"],"picked":"SKIP","floor":27},{"not_picked":["Body Slam","Anger","Warcry"],"picked":"Thunderclap+1","floor":28},{"not_picked":["Shrug It Off","True Grit","Sword Boomerang","Heavy Blade+1"],"picked":"SKIP","floor":29},{"not_picked":["Fiend Fire","Exhume","Dark Embrace"],"picked":"Offering","floor":33},{"not_picked":["Fire Breathing","Bludgeon","Warcry","Headbutt"],"picked":"SKIP","floor":35},{"not_picked":["Clothesline","Fiend Fire","Sword Boomerang","Wild Strike"],"picked":"SKIP","floor":41},{"not_picked":["Fire Breathing+1","Flame Barrier","Havoc","Rupture"],"picked":"SKIP","floor":42},{"not_picked":["Impervious","Armaments","Ghostly Armor+1","Brutality"],"picked":"SKIP","floor":46},{"not_picked":["Ghostly Armor+1","Warcry+1","Rage","Heavy Blade"],"picked":"SKIP","floor":48},{"not_picked":["Pommel Strike","Warcry","Thunderclap","Heavy Blade"],"picked":"SKIP","floor":54}],"player_experience":400800,"relics_obtained":[{"floor":6,"key":"Juzu Bracelet"},{"floor":8,"key":"Pear"},{"floor":9,"key":"Ornamental Fan"},{"floor":11,"key":"Ancient Tea Set"},{"floor":14,"key":"Question Card"},{"floor":21,"key":"Nilry\u0027s Codex"},{"floor":24,"key":"Bag of Preparation"},{"floor":26,"key":"Oddly Smooth Stone"},{"floor":27,"key":"Bronze Scales"},{"floor":37,"key":"Dead Branch"},{"floor":41,"key":"PreservedInsect"},{"floor":46,"key":"Kunai"},{"floor":54,"key":"Blue Candle"}],"event_choices":[{"damage_healed":0,"gold_gain":0,"player_choice":"Entered Light","damage_taken":16,"max_hp_gain":0,"max_hp_loss":0,"event_name":"Shining Light","floor":2,"gold_loss":0,"cards_upgraded":["Defend_R","Strike_R"]},{"damage_healed":0,"gold_gain":0,"player_choice":"Box","damage_taken":0,"relics_obtained":["Vajra"],"max_hp_gain":0,"max_hp_loss":0,"event_name":"Big Fish","floor":5,"gold_loss":0,"cards_obtained":["Regret"]},{"damage_healed":0,"gold_gain":0,"player_choice":"Searched \u00271\u0027 times","damage_taken":0,"max_hp_gain":0,"max_hp_loss":0,"event_name":"Dead Adventurer","floor":14,"gold_loss":0},{"damage_healed":0,"gold_gain":0,"player_choice":"Traded Relic","damage_taken":0,"relics_obtained":["Nloth\u0027s Gift"],"max_hp_gain":0,"max_hp_loss":0,"event_name":"N\u0027loth","floor":20,"relics_lost":["Pear"],"gold_loss":0},{"damage_healed":0,"gold_gain":0,"player_choice":"Obtained Book","damage_taken":16,"max_hp_gain":0,"max_hp_loss":0,"event_name":"Cursed Tome","floor":21,"gold_loss":0},{"damage_healed":0,"gold_gain":0,"cards_transformed":["Strike_R"],"player_choice":"Transformed","damage_taken":0,"max_hp_gain":0,"max_hp_loss":0,"event_name":"Transmorgrifier","floor":31,"gold_loss":0,"cards_obtained":["Hemokinesis"]},{"damage_healed":0,"gold_gain":0,"player_choice":"Fight","damage_taken":0,"max_hp_gain":0,"max_hp_loss":0,"event_name":"MindBloom","floor":37,"gold_loss":0},{"damage_healed":0,"gold_gain":0,"player_choice":"Max HP","damage_taken":0,"max_hp_gain":0,"max_hp_loss":5,"event_name":"Winding Halls","floor":39,"gold_loss":0},{"cards_removed":["Defend_R"],"damage_healed":0,"gold_gain":0,"player_choice":"Removed Skill","damage_taken":0,"max_hp_gain":0,"max_hp_loss":0,"event_name":"Falling","floor":44,"gold_loss":0},{"damage_healed":0,"gold_gain":0,"player_choice":"Paid","damage_taken":0,"relics_obtained":["Red Mask"],"max_hp_gain":0,"max_hp_loss":0,"event_name":"Tomb of Lord Red Mask","floor":47,"gold_loss":77}],"is_beta":false,"boss_relics":[{"not_picked":["Lizard Tail","Runic Dome"],"picked":"Snecko Eye"},{"not_picked":["Mark of Pain","White Beast Statue"],"picked":"Philosopher\u0027s Stone"}],"items_purged_floors":[19,38],"is_endless":false,"potions_floor_spawned":[6,11,14,16,24,27,29,37,48,54],"ascension_level":7}