{"path_per_floor":["M","?","M","?","?","E","M","E","T","M","M","R","?","M","R","B",null,"M","?","M","M","M","R","M","R","T","M","$","M","M","M","R","B",null,"M","M","$","M","M"],"character_chosen":"THE_SILENT","items_purchased":["Escape Plan","Footwork","Ornamental Fan","Orichalcum","Oddly Smooth Stone","Shuriken"],"gold_per_floor":[114,74,85,85,260,304,328,367,367,391,406,406,481,499,499,630,630,643,643,668,686,700,700,713,713,736,761,57,70,83,106,106,227,227,248,272,10,24,39,39],"floor_reached":40,"campfire_rested":3,"playtime":1976,"item_purchase_floors":[28,28,28,28,28,37],"current_hp_per_floor":[70,70,70,70,70,75,75,68,68,68,63,63,52,50,50,5,75,60,60,60,30,8,30,29,51,51,28,28,28,28,27,49,20,75,75,71,71,64,48,0],"items_purged":[],"gold":39,"score":508,"play_id":"a77c7eb3-b6a5-4a93-9cfb-47a34c81354d","local_time":"20180620122905","is_prod":false,"is_daily":false,"chose_seed":false,"is_ascension_mode":false,"campfire_upgraded":2,"win_rate":0,"timestamp":1529490545,"campfire_choices":[{"data":"Poisoned Stab","floor":12,"key":"SMITH"},{"data":"Neutralize","floor":15,"key":"SMITH"},{"floor":23,"key":"REST"},{"floor":25,"key":"REST"},{"floor":32,"key":"REST"}],"path_taken":["M","?","M","?","?","E","M","E","T","M","M","R","?","M","R","BOSS","M","?","M","M","M","R","M","R","T","M","$","M","M","M","R","BOSS","M","M","$","M","M","E"],"build_version":"2018-06-19v2","seed_source_timestamp":15369314792968,"purchased_purges":0,"circlet_count":0,"victory":false,"master_deck":["Survivor","Neutralize+1","Poisoned Stab+1","Quick Slash","Injury","Doubt","Slice+1","Dagger Throw+1","Poisoned Stab+1","Sucker Punch+1","Poisoned Stab+1","Dagger Spray+1","A Thousand Cuts","Noxious Fumes","Dagger Spray+1","Cloak And Dagger","Choke+1","Outmaneuver","Slice+1","Dash+1","Malaise","PiercingWail","Quick Slash+1","Dodge and Roll","Well Laid Plans","Bane+1","Sucker Punch+1","Cloak And Dagger","Underhanded Strike+1","Escape Plan","Footwork","Dagger Spray+1","Poisoned Stab+1","Glass Knife+1","Storm of Steel","Prepared+1","Slice+1","Sucker Punch+1","Dodge and Roll+1"],"max_hp_per_floor":[70,70,70,70,70,75,75,75,75,75,75,75,75,75,75,75,75,75,75,75,75,75,75,75,75,75,75,75,75,75,75,75,75,75,75,75,75,75,75,75],"relics":["Ring of the Snake","NeowsBlessing","Golden Idol","Molten Egg 2","The Specimen","Dead Branch","Pandora\u0027s Box","Lantern","Ornamental Fan","Orichalcum","Oddly Smooth Stone","Sozu","Shuriken"],"card_choices":[{"not_picked":["Dodge and Roll","Deadly Poison"],"picked":"Poisoned Stab","floor":1},{"not_picked":["Bane","Outmaneuver"],"picked":"Quick Slash","floor":3},{"not_picked":["Quick Slash","Acrobatics"],"picked":"Slice","floor":6},{"not_picked":["Terror","Calculated Gamble"],"picked":"Dagger Throw+1","floor":7},{"not_picked":["Glass Knife+1","Prepared"],"picked":"Poisoned Stab+1","floor":8},{"not_picked":["Dodge and Roll","Acrobatics"],"picked":"Sucker Punch+1","floor":10},{"not_picked":["Slice+1","Outmaneuver"],"picked":"Poisoned Stab+1","floor":11},{"not_picked":["A Thousand Cuts","Prepared"],"picked":"Dagger Spray+1","floor":14},{"not_picked":["Wraith Form v2","Night Terror"],"picked":"A Thousand Cuts","floor":16},{"not_picked":["Underhanded Strike+1","Accuracy"],"picked":"Quick Slash+1","floor":18},{"not_picked":["Accuracy","Terror"],"picked":"Well Laid Plans","floor":20},{"not_picked":["Flying Knee+1","Accuracy"],"picked":"Bane+1","floor":21},{"not_picked":["Prepared","Masterful Stab+1"],"picked":"Sucker Punch+1","floor":22},{"not_picked":["PiercingWail","Bullet Time"],"picked":"Cloak And Dagger","floor":24},{"not_picked":["Acrobatics","Finisher+1"],"picked":"Underhanded Strike+1","floor":27},{"not_picked":["Bouncing Flask","Deadly Poison"],"picked":"Dagger Spray+1","floor":29},{"not_picked":["Sucker Punch+1","Underhanded Strike+1"],"picked":"Poisoned Stab+1","floor":30},{"not_picked":["Slice+1","Calculated Gamble"],"picked":"Glass Knife+1","floor":31},{"not_picked":["Unload+1","Phantasmal Killer"],"picked":"Storm of Steel","floor":33},{"not_picked":["Acrobatics+1","Backflip"],"picked":"Prepared+1","floor":35},{"not_picked":["Prepared+1","Sucker Punch+1"],"picked":"Slice+1","floor":36},{"not_picked":["Flying Knee+1","Dagger Spray+1"],"picked":"Sucker Punch+1","floor":38},{"not_picked":["Dagger Throw+1","Malaise"],"picked":"Dodge and Roll+1","floor":39}],"player_experience":267571,"potions_floor_usage":[6,8,10,16,21,30,30,33,33,33],"damage_taken":[{"damage":0,"enemies":"2 Louse","floor":1,"turns":1},{"damage":0,"enemies":"Cultist","floor":3,"turns":1},{"damage":0,"enemies":"3 Sentries","floor":6,"turns":2},{"damage":0,"enemies":"Small Slimes","floor":7,"turns":2},{"damage":7,"enemies":"Gremlin Nob","floor":8,"turns":4},{"damage":0,"enemies":"3 Louse","floor":10,"turns":2},{"damage":5,"enemies":"2 Fungi Beasts","floor":11,"turns":3},{"damage":2,"enemies":"Looter","floor":14,"turns":3},{"damage":45,"enemies":"The Guardian","floor":16,"turns":9},{"damage":15,"enemies":"2 Thieves","floor":18,"turns":5},{"damage":0,"enemies":"Chosen","floor":20,"turns":4},{"damage":30,"enemies":"3 Cultists","floor":21,"turns":4},{"damage":22,"enemies":"Snecko","floor":22,"turns":4},{"damage":1,"enemies":"Chosen and Byrds","floor":24,"turns":4},{"damage":23,"enemies":"Centurion and Healer","floor":27,"turns":5},{"damage":0,"enemies":"Cultist and Chosen","floor":29,"turns":5},{"damage":0,"enemies":"Snecko","floor":30,"turns":5},{"damage":1,"enemies":"Snake Plant","floor":31,"turns":3},{"damage":29,"enemies":"Collector","floor":33,"turns":8},{"damage":0,"enemies":"Orb Walker","floor":35,"turns":3},{"damage":4,"enemies":"Flame Bruiser 1 Orb","floor":36,"turns":4},{"damage":7,"enemies":"Sphere and 2 Shapes","floor":38,"turns":4},{"damage":16,"enemies":"Maw","floor":39,"turns":6},{"damage":51,"enemies":"Giant Head","floor":40,"turns":8}],"relics_obtained":[{"floor":6,"key":"Molten Egg 2"},{"floor":8,"key":"The Specimen"},{"floor":9,"key":"Dead Branch"},{"floor":26,"key":"Lantern"}],"event_choices":[{"event_name":"The Woman in Blue","player_choice":"Bought 3 Potions","floor":2,"damage_taken":0},{"event_name":"Golden Idol","player_choice":"Take Wound","floor":4,"damage_taken":0},{"event_name":"Liars Game","player_choice":"agreed","floor":5,"damage_taken":0},{"event_name":"World of Goop","player_choice":"Gather Gold","floor":13,"damage_taken":0},{"event_name":"Transmorgrifier","player_choice":"Transform","floor":19,"damage_taken":0}],"boss_relics":[{"not_picked":["Orrery","White Beast Statue"],"picked":"Pandora\u0027s Box"},{"not_picked":["Snecko Eye","Coffee Dripper"],"picked":"Sozu"}],"items_purged_floors":[],"is_endless":true,"potions_floor_spawned":[10,14,16,20,22,29,30,31,33,35,38],"seed_played":"9045987812629983919","killed_by":"Giant Head","ascension_level":0,"potions_obtained":[{"floor":2,"key":"GhostInAJar"},{"floor":2,"key":"Fruit Juice"},{"floor":2,"key":"Energy Potion"},{"floor":10,"key":"Dexterity Potion"},{"floor":14,"key":"SneckoOil"},{"floor":16,"key":"Explosive Potion"},{"floor":20,"key":"EssenceOfSteel"},{"floor":22,"key":"Strength Potion"},{"floor":29,"key":"Block Potion"},{"floor":30,"key":"GamblersBrew"},{"floor":31,"key":"FearPotion"},{"floor":33,"key":"SteroidPotion"}],"is_trial":false}