{"gold_per_floor":[113,133,107,107,125,125,151,151,151,151,171,171,196,196,196,273,273,273,273,273,273,273,273,273,273,273,273,273,273,273,273,273,273],"floor_reached":33,"playtime":1226,"items_purged":[],"score":464,"play_id":"cbf9f0f2-bd12-4dc7-872d-460678e01071","local_time":"20181030161416","is_ascension_mode":true,"campfire_choices":[{"data":"Bash","floor":6.0,"key":"SMITH"},{"data":"Spot Weakness","floor":8,"key":"SMITH"},{"data":"True Grit","floor":10,"key":"SMITH"},{"data":"Sword Boomerang","floor":12,"key":"SMITH"},{"floor":15,"key":"REST"},{"data":"Limit Break","floor":23,"key":"SMITH"},{"floor":25,"key":"REST"},{"data":"Armaments","floor":27,"key":"SMITH"},{"data":"Disarm","floor":29,"key":"SMITH"},{"floor":32,"key":"REST"}],"neow_cost":"NONE","seed_source_timestamp":89539342910526,"circlet_count":0,"master_deck":["Strike_R","Strike_R","Strike_R","Strike_R","Strike_R","Defend_R","Defend_R","Defend_R","Defend_R","Bash+1","AscendersBane","Shockwave","Disarm+1","Cleave","True Grit+1","Spot Weakness+1","Sword Boomerang+1","Armaments+1","Limit Break+1","Shrug It Off","Pommel Strike","Battle Trance","Clothesline","Headbutt","Pummel+1"],"special_seed":0,"relics":["Burning Blood","NeowsBlessing","Sundial","Regal Pillow","Pen Nib","Ectoplasm","Boot","Gremlin Horn"],"potions_floor_usage":[7,22,33,33],"damage_taken":[{"damage":0.0,"enemies":"Small Slimes","floor":1.0,"turns":1.0},{"damage":0.0,"enemies":"2 Louse","floor":2.0,"turns":1.0},{"damage":0.0,"enemies":"Cultist","floor":5.0,"turns":1.0},{"damage":26,"enemies":"Gremlin Nob","floor":7,"turns":5},{"damage":14,"enemies":"2 Fungi Beasts","floor":11,"turns":3},{"damage":28,"enemies":"3 Sentries","floor":13,"turns":6},{"damage":19,"enemies":"Hexaghost","floor":16,"turns":7},{"damage":13,"enemies":"Shell Parasite","floor":18,"turns":5},{"damage":7,"enemies":"Chosen","floor":20,"turns":4},{"damage":17,"enemies":"Centurion and Healer","floor":22,"turns":4},{"damage":23,"enemies":"Shelled Parasite and Fungi","floor":24,"turns":4},{"damage":29,"enemies":"3 Cultists","floor":28,"turns":6},{"damage":17,"enemies":"Book of Stabbing","floor":30,"turns":7},{"damage":11,"enemies":"Snake Plant","floor":31,"turns":4},{"damage":92,"enemies":"Automaton","floor":33,"turns":6}],"seed_played":"-1243805410269371603","potions_obtained":[{"floor":1.0,"key":"SteroidPotion"},{"floor":13,"key":"Swift Potion"},{"floor":16,"key":"Ancient Potion"},{"floor":20,"key":"PowerPotion"},{"floor":24,"key":"Ancient Potion"},{"floor":30,"key":"Strength Potion"}],"is_trial":false,"path_per_floor":["M","M","$","?","M","R","E","R","T","R","M","R","?","?","R","B",null,"M","?","M","?","M","R","M","R","T","R","M","R","E","M","R"],"character_chosen":"IRONCLAD","items_purchased":["Cleave"],"campfire_rested":3,"item_purchase_floors":[3],"current_hp_per_floor":[74,75,75,75,75,75,55,55,55,55,47,47,25,7,44,31,64,57,57,56,56,45,45,28,65,65,65,42,42,31,26,63,0],"gold":273,"neow_bonus":"THREE_ENEMY_KILL","is_prod":false,"is_daily":false,"chose_seed":false,"campfire_upgraded":7,"win_rate":0,"timestamp":1540941256,"path_taken":["M","M","$","?","?","R","E","R","T","R","M","R","?","?","R","BOSS","M","?","M","?","M","R","M","R","T","R","M","R","E","M","R","BOSS"],"build_version":"2018-10-25v2","purchased_purges":0,"victory":false,"max_hp_per_floor":[75,75,75,75,75,75,75,75,75,75,75,75,75,75,75,75,75,75,75,75,75,75,75,75,75,75,75,75,75,75,75,75,75],"card_choices":[{"not_picked":["Evolve","Clash"],"picked":"Shockwave","floor":1.0},{"not_picked":["Shrug It Off","Clash"],"picked":"Disarm","floor":2.0},{"not_picked":["Body Slam","Headbutt"],"picked":"True Grit","floor":5.0},{"not_picked":["Inflame","Shockwave"],"picked":"Spot Weakness","floor":7},{"not_picked":["Combust","Twin Strike"],"picked":"Sword Boomerang","floor":11},{"not_picked":["Juggernaut","Body Slam"],"picked":"Armaments","floor":13},{"not_picked":["Double Tap","Exhume"],"picked":"Limit Break","floor":16},{"not_picked":["Clash","Anger"],"picked":"Shrug It Off","floor":18},{"not_picked":["Armaments","Shockwave"],"picked":"Pommel Strike","floor":20},{"not_picked":["Armaments","Evolve","True Grit"],"picked":"SKIP","floor":22},{"not_picked":["Headbutt","Heavy Blade"],"picked":"Clothesline","floor":24},{"not_picked":["Armaments","Entrench","Bloodletting"],"picked":"SKIP","floor":28},{"not_picked":["Carnage","Inflame+1"],"picked":"Headbutt","floor":30},{"not_picked":["Second Wind","Sentinel"],"picked":"Pummel+1","floor":31}],"player_experience":1231271,"relics_obtained":[{"floor":7,"key":"Sundial"},{"floor":9,"key":"Regal Pillow"},{"floor":13,"key":"Pen Nib"},{"floor":26,"key":"Boot"},{"floor":30,"key":"Gremlin Horn"}],"event_choices":[{"damage_healed":0.0,"max_hp_gain":0.0,"max_hp_loss":0.0,"gold_gain":0.0,"event_name":"Liars Game","player_choice":"Ignored","floor":4.0,"gold_loss":0.0,"damage_taken":0.0},{"damage_healed":0,"gold_gain":30,"player_choice":"Searched \u00272\u0027 times","damage_taken":0,"max_hp_gain":0,"max_hp_loss":0,"event_name":"Dead Adventurer","floor":13,"gold_loss":0},{"damage_healed":0,"gold_gain":0,"player_choice":"Fled","damage_taken":18,"max_hp_gain":0,"max_hp_loss":0,"event_name":"Scrap Ooze","floor":14,"gold_loss":0},{"damage_healed":0,"gold_gain":0,"player_choice":"Ignored","damage_taken":0,"max_hp_gain":0,"max_hp_loss":0,"event_name":"Vampires","floor":19,"gold_loss":0},{"damage_healed":0,"gold_gain":0,"player_choice":"Read","damage_taken":0,"max_hp_gain":0,"max_hp_loss":0,"event_name":"The Library","floor":21,"gold_loss":0,"cards_obtained":["Battle Trance"]}],"is_beta":false,"boss_relics":[{"not_picked":["Runic Cube","Orrery"],"picked":"Ectoplasm"}],"items_purged_floors":[],"is_endless":false,"potions_floor_spawned":[1,13,16,20,24,30,31],"killed_by":"Automaton","ascension_level":15}