{"gold_per_floor":[112,112,262,30,30,30,64,78,131,156,21,21,36,72,72,72],"floor_reached":16,"playtime":1500,"items_purged":["Doubt"],"score":266,"play_id":"222f1a82-d591-4884-b9e3-ecf0892f7b25","local_time":"20190207015450","is_ascension_mode":true,"campfire_choices":[{"data":"Metallicize","floor":6,"key":"SMITH"},{"data":"Armaments","floor":12,"key":"SMITH"},{"data":"Flame Barrier","floor":15,"key":"SMITH"}],"neow_cost":"NONE","seed_source_timestamp":220870945405677,"circlet_count":0,"master_deck":["AscendersBane","Strike_R","Strike_R","Strike_R","Strike_R","Strike_R","Defend_R","Defend_R","Defend_R","Bash","Metallicize+1","Twin Strike","Double Tap","Pommel Strike","Immolate","Armaments+1","Flame Barrier+1","Anger"],"relics":["Burning Blood","NeowsBlessing","Golden Idol","Dream Catcher","PreservedInsect","Vajra","Potion Belt"],"potions_floor_usage":[10,16,16],"damage_taken":[{"damage":0,"enemies":"Jaw Worm","floor":1,"turns":1},{"damage":0,"enemies":"3 Sentries","floor":7,"turns":2},{"damage":0,"enemies":"2 Louse","floor":8,"turns":1},{"damage":9,"enemies":"Small Slimes","floor":10,"turns":4},{"damage":16,"enemies":"3 Louse","floor":13,"turns":3},{"damage":11,"enemies":"Gremlin Nob","floor":14,"turns":3},{"damage":68,"enemies":"Hexaghost","floor":16,"turns":9}],"seed_played":"-1571528915383290930","potions_obtained":[{"floor":7,"key":"EntropicBrew"},{"floor":13,"key":"Regen Potion"}],"is_trial":false,"path_per_floor":["M","?","?","$","?","R","E","M","T","M","$","R","M","E","R","B"],"character_chosen":"IRONCLAD","items_purchased":["Dream Catcher","Immolate","Armaments"],"campfire_rested":0,"item_purchase_floors":[4,11,11],"current_hp_per_floor":[74,68,68,68,61,61,67,68,68,65,65,65,55,50,50,0],"gold":72,"neow_bonus":"THREE_ENEMY_KILL","is_prod":false,"is_daily":false,"chose_seed":false,"campfire_upgraded":3,"win_rate":0,"timestamp":1549529690,"path_taken":["M","?","?","$","?","R","E","M","T","?","$","R","M","E","R","BOSS"],"build_version":"2019-01-23","purchased_purges":1,"victory":false,"max_hp_per_floor":[75,68,68,68,68,68,68,68,68,68,68,68,68,68,68,68],"card_choices":[{"not_picked":["Warcry","Clothesline"],"picked":"Metallicize","floor":1},{"not_picked":["Flex","Perfected Strike"],"picked":"Twin Strike","floor":7},{"not_picked":["Headbutt","True Grit"],"picked":"Double Tap","floor":8},{"not_picked":["Headbutt","Armaments"],"picked":"Pommel Strike","floor":10},{"not_picked":["Fire Breathing","Seeing Red"],"picked":"Flame Barrier","floor":13},{"not_picked":["Carnage","Body Slam"],"picked":"Anger","floor":14}],"player_experience":777549,"relics_obtained":[{"floor":7,"key":"PreservedInsect"},{"floor":9,"key":"Vajra"},{"floor":14,"key":"Potion Belt"}],"event_choices":[{"damage_healed":0,"gold_gain":0,"player_choice":"Lose Max HP","damage_taken":0,"relics_obtained":["Golden Idol"],"max_hp_gain":0,"max_hp_loss":7,"event_name":"Golden Idol","floor":2,"gold_loss":0},{"damage_healed":0,"gold_gain":150,"player_choice":"AGREE","damage_taken":0,"max_hp_gain":0,"max_hp_loss":0,"event_name":"Liars Game","floor":3,"gold_loss":0,"cards_obtained":["Doubt"]},{"cards_removed":["Defend_R"],"damage_healed":0,"gold_gain":0,"player_choice":"Card Removal","damage_taken":7,"max_hp_gain":0,"max_hp_loss":0,"event_name":"Golden Wing","floor":5,"gold_loss":0}],"is_beta":false,"boss_relics":[],"items_purged_floors":[4],"is_endless":false,"potions_floor_spawned":[7,13],"killed_by":"Hexaghost","ascension_level":20}