{"gold_per_floor":[113,113,126,5,5,33,48,48,48,80,92,108,73,83,83,155,155,165,181,181,200,200,200,200],"floor_reached":24,"playtime":973,"items_purged":["Strike_B"],"score":452,"play_id":"80191abf-387f-43c0-8283-dc8d264cf84b","local_time":"20181221132743","is_ascension_mode":true,"campfire_choices":[{"floor":8,"key":"REST"},{"data":"Buffer","floor":15,"key":"SMITH"},{"data":"Thunder Strike","floor":23,"key":"SMITH"}],"neow_cost":"TEN_PERCENT_HP_LOSS","seed_source_timestamp":569451338316059,"circlet_count":0,"master_deck":["AscendersBane","Strike_B","Strike_B","Defend_B+1","Defend_B","Defend_B+1","Defend_B","Zap+1","Dualcast","Go for the Eyes","Undo","Leap","White Noise","Self Repair","Capacitor","Hologram","Reinforced Body","Buffer+1","Thunder Strike+1","FTL"],"relics":["Cracked Core","Emotion Chip","Question Card","The Courier","DataDisk","Black Star"],"potions_floor_usage":[6,16,18,19,21],"damage_taken":[{"damage":3,"enemies":"2 Louse","floor":1,"turns":2},{"damage":1,"enemies":"Cultist","floor":3,"turns":3},{"damage":5,"enemies":"Lagavulin","floor":6,"turns":8},{"damage":0,"enemies":"Small Slimes","floor":7,"turns":4},{"damage":17,"enemies":"3 Sentries","floor":10,"turns":8},{"damage":13,"enemies":"Exordium Wildlife","floor":11,"turns":4},{"damage":1,"enemies":"Blue Slaver","floor":12,"turns":4},{"damage":0,"enemies":"3 Louse","floor":14,"turns":5},{"damage":0,"enemies":"The Guardian","floor":16,"turns":15},{"damage":23,"enemies":"3 Byrds","floor":18,"turns":4},{"damage":5,"enemies":"Spheric Guardian","floor":19,"turns":5},{"damage":0,"enemies":"Centurion and Healer","floor":21,"turns":11},{"damage":44,"enemies":"Gremlin Leader","floor":24,"turns":3}],"seed_played":"1621550165941067508","potions_obtained":[{"floor":3,"key":"Fire Potion"},{"floor":7,"key":"SpeedPotion"},{"floor":11,"key":"Swift Potion"},{"floor":14,"key":"EssenceOfSteel"},{"floor":16,"key":"AttackPotion"},{"floor":18,"key":"SkillPotion"}],"is_trial":false,"path_per_floor":["M","?","M","$","?","E","M","R","T","E","M","M","?","M","R","B",null,"M","M","?","M","?","R","E"],"character_chosen":"DEFECT","items_purchased":["Leap"],"campfire_rested":1,"item_purchase_floors":[4],"current_hp_per_floor":[61,61,60,60,41,36,36,55,55,45,39,45,61,64,64,64,64,48,50,33,40,40,40,0],"gold":200,"neow_bonus":"ONE_RARE_RELIC","is_prod":false,"is_daily":false,"chose_seed":false,"campfire_upgraded":2,"win_rate":0,"timestamp":1545424063,"path_taken":["M","?","?","?","?","E","M","R","T","E","M","M","?","M","R","BOSS","M","M","?","M","?","R","E"],"build_version":"2018-12-20","purchased_purges":1,"victory":false,"max_hp_per_floor":[64,64,64,64,64,64,64,64,64,64,64,64,64,64,64,64,64,64,64,69,69,69,69,69],"card_choices":[{"not_picked":["Rebound","Gash"],"picked":"Go for the Eyes","floor":1},{"not_picked":["Barrage","Go for the Eyes"],"picked":"Undo","floor":3},{"not_picked":["Barrage","Beam Cell"],"picked":"White Noise","floor":6},{"not_picked":["Recycle","Coolheaded","Consume"],"picked":"Self Repair","floor":7},{"not_picked":["Stack","Coolheaded","Rip and Tear"],"picked":"Capacitor","floor":10},{"not_picked":["Rebound","Scrape","Leap"],"picked":"Hologram","floor":11},{"not_picked":["Recycle","Sweeping Beam","Rebound"],"picked":"Reinforced Body","floor":12},{"not_picked":["Redo","Streamline","Compile Driver"],"picked":"Buffer","floor":14},{"not_picked":["Hyperbeam","Multi-Cast","All For One"],"picked":"Thunder Strike","floor":16},{"not_picked":["Rip and Tear","Steam","Ball Lightning","Chaos"],"picked":"SKIP","floor":18},{"not_picked":["Self Repair","Hologram+1","Steam Power","Redo"],"picked":"SKIP","floor":19},{"not_picked":["Beam Cell","Steam Power","Sweeping Beam"],"picked":"FTL","floor":21}],"player_experience":724739,"relics_obtained":[{"floor":6,"key":"Question Card"},{"floor":9,"key":"The Courier"},{"floor":10,"key":"DataDisk"}],"event_choices":[{"damage_healed":0,"gold_gain":0,"player_choice":"Upgraded","damage_taken":0,"max_hp_gain":0,"max_hp_loss":0,"event_name":"Upgrade Shrine","floor":2,"gold_loss":0,"cards_upgraded":["Zap"]},{"damage_healed":0,"gold_gain":0,"player_choice":"Entered Light","damage_taken":19,"max_hp_gain":0,"max_hp_loss":0,"event_name":"Shining Light","floor":5,"gold_loss":0,"cards_upgraded":["Defend_B","Defend_B"]},{"damage_healed":16,"gold_gain":0,"player_choice":"Healed","damage_taken":0,"max_hp_gain":0,"max_hp_loss":0,"event_name":"The Cleric","floor":13,"gold_loss":35},{"damage_healed":0,"gold_gain":0,"player_choice":"Shed Blood","damage_taken":22,"max_hp_gain":5,"max_hp_loss":0,"event_name":"Forgotten Altar","floor":20,"gold_loss":0},{"cards_removed":["Strike_B"],"damage_healed":0,"gold_gain":0,"player_choice":"Elegance","damage_taken":0,"max_hp_gain":0,"max_hp_loss":0,"event_name":"Back to Basics","floor":22,"gold_loss":0}],"is_beta":false,"boss_relics":[{"not_picked":["Fusion Hammer","Sozu"],"picked":"Black Star"}],"items_purged_floors":[4],"is_endless":false,"potions_floor_spawned":[3,7,11,14,16,18],"killed_by":"Gremlin Leader","ascension_level":15}