{"gold_per_floor":[117,131,206,223,223,223,239,239,266,324,338,367,517,517,517,517],"floor_reached":16,"playtime":904,"items_purged":[],"score":256,"play_id":"2da53b2e-eb38-419d-ad04-ff7f26d26cc4","local_time":"20181129020127","is_ascension_mode":true,"campfire_choices":[{"data":"Loop","floor":6,"key":"SMITH"},{"data":"Go for the Eyes","floor":8,"key":"SMITH"},{"data":"Zap","floor":15,"key":"SMITH"}],"neow_cost":"CURSE","seed_source_timestamp":100634135373769,"circlet_count":0,"master_deck":["AscendersBane","Strike_B","Strike_B+1","Defend_B","Defend_B","Defend_B","Defend_B","Zap+1","Dualcast","Reinforced Body","Chill","Loop+1","Glacier","Ball Lightning+1","Go for the Eyes+1","FTL","Conserve Battery","Doubt"],"relics":["Cracked Core","Spirit Poop","Whetstone","Tiny Chest","Happy Flower"],"potions_floor_usage":[],"damage_taken":[{"damage":4,"enemies":"Cultist","floor":1,"turns":5},{"damage":1,"enemies":"Jaw Worm","floor":2,"turns":5},{"damage":0,"enemies":"2 Louse","floor":4,"turns":2},{"damage":9,"enemies":"Red Slaver","floor":7,"turns":3},{"damage":11,"enemies":"3 Sentries","floor":10,"turns":9},{"damage":2,"enemies":"Looter","floor":11,"turns":3},{"damage":0,"enemies":"Lagavulin","floor":12,"turns":7},{"damage":0,"enemies":"Slime Boss","floor":16,"turns":2}],"seed_played":"4938101371121580384","potions_obtained":[{"floor":7,"key":"Weak Potion"},{"floor":10,"key":"Ancient Potion"},{"floor":11,"key":"Swift Potion"}],"is_trial":false,"path_per_floor":["M","M","?","M","?","R","M","R","T","E","M","E","?","?","R","B"],"character_chosen":"DEFECT","items_purchased":[],"campfire_rested":0,"item_purchase_floors":[],"current_hp_per_floor":[60,59,48,48,48,48,39,39,39,28,26,26,26,26,26,26],"gold":517,"neow_bonus":"TRANSFORM_TWO_CARDS","is_prod":false,"is_daily":false,"chose_seed":false,"campfire_upgraded":3,"win_rate":0,"timestamp":1543456887,"path_taken":["M","?","?","M","?","R","M","R","T","E","?","E","?","?","R","BOSS"],"build_version":"2018-11-15","purchased_purges":0,"victory":false,"max_hp_per_floor":[71,71,71,71,71,71,71,71,71,71,71,71,71,71,71,71],"card_choices":[{"not_picked":["Compile Driver","Sweeping Beam"],"picked":"Loop","floor":1},{"not_picked":["White Noise","Rebound"],"picked":"Glacier","floor":2},{"not_picked":["Lockon","Compile Driver"],"picked":"Ball Lightning","floor":4},{"not_picked":["Rebound","Steam"],"picked":"Go for the Eyes","floor":7},{"not_picked":["Turbo","Barrage"],"picked":"FTL","floor":10},{"not_picked":["Go for the Eyes","Force Field"],"picked":"Conserve Battery","floor":11},{"not_picked":["Static Discharge","Steam","Storm"],"picked":"SKIP","floor":12}],"player_experience":948882,"relics_obtained":[{"floor":9,"key":"Whetstone"},{"floor":10,"key":"Tiny Chest"},{"floor":12,"key":"Happy Flower"}],"event_choices":[{"damage_healed":0,"gold_gain":75,"player_choice":"Gather Gold","damage_taken":11,"max_hp_gain":0,"max_hp_loss":0,"event_name":"World of Goop","floor":3,"gold_loss":0},{"cards_removed":["Writhe"],"damage_healed":0,"gold_gain":0,"player_choice":"Offered Curse","damage_taken":0,"relics_obtained":["Spirit Poop"],"max_hp_gain":0,"max_hp_loss":0,"event_name":"Bonfire Elementals","floor":5,"gold_loss":0},{"damage_healed":0,"gold_gain":150,"player_choice":"AGREE","damage_taken":0,"max_hp_gain":0,"max_hp_loss":0,"event_name":"Liars Game","floor":13,"gold_loss":0,"cards_obtained":["Doubt"]},{"damage_healed":0,"gold_gain":0,"player_choice":"Ignored","damage_taken":0,"max_hp_gain":0,"max_hp_loss":0,"event_name":"Golden Idol","floor":14,"gold_loss":0}],"is_beta":true,"boss_relics":[],"items_purged_floors":[],"is_endless":false,"potions_floor_spawned":[7,10,11,12],"killed_by":"Slime Boss","ascension_level":18}