{"gold_per_floor":[112,11,27,37,37,37,54,54,77,111,111,61,123,23,23,23],"floor_reached":16,"playtime":568,"items_purged":["Strike_R","Strike_R"],"score":113,"play_id":"d7a79c30-3e37-4816-821c-a474aa3902df","local_time":"20190128001001","is_ascension_mode":true,"campfire_choices":[{"data":"Body Slam","floor":6,"key":"SMITH"},{"data":"True Grit","floor":8,"key":"SMITH"},{"data":"Cleave","floor":11,"key":"SMITH"},{"floor":15,"key":"REST"}],"neow_cost":"NONE","seed_source_timestamp":1488733598769054,"circlet_count":0,"master_deck":["Strike_R","Strike_R","Defend_R","Defend_R","Defend_R","Defend_R","Bash+1","Thunderclap","True Grit+1","Body Slam+1","Cleave+1","Pommel Strike"],"relics":["Burning Blood","Pen Nib","Omamori","Question Card"],"potions_floor_usage":[10,13,13,16],"damage_taken":[{"damage":1,"enemies":"Cultist","floor":1,"turns":3},{"damage":9,"enemies":"2 Louse","floor":3,"turns":3},{"damage":0,"enemies":"Small Slimes","floor":4,"turns":3},{"damage":4,"enemies":"Blue Slaver","floor":7,"turns":4},{"damage":42,"enemies":"Lagavulin","floor":10,"turns":7},{"damage":12,"enemies":"Gremlin Nob","floor":13,"turns":4},{"damage":71,"enemies":"Hexaghost","floor":16,"turns":11}],"seed_played":"4160758283988382535","potions_obtained":[{"floor":4,"key":"EssenceOfSteel"},{"floor":10,"key":"EntropicBrew"}],"is_trial":false,"path_per_floor":["M","$","M","M","?","R","M","R","T","E","R","?","?","$","R","B"],"character_chosen":"IRONCLAD","items_purchased":["True Grit"],"campfire_rested":1,"item_purchase_floors":[2],"current_hp_per_floor":[80,80,77,80,85,85,85,85,85,49,49,49,43,43,68,0],"gold":23,"neow_bonus":"UPGRADE_CARD","is_prod":false,"is_daily":false,"chose_seed":false,"campfire_upgraded":3,"win_rate":0,"timestamp":1548601801,"path_taken":["M","$","M","M","?","R","M","R","T","E","R","?","?","?","R","BOSS"],"build_version":"2019-01-23","purchased_purges":2,"victory":false,"max_hp_per_floor":[80,80,80,80,85,85,85,85,85,85,85,85,85,85,85,85],"card_choices":[{"not_picked":["Power Through","Pummel"],"picked":"Thunderclap","floor":1},{"not_picked":["Sword Boomerang","Headbutt"],"picked":"Body Slam","floor":3},{"not_picked":["Thunderclap","Dual Wield"],"picked":"Cleave","floor":4},{"not_picked":["Thunderclap","Anger"],"picked":"Pommel Strike","floor":7},{"not_picked":["Dropkick","Body Slam","Perfected Strike"],"picked":"SKIP","floor":10}],"player_experience":712899,"relics_obtained":[{"floor":9,"key":"Pen Nib"},{"floor":10,"key":"Omamori"},{"floor":13,"key":"Question Card"}],"event_choices":[{"damage_healed":0,"gold_gain":0,"player_choice":"Donut","damage_taken":0,"max_hp_gain":5,"max_hp_loss":0,"event_name":"Big Fish","floor":5,"gold_loss":0},{"cards_removed":["Strike_R"],"damage_healed":0,"gold_gain":0,"player_choice":"Card Removal","damage_taken":0,"max_hp_gain":0,"max_hp_loss":0,"event_name":"The Cleric","floor":12,"gold_loss":50},{"damage_healed":0,"gold_gain":0,"player_choice":"Searched \u00271\u0027 times","damage_taken":0,"max_hp_gain":0,"max_hp_loss":0,"event_name":"Dead Adventurer","floor":13,"gold_loss":0}],"is_beta":false,"boss_relics":[],"items_purged_floors":[2,14],"is_endless":false,"potions_floor_spawned":[4,10],"killed_by":"Hexaghost","ascension_level":3}