{"gold_per_floor":[112,126,91,91,91,91,110,135,212,212,56,90,115,150,150,278,278,296,219,235,235,251,251,284,307,307,257,257,17,63,77,77,197,197,210,63,396,396,411,411,411,411,438,452,472,472],"floor_reached":46,"playtime":2494,"items_purged":["Injury"],"score":615,"play_id":"a149369f-23d0-4491-9ead-51631c36c293","local_time":"20180715134541","is_ascension_mode":true,"campfire_choices":[{"data":"Streamline","floor":6,"key":"SMITH"},{"data":"Hello World","floor":10,"key":"SMITH"},{"floor":15,"key":"REST"},{"floor":23,"key":"REST"},{"floor":28,"key":"REST"},{"floor":32,"key":"REST"},{"data":"Double Energy","floor":40,"key":"SMITH"},{"data":"Double Energy","floor":42,"key":"SMITH"}],"neow_cost":"NONE","seed_source_timestamp":241291121282980,"circlet_count":0,"master_deck":["Strike_B","Strike_B","Strike_B","Strike_B","Defend_B","Defend_B","Defend_B","Defend_B","Dualcast","Capacitor","Streamline+1","Hello World+1","Compile Driver","Defragment","Double Energy+1","Sweeping Beam+1","Machine Learning","Seek","Streamline+1","J.A.X.","Heatsinks","Defragment","Echo Form","Sweeping Beam+1","Beam Cell+1","Creative AI","Streamline+1","Madness","Madness","Double Energy+1","Rebound+1","Double Energy+1"],"relics":["FrozenCore","Strawberry","Orichalcum","Ornamental Fan","Molten Egg 2","Art of War","Mango","Mercury Hourglass","Matryoshka","Pen Nib","Bag of Preparation","Eternal Feather","Blood Vial","Pear","Dream Catcher"],"potions_floor_usage":[14,24,25,46],"damage_taken":[{"damage":16,"enemies":"Cultist","floor":1,"turns":4},{"damage":10,"enemies":"2 Louse","floor":2,"turns":2},{"damage":7,"enemies":"Jaw Worm","floor":7,"turns":2},{"damage":4,"enemies":"2 Fungi Beasts","floor":8,"turns":3},{"damage":26,"enemies":"Lagavulin","floor":12,"turns":5},{"damage":5,"enemies":"Looter","floor":13,"turns":2},{"damage":3,"enemies":"3 Sentries","floor":14,"turns":5},{"damage":36,"enemies":"Hexaghost","floor":16,"turns":8},{"damage":17,"enemies":"Shell Parasite","floor":18,"turns":6},{"damage":8,"enemies":"Spheric Guardian","floor":20,"turns":6},{"damage":19,"enemies":"Centurion and Healer","floor":22,"turns":7},{"damage":46,"enemies":"Book of Stabbing","floor":24,"turns":6},{"damage":13,"enemies":"3 Cultists","floor":25,"turns":5},{"damage":14,"enemies":"Cultist and Chosen","floor":31,"turns":7},{"damage":38,"enemies":"Collector","floor":33,"turns":8},{"damage":30,"enemies":"Orb Walker","floor":35,"turns":5},{"damage":21,"enemies":"3 Shapes","floor":39,"turns":8},{"damage":20,"enemies":"Maw","floor":44,"turns":9},{"damage":35,"enemies":"Flame Bruiser 2 Orb","floor":45,"turns":7},{"damage":27,"enemies":"Sphere and 2 Shapes","floor":46,"turns":3}],"seed_played":"1332196216888774780","potions_obtained":[{"floor":1,"key":"FearPotion"},{"floor":2,"key":"AttackPotion"},{"floor":12,"key":"Swift Potion"},{"floor":16,"key":"Block Potion"},{"floor":24,"key":"Poison Potion"},{"floor":25,"key":"SteroidPotion"},{"floor":44,"key":"AttackPotion"}],"is_trial":false,"path_per_floor":["M","M","?","?","?","R","M","M","T","R","$","E","M","E","R","B",null,"M","?","M","?","M","R","E","M","T","?","R","$","T","M","R","B",null,"M","$","?","?","M","R","?","R","T","M","M"],"character_chosen":"DEFECT","items_purchased":["Defragment","Matryoshka","Blood Vial"],"campfire_rested":4,"item_purchase_floors":[11,29,36],"current_hp_per_floor":[66,56,76,73,73,73,66,62,62,62,62,36,31,28,52,16,82,65,65,57,57,38,62,30,17,17,17,45,45,45,31,59,21,96,66,66,66,54,35,47,47,59,69,51,18,0],"gold":472,"neow_bonus":"RANDOM_COMMON_RELIC","is_prod":false,"is_daily":false,"chose_seed":false,"campfire_upgraded":4,"win_rate":0,"timestamp":1531680341,"path_taken":["M","M","?","?","?","R","M","M","T","R","$","E","M","E","R","BOSS","M","?","?","?","?","R","E","M","T","?","R","$","?","M","R","BOSS","M","$","?","?","?","R","?","R","T","M","?","?"],"build_version":"2018-07-12","purchased_purges":1,"victory":false,"max_hp_per_floor":[82,82,82,82,82,82,82,82,82,82,82,82,82,82,82,82,82,82,82,82,82,82,82,96,96,96,96,96,96,96,96,96,96,96,96,96,96,96,96,96,96,96,106,106,106,106],"card_choices":[{"not_picked":["Redo","Stack"],"picked":"Capacitor","floor":1},{"not_picked":["Rebound","Auto Shields"],"picked":"Streamline","floor":2},{"not_picked":["Aggregate","Double Energy"],"picked":"Hello World","floor":7},{"not_picked":["Leap","Hologram"],"picked":"Compile Driver","floor":8},{"not_picked":["Gash","Turbo"],"picked":"Double Energy","floor":12},{"not_picked":["Lockon+1","Coolheaded"],"picked":"Sweeping Beam+1","floor":13},{"not_picked":["Aggregate","White Noise"],"picked":"Machine Learning","floor":14},{"not_picked":["Fission","Thunder Strike+1"],"picked":"Seek","floor":16},{"not_picked":["Genetic Algorithm+1","Steam"],"picked":"Streamline+1","floor":18},{"not_picked":["Steam","Turbo"],"picked":"Heatsinks","floor":20},{"not_picked":["Glacier","Hologram","Lockon+1"],"picked":"SKIP","floor":22},{"not_picked":["Heatsinks","Chill"],"picked":"Echo Form","floor":24},{"not_picked":["Turbo+1","Consume"],"picked":"Sweeping Beam+1","floor":25},{"not_picked":["Hologram","Stack"],"picked":"Beam Cell+1","floor":31},{"not_picked":["Buffer","Echo Form"],"picked":"Creative AI","floor":33},{"not_picked":["Melter+1","Conserve Battery+1"],"picked":"Streamline+1","floor":35},{"not_picked":["Melter+1","Redo+1"],"picked":"Double Energy","floor":39},{"not_picked":["Tempest+1","Redo+1"],"picked":"Rebound+1","floor":44},{"not_picked":["Beam Cell+1","Machine Learning"],"picked":"Double Energy+1","floor":45}],"player_experience":270795,"relics_obtained":[{"floor":9,"key":"Ornamental Fan"},{"floor":12,"key":"Molten Egg 2"},{"floor":14,"key":"Art of War"},{"floor":24,"key":"Mango"},{"floor":26,"key":"Mercury Hourglass"},{"floor":30,"key":"Pen Nib"},{"floor":30,"key":"Bag of Preparation"},{"floor":43,"key":"Pear"},{"floor":43,"key":"Dream Catcher"}],"event_choices":[{"event_name":"The Cleric","player_choice":"Healed","floor":3,"damage_taken":0},{"event_name":"Scrap Ooze","player_choice":"success","floor":4,"damage_taken":3},{"event_name":"Golden Idol","player_choice":"Take Wound","floor":5,"damage_taken":0},{"event_name":"Drug Dealer","player_choice":"Got JAXXED","floor":19,"damage_taken":0},{"event_name":"The Library","player_choice":"Read","floor":21,"damage_taken":0},{"event_name":"The Joust","player_choice":"Bet on Murderer","floor":27,"damage_taken":0},{"event_name":"The Moai Head","player_choice":"Gave Idol","floor":37,"damage_taken":0},{"event_name":"Winding Halls","player_choice":"Embrace Madness","floor":38,"damage_taken":0},{"event_name":"Falling","player_choice":"Removed Skill","floor":41,"damage_taken":0}],"boss_relics":[{"not_picked":["Busted Crown","Fusion Hammer"],"picked":"FrozenCore"},{"not_picked":["White Beast Statue","Coffee Dripper"],"picked":"Eternal Feather"}],"items_purged_floors":[11],"is_endless":false,"potions_floor_spawned":[1,2,12,16,22,24,25,35,44,45],"killed_by":"Sphere and 2 Shapes","ascension_level":3}