{"gold_per_floor":[118,68,85,85,85,85,118,193,193,249,267,267,267,69,69,174,174,188,4,4,28,28,28,40,67,90,90],"floor_reached":27,"playtime":1027,"items_purged":["Defend_B"],"score":364,"play_id":"4ac2afb5-f6ce-47b0-8afd-0c5e91d22db3","local_time":"20190105194421","is_ascension_mode":true,"campfire_choices":[{"data":"Zap","floor":6,"key":"SMITH"},{"data":"Storm","floor":13,"key":"SMITH"},{"data":"Go for the Eyes","floor":15,"key":"SMITH"},{"floor":23,"key":"REST"}],"neow_cost":"NONE","seed_source_timestamp":1343662149851581,"circlet_count":0,"master_deck":["Strike_B","Strike_B","Strike_B","Defend_B","Defend_B","Defend_B","Zap+1","Dualcast","Genetic Algorithm","Self Repair","Storm+1","Leap","Go for the Eyes+1","Machine Learning","Hologram","Mayhem","Cold Snap+1","Gash+1"],"relics":["Cracked Core","NeowsBlessing","Smiling Mask","Pen Nib","Regal Pillow","Potion Belt","Tiny Chest","Blood Vial","Inserter","Enchiridion","Art of War","DataDisk","Bag of Marbles"],"potions_floor_usage":[10,10,24,25],"damage_taken":[{"damage":0,"enemies":"Cultist","floor":1,"turns":1},{"damage":0,"enemies":"Jaw Worm","floor":3,"turns":1},{"damage":0,"enemies":"Lagavulin","floor":7,"turns":2},{"damage":33,"enemies":"3 Sentries","floor":10,"turns":8},{"damage":0,"enemies":"Small Slimes","floor":11,"turns":3},{"damage":33,"enemies":"The Guardian","floor":16,"turns":14},{"damage":33,"enemies":"3 Byrds","floor":18,"turns":6},{"damage":19,"enemies":"2 Thieves","floor":24,"turns":3},{"damage":36,"enemies":"Slavers","floor":25,"turns":6},{"damage":23,"enemies":"Sentry and Sphere","floor":27,"turns":5}],"seed_played":"8905400760025762979","potions_obtained":[{"floor":1,"key":"SteroidPotion"},{"floor":3,"key":"Swift Potion"},{"floor":7,"key":"Fire Potion"},{"floor":11,"key":"Explosive Potion"},{"floor":25,"key":"Energy Potion"}],"is_trial":false,"path_per_floor":["M","?","M","?","?","R","E","?","T","E","M","?","R","$","R","B",null,"M","$","?","T","$","R","M","E","T","M"],"character_chosen":"DEFECT","items_purchased":["Blood Vial","Mayhem"],"campfire_rested":1,"item_purchase_floors":[14,19],"current_hp_per_floor":[68,68,68,68,65,65,72,61,61,35,42,42,42,42,42,18,61,37,37,21,21,21,58,48,21,21,0],"gold":90,"neow_bonus":"THREE_ENEMY_KILL","is_prod":false,"is_daily":false,"chose_seed":false,"campfire_upgraded":3,"win_rate":0,"timestamp":1546739061,"path_taken":["M","?","M","?","?","R","E","?","T","E","?","?","R","$","R","BOSS","M","$","?","?","?","R","M","E","T","M"],"build_version":"2019-01-03v4","purchased_purges":1,"victory":false,"max_hp_per_floor":[75,75,75,75,75,75,75,75,75,75,75,75,75,75,75,75,75,75,75,75,75,75,75,75,75,75,75],"card_choices":[{"not_picked":["Self Repair","Steam"],"picked":"Genetic Algorithm","floor":1},{"not_picked":["Rebound","Reprogram"],"picked":"Self Repair","floor":3},{"not_picked":["Darkness","Loop"],"picked":"Storm","floor":7},{"not_picked":["Compile Driver","Coolheaded"],"picked":"Leap","floor":10},{"not_picked":["Skim","Beam Cell"],"picked":"Go for the Eyes","floor":11},{"not_picked":["Hyperbeam","Reboot"],"picked":"Machine Learning","floor":16},{"not_picked":["Steam Power+1","Compile Driver"],"picked":"Hologram","floor":18},{"not_picked":["BootSequence","Sweeping Beam"],"picked":"Cold Snap+1","floor":24},{"not_picked":["Rebound","Stack"],"picked":"Gash+1","floor":25}],"player_experience":387724,"relics_obtained":[{"floor":7,"key":"Regal Pillow"},{"floor":9,"key":"Potion Belt"},{"floor":10,"key":"Tiny Chest"},{"floor":20,"key":"Enchiridion"},{"floor":21,"key":"Art of War"},{"floor":25,"key":"DataDisk"},{"floor":26,"key":"Bag of Marbles"}],"event_choices":[{"cards_removed":["Strike_B"],"damage_healed":0,"gold_gain":0,"player_choice":"Card Removal","damage_taken":0,"max_hp_gain":0,"max_hp_loss":0,"event_name":"The Cleric","floor":2,"gold_loss":50},{"damage_healed":0,"gold_gain":0,"player_choice":"Box","damage_taken":0,"relics_obtained":["Smiling Mask"],"max_hp_gain":0,"max_hp_loss":0,"event_name":"Big Fish","floor":4,"gold_loss":0,"cards_obtained":["Regret"]},{"damage_healed":0,"gold_gain":0,"player_choice":"Success","damage_taken":3,"relics_obtained":["Pen Nib"],"max_hp_gain":0,"max_hp_loss":0,"event_name":"Scrap Ooze","floor":5,"gold_loss":0},{"damage_healed":0,"gold_gain":75,"player_choice":"Gather Gold","damage_taken":11,"max_hp_gain":0,"max_hp_loss":0,"event_name":"World of Goop","floor":8,"gold_loss":0},{"cards_removed":["Regret"],"damage_healed":0,"gold_gain":0,"player_choice":"Forget","damage_taken":0,"max_hp_gain":0,"max_hp_loss":0,"event_name":"Living Wall","floor":12,"gold_loss":0},{"damage_healed":0,"gold_gain":0,"player_choice":"Obtained Book","damage_taken":16,"max_hp_gain":0,"max_hp_loss":0,"event_name":"Cursed Tome","floor":20,"gold_loss":0}],"is_beta":false,"boss_relics":[{"not_picked":["Coffee Dripper","Eternal Feather"],"picked":"Inserter"}],"items_purged_floors":[14],"is_endless":false,"potions_floor_spawned":[1,3,7,11,25],"killed_by":"Sentry and Sphere","ascension_level":8}