{"gold_per_floor":[124,148,160,188,200,212,267,279,291,316,353,365,452,507,519,655,667,663,694,631,643,655,667,679,691,703,751,782,837,849],"floor_reached":30,"playtime":1479,"items_purged":[],"score":398,"play_id":"09a2bb17-289b-4bef-acd1-f765b888997f","local_time":"20190106032246","is_ascension_mode":true,"campfire_choices":[{"data":"Bash","floor":6,"key":"SMITH"},{"floor":8,"key":"REST"},{"floor":12,"key":"REST"},{"floor":15,"key":"REST"},{"floor":23,"key":"REST"},{"data":"Bite","floor":25,"key":"SMITH"}],"neow_cost":"NONE","seed_source_timestamp":1581080015014057,"circlet_count":0,"master_deck":["Defend_R","Defend_R","Defend_R","Defend_R","Bash+1","Corruption","Body Slam","Warcry","Bludgeon","Clothesline","Iron Wave","Thunderclap","Feed","Flex+1","Bite","Bite+1","Bite","Bite","Bite","True Grit","Flame Barrier"],"relics":["Burning Blood","MawBank","Self Forming Clay","Golden Idol","Pantograph","Bag of Marbles","Regal Pillow","Philosopher\u0027s Stone","Frozen Egg 2","Torii","Blue Candle"],"potions_floor_usage":[7,29,30],"damage_taken":[{"damage":3,"enemies":"Small Slimes","floor":1,"turns":4},{"damage":9,"enemies":"Jaw Worm","floor":2,"turns":4},{"damage":4,"enemies":"2 Louse","floor":4,"turns":3},{"damage":38,"enemies":"Lagavulin","floor":7,"turns":7},{"damage":11,"enemies":"2 Fungi Beasts","floor":10,"turns":3},{"damage":9,"enemies":"3 Louse","floor":11,"turns":3},{"damage":30,"enemies":"Gremlin Nob","floor":14,"turns":4},{"damage":52,"enemies":"Slime Boss","floor":16,"turns":13},{"damage":20,"enemies":"2 Thieves","floor":18,"turns":4},{"damage":29,"enemies":"3 Byrds","floor":19,"turns":6},{"damage":39,"enemies":"Gremlin Leader","floor":27,"turns":6},{"damage":20,"enemies":"Centurion and Healer","floor":28,"turns":5},{"damage":56,"enemies":"Slavers","floor":29,"turns":8},{"damage":19,"enemies":"Snake Plant","floor":30,"turns":1}],"seed_played":"2934501847226136688","potions_obtained":[{"floor":4,"key":"Block Potion"},{"floor":11,"key":"BloodPotion"},{"floor":29,"key":"Explosive Potion"}],"is_trial":false,"path_per_floor":["M","M","?","M","?","R","E","R","T","M","M","R","?","E","R","B",null,"M","M","?","?","$","R","?","R","T","E","M","E","M"],"character_chosen":"IRONCLAD","items_purchased":[],"campfire_rested":4,"item_purchase_floors":[],"current_hp_per_floor":[75,72,72,74,54,54,22,46,46,41,38,62,51,27,66,34,69,55,35,35,35,35,58,58,58,58,35,36,13,0],"gold":849,"neow_bonus":"RANDOM_COMMON_RELIC","is_prod":false,"is_daily":false,"chose_seed":false,"campfire_upgraded":2,"win_rate":0,"timestamp":1546762966,"path_taken":["M","M","?","M","?","R","E","R","T","?","M","R","?","E","R","BOSS","M","M","?","?","$","R","?","R","T","E","M","E","M"],"build_version":"2019-01-03v4","purchased_purges":0,"victory":false,"max_hp_per_floor":[80,80,80,80,80,80,80,80,80,80,80,80,80,80,80,80,80,80,83,83,58,58,58,58,58,58,61,64,67,67],"card_choices":[{"not_picked":["Wild Strike","Battle Trance"],"picked":"Corruption","floor":1},{"not_picked":["Havoc","Corruption"],"picked":"Body Slam","floor":2},{"not_picked":["Shrug It Off","Sword Boomerang"],"picked":"Warcry","floor":4},{"not_picked":["Impervious","Battle Trance"],"picked":"Bludgeon","floor":7},{"not_picked":["Armaments","Hemokinesis"],"picked":"Clothesline","floor":10},{"not_picked":["Evolve","Reckless Charge"],"picked":"Iron Wave","floor":11},{"not_picked":["Sentinel","Warcry"],"picked":"Thunderclap","floor":14},{"not_picked":["Fiend Fire","Exhume"],"picked":"Feed","floor":16},{"not_picked":["Combust","Hemokinesis"],"picked":"Flex+1","floor":18},{"not_picked":["Heavy Blade","Perfected Strike","Warcry"],"picked":"SKIP","floor":19},{"not_picked":["Second Wind+1","Twin Strike"],"picked":"True Grit","floor":27},{"not_picked":["Corruption+1","Armaments"],"picked":"Flame Barrier","floor":28},{"not_picked":["Thunderclap","Headbutt","Searing Blow"],"picked":"SKIP","floor":29}],"player_experience":359514,"relics_obtained":[{"floor":7,"key":"Pantograph"},{"floor":9,"key":"Bag of Marbles"},{"floor":14,"key":"Regal Pillow"},{"floor":26,"key":"Frozen Egg 2"},{"floor":27,"key":"Torii"},{"floor":29,"key":"Blue Candle"}],"event_choices":[{"damage_healed":0,"gold_gain":0,"player_choice":"Box","damage_taken":0,"relics_obtained":["Self Forming Clay"],"max_hp_gain":0,"max_hp_loss":0,"event_name":"Big Fish","floor":3,"gold_loss":0,"cards_obtained":["Regret"]},{"damage_healed":0,"gold_gain":0,"player_choice":"Take Damage","damage_taken":20,"relics_obtained":["Golden Idol"],"max_hp_gain":0,"max_hp_loss":0,"event_name":"Golden Idol","floor":5,"gold_loss":0},{"damage_healed":0,"gold_gain":75,"player_choice":"Gather Gold","damage_taken":11,"max_hp_gain":0,"max_hp_loss":0,"event_name":"World of Goop","floor":13,"gold_loss":0},{"cards_removed":["Strike_R"],"damage_healed":0,"gold_gain":0,"player_choice":"Gave Gold","damage_taken":0,"max_hp_gain":0,"max_hp_loss":0,"event_name":"Beggar","floor":20,"gold_loss":75},{"damage_healed":0,"gold_gain":0,"player_choice":"Became a vampire","damage_taken":0,"max_hp_gain":0,"max_hp_loss":25,"event_name":"Vampires","floor":21,"gold_loss":0,"cards_obtained":["Bite","Bite","Bite","Bite","Bite"]},{"cards_removed":["Regret"],"damage_healed":0,"gold_gain":0,"player_choice":"Removed Curses","damage_taken":0,"max_hp_gain":0,"max_hp_loss":0,"event_name":"Fountain of Cleansing","floor":24,"gold_loss":0}],"is_beta":false,"boss_relics":[{"not_picked":["Fusion Hammer","White Beast Statue"],"picked":"Philosopher\u0027s Stone"}],"items_purged_floors":[],"is_endless":false,"potions_floor_spawned":[4,11,29],"killed_by":"Snake Plant","ascension_level":7}