{"gold_per_floor":[118,130,130,150,35,64,76,104,104,104,119,119,50,60,60,160,160,179,179],"floor_reached":19,"playtime":981,"items_purged":["Strike_G"],"score":179,"play_id":"72a1468a-f73c-407a-94ad-5f727f502531","local_time":"20190206133519","is_ascension_mode":false,"campfire_choices":[{"floor":12.0,"key":"REST"},{"floor":15.0,"key":"REST"}],"neow_cost":"NONE","seed_source_timestamp":469603597453042,"circlet_count":0,"master_deck":["Defend_G","Defend_G","Defend_G","Defend_G","Defend_G","Strike_G","Strike_G","Strike_G","Strike_G","Survivor","Neutralize","Crippling Poison","Blade Dance","Predator","Terror","Dodge and Roll","Deflect","Dash","Neutralize","Deflect","Endless Agony","Escape Plan","Blade Dance","Malaise","Blade Dance"],"special_seed":0,"relics":["Ring of the Snake","NeowsBlessing","Ornamental Fan","PreservedInsect","Vajra","Snecko Eye"],"potions_floor_usage":[],"damage_taken":[{"damage":0.0,"enemies":"Cultist","floor":1.0,"turns":1.0},{"damage":0.0,"enemies":"Jaw Worm","floor":2.0,"turns":1.0},{"damage":0.0,"enemies":"Small Slimes","floor":4.0,"turns":1.0},{"damage":22.0,"enemies":"Gremlin Nob","floor":6.0,"turns":4.0},{"damage":3.0,"enemies":"Exordium Thugs","floor":7.0,"turns":4.0},{"damage":28.0,"enemies":"Lagavulin","floor":8.0,"turns":6.0},{"damage":3.0,"enemies":"Large Slime","floor":11.0,"turns":5.0},{"damage":6.0,"enemies":"Lots of Slimes","floor":14.0,"turns":4.0},{"damage":33.0,"enemies":"Hexaghost","floor":16.0,"turns":11.0},{"damage":27,"enemies":"Spheric Guardian","floor":18,"turns":5},{"damage":3,"enemies":"Shell Parasite","floor":19,"turns":4}],"seed_played":"2448492111538813531","potions_obtained":[{"floor":1.0,"key":"SneckoOil"},{"floor":3.0,"key":"FearPotion"},{"floor":3.0,"key":"LiquidBronze"},{"floor":14.0,"key":"Dexterity Potion"},{"floor":16.0,"key":"SpeedPotion"}],"is_trial":false,"path_per_floor":["M","M","?","M","$","E","M","E","T","?","M","R","$","M","R","B",null,"M","M"],"character_chosen":"THE_SILENT","items_purchased":["Terror","Escape Plan"],"campfire_rested":2,"item_purchase_floors":[5,13],"current_hp_per_floor":[70,70,70,70,70,48,45,17,17,17,14,35,35,29,50,17,70,43,40],"gold":179,"neow_bonus":"THREE_ENEMY_KILL","is_prod":false,"is_daily":false,"chose_seed":false,"campfire_upgraded":0,"win_rate":0.0,"timestamp":1549481719,"path_taken":["M","?","?","M","$","E","?","E","T","?","M","R","?","M","R","BOSS","M","M"],"build_version":"2019-01-23","purchased_purges":1,"victory":false,"max_hp_per_floor":[70,70,70,70,70,70,70,70,70,70,70,70,70,70,70,70,70,70,70],"card_choices":[{"not_picked":["Backflip","Masterful Stab"],"picked":"Crippling Poison","floor":1.0},{"not_picked":["Slice","Masterful Stab"],"picked":"Blade Dance","floor":2.0},{"not_picked":["Slice","Deadly Poison"],"picked":"Predator","floor":4.0},{"not_picked":["Unload","Choke"],"picked":"Dodge and Roll","floor":6.0},{"not_picked":["Quick Slash","Dagger Spray"],"picked":"Deflect","floor":7.0},{"not_picked":["Slice","Reflex"],"picked":"Dash","floor":8.0},{"not_picked":["Prepared","Underhanded Strike"],"picked":"Endless Agony","floor":11.0},{"not_picked":["Slice","After Image"],"picked":"Blade Dance","floor":14.0},{"not_picked":["Doppelganger","Wraith Form v2"],"picked":"Malaise","floor":16.0},{"not_picked":["Dodge and Roll","Slice"],"picked":"Blade Dance","floor":18}],"player_experience":3538,"relics_obtained":[{"floor":6.0,"key":"Ornamental Fan"},{"floor":8.0,"key":"PreservedInsect"},{"floor":9.0,"key":"Vajra"}],"event_choices":[{"damage_healed":0.0,"max_hp_gain":0.0,"max_hp_loss":0.0,"gold_gain":0.0,"event_name":"Lab","player_choice":"Got Potions","floor":3.0,"gold_loss":0.0,"damage_taken":0.0},{"damage_healed":0.0,"max_hp_gain":0.0,"max_hp_loss":0.0,"gold_gain":0.0,"event_name":"Match and Keep!","player_choice":"2 cards matched","floor":10.0,"gold_loss":0.0,"damage_taken":0.0,"cards_obtained":["Neutralize","Deflect"]}],"is_beta":false,"boss_relics":[{"not_picked":["Coffee Dripper","Busted Crown"],"picked":"Snecko Eye"}],"items_purged_floors":[5],"is_endless":false,"potions_floor_spawned":[1,6,14,16],"killed_by":"Shell Parasite","ascension_level":0}