{"gold_per_floor":[110,120,120,34,52,52,66,91,173,212,224,236,11,28,28,125,125,140,156,175,27,44,44,75,75,75,75,75],"floor_reached":28,"playtime":1940,"items_purged":["Regret"],"score":447,"play_id":"91df6dd1-aa47-4711-be7f-aa2627122fd1","local_time":"20181031215748","is_ascension_mode":true,"campfire_choices":[{"data":"Zap","floor":6,"key":"SMITH"},{"data":"Dualcast","floor":11,"key":"SMITH"},{"floor":15,"key":"REST"},{"floor":23,"key":"REST"}],"neow_cost":"NONE","seed_source_timestamp":163377230984288,"circlet_count":0,"master_deck":["Strike_B","Strike_B","Strike_B","Strike_B","Defend_B+1","Defend_B","Defend_B","Defend_B+1","Zap+1","Dualcast+1","AscendersBane","Beam Cell","FTL","Good Instincts","Conserve Battery","Melter","Ball Lightning","Echo Form+1","Magnetism+1","Sweeping Beam","Amplify","Gash","Gash","Gash","Scrape","Hello World+1","Coolheaded","Loop+1","Shame"],"relics":["Cracked Core","Potion Belt","Incense Burner","MawBank","Frozen Egg 2","Pen Nib","War Paint","Nuclear Battery","Blue Candle","Bronze Scales","Kunai"],"potions_floor_usage":[8,10,19,22,24,28],"damage_taken":[{"damage":1,"enemies":"Cultist","floor":1,"turns":3},{"damage":2,"enemies":"Jaw Worm","floor":2,"turns":3},{"damage":0,"enemies":"Small Slimes","floor":5,"turns":3},{"damage":0,"enemies":"Exordium Wildlife","floor":7,"turns":3},{"damage":8,"enemies":"Lagavulin","floor":8,"turns":4},{"damage":9,"enemies":"Gremlin Nob","floor":10,"turns":4},{"damage":6,"enemies":"Looter","floor":14,"turns":3},{"damage":0,"enemies":"Slime Boss","floor":16,"turns":8},{"damage":12,"enemies":"Chosen","floor":18,"turns":4},{"damage":0,"enemies":"Spheric Guardian","floor":19,"turns":3},{"damage":33,"enemies":"Snake Plant","floor":20,"turns":5},{"damage":7,"enemies":"Snecko","floor":22,"turns":3},{"damage":22,"enemies":"Gremlin Leader","floor":24,"turns":6},{"damage":8,"enemies":"Cultist and Chosen","floor":28,"turns":1}],"seed_played":"-6598720179191611374","potions_obtained":[{"floor":5,"key":"LiquidBronze"},{"floor":7,"key":"SteroidPotion"},{"floor":14,"key":"PowerPotion"},{"floor":18,"key":"Strength Potion"},{"floor":22,"key":"Fire Potion"},{"floor":24,"key":"AttackPotion"}],"is_trial":false,"path_per_floor":["M","M","?","$","M","R","M","E","T","E","R","?","$","M","R","B",null,"M","M","M","$","M","R","E","?","T","?"],"character_chosen":"DEFECT","items_purchased":["Good Instincts","Magnetism+1","Scrape","Hello World+1"],"campfire_rested":2,"item_purchase_floors":[4,13,21,21],"current_hp_per_floor":[67,65,47,47,47,47,47,39,39,30,30,30,30,24,46,46,68,56,56,23,23,16,38,16,16,16,7,0],"gold":75,"neow_bonus":"RANDOM_COMMON_RELIC","is_prod":false,"is_daily":false,"chose_seed":false,"campfire_upgraded":2,"win_rate":0,"timestamp":1540983468,"path_taken":["M","M","?","$","M","R","M","E","T","E","R","?","?","?","R","BOSS","M","?","M","$","?","R","E","?","T","?","M"],"build_version":"2018-10-25v2","purchased_purges":1,"victory":false,"max_hp_per_floor":[75,75,75,75,75,75,75,75,75,75,75,75,75,75,75,75,75,75,75,75,75,75,75,75,75,75,75,75],"card_choices":[{"not_picked":["Leap","Turbo"],"picked":"Beam Cell","floor":1},{"not_picked":["Turbo","Beam Cell"],"picked":"FTL","floor":2},{"not_picked":["Fission","Hologram"],"picked":"Conserve Battery","floor":5},{"not_picked":["Fusion","Reinforced Body"],"picked":"Melter","floor":7},{"not_picked":["Multi-Cast","Steam"],"picked":"Ball Lightning","floor":8},{"not_picked":["Rip and Tear","Streamline"],"picked":"Echo Form+1","floor":10},{"not_picked":["Compile Driver","Blizzard"],"picked":"Sweeping Beam","floor":14},{"not_picked":["Fission","Thunder Strike"],"picked":"Amplify","floor":16},{"not_picked":["Turbo","Aggregate"],"picked":"Gash","floor":18},{"not_picked":["Hologram","Leap"],"picked":"Gash","floor":19},{"not_picked":["Heatsinks+1","Ball Lightning"],"picked":"Gash","floor":20},{"not_picked":["Leap","Reinforced Body"],"picked":"Coolheaded","floor":22},{"not_picked":["Steam","Sunder+1"],"picked":"Loop+1","floor":24}],"player_experience":690838,"relics_obtained":[{"floor":8,"key":"MawBank"},{"floor":9,"key":"Frozen Egg 2"},{"floor":10,"key":"Pen Nib"},{"floor":24,"key":"Blue Candle"},{"floor":26,"key":"Kunai"}],"event_choices":[{"damage_healed":0,"gold_gain":0,"player_choice":"Success","damage_taken":18,"relics_obtained":["Incense Burner"],"max_hp_gain":0,"max_hp_loss":0,"event_name":"Scrap Ooze","floor":3,"gold_loss":0},{"damage_healed":0,"gold_gain":0,"player_choice":"Box","damage_taken":0,"relics_obtained":["War Paint"],"max_hp_gain":0,"max_hp_loss":0,"event_name":"Big Fish","floor":12,"gold_loss":0,"cards_obtained":["Regret"]},{"damage_healed":0,"gold_gain":0,"player_choice":"Stole Relic","damage_taken":0,"relics_obtained":["Bronze Scales"],"max_hp_gain":0,"max_hp_loss":0,"event_name":"Addict","floor":25,"gold_loss":0,"cards_obtained":["Shame"]},{"damage_healed":0,"gold_gain":0,"player_choice":"Stopped","damage_taken":9,"max_hp_gain":0,"max_hp_loss":0,"event_name":"Cursed Tome","floor":27,"gold_loss":0}],"is_beta":false,"boss_relics":[{"not_picked":["Orrery","Velvet Choker"],"picked":"Nuclear Battery"}],"items_purged_floors":[13],"is_endless":false,"potions_floor_spawned":[5,7,14,18,22,24],"killed_by":"Cultist and Chosen","ascension_level":10}