{"gold_per_floor":[113,133,83,83,103,429,443,443],"floor_reached":8,"playtime":555,"items_purged":[],"score":93,"play_id":"0fd43e43-80f8-4bfc-a802-60e21dce5775","local_time":"20190127231136","is_ascension_mode":true,"campfire_choices":[],"neow_cost":"NONE","seed_source_timestamp":1228503625135272,"circlet_count":0,"master_deck":["AscendersBane","Defend_G","Defend_G","Defend_G","Defend_G","Defend_G","Strike_G","Strike_G","Survivor","Neutralize","Tactician","Acrobatics","Skewer","All Out Attack","Infinite Blades","Cloak And Dagger","Prepared"],"relics":["Ring of the Snake","Old Coin"],"potions_floor_usage":[8],"damage_taken":[{"damage":1,"enemies":"Small Slimes","floor":1,"turns":6},{"damage":0,"enemies":"2 Louse","floor":2,"turns":3},{"damage":1,"enemies":"Jaw Worm","floor":5,"turns":6},{"damage":33,"enemies":"Lagavulin","floor":6,"turns":8},{"damage":1,"enemies":"3 Louse","floor":7,"turns":4},{"damage":30,"enemies":"3 Sentries","floor":8,"turns":7}],"seed_played":"-1710977835080472918","potions_obtained":[{"floor":2,"key":"Swift Potion"}],"is_trial":false,"path_per_floor":["M","M","?","?","M","E","M","E"],"character_chosen":"THE_SILENT","items_purchased":[],"campfire_rested":0,"item_purchase_floors":[],"current_hp_per_floor":[62,62,62,62,61,28,27,0],"gold":443,"neow_bonus":"TRANSFORM_CARD","is_prod":false,"is_daily":false,"chose_seed":false,"campfire_upgraded":0,"win_rate":0,"timestamp":1548652296,"path_taken":["M","M","?","?","M","E","M","E"],"build_version":"2019-01-23","purchased_purges":0,"victory":false,"max_hp_per_floor":[70,70,70,70,70,70,70,70],"card_choices":[{"not_picked":["Quick Slash","Slice"],"picked":"Acrobatics","floor":1},{"not_picked":["Bane","Flechettes"],"picked":"Skewer","floor":2},{"not_picked":["Blade Dance","Deflect"],"picked":"Infinite Blades","floor":5},{"not_picked":["Prepared","Dodge and Roll"],"picked":"Cloak And Dagger","floor":6},{"not_picked":["Outmaneuver","Catalyst"],"picked":"Prepared","floor":7}],"player_experience":492759,"relics_obtained":[{"floor":6,"key":"Old Coin"}],"event_choices":[{"cards_removed":["Strike_G"],"damage_healed":0,"gold_gain":0,"player_choice":"Card Removal","damage_taken":0,"max_hp_gain":0,"max_hp_loss":0,"event_name":"The Cleric","floor":3,"gold_loss":50},{"damage_healed":0,"gold_gain":0,"cards_transformed":["Strike_G"],"player_choice":"Change","damage_taken":0,"max_hp_gain":0,"max_hp_loss":0,"event_name":"Living Wall","floor":4,"gold_loss":0,"cards_obtained":["All Out Attack"]}],"is_beta":false,"boss_relics":[],"items_purged_floors":[],"is_endless":false,"potions_floor_spawned":[2],"killed_by":"3 Sentries","ascension_level":12}