{"gold_per_floor":[114,189,9,24,39,39,69,84,84,99,129,144,319,269,269,369,369,384,299,299,299,314,314,314,329,379,379,394,319,75,75,75,175,175,190,190,40,40,40,40],"floor_reached":40,"playtime":1244,"items_purged":["All For One"],"score":517,"play_id":"b7b5d1e0-70a5-4997-93f1-4f05ad061c83","local_time":"20180917072938","daily_mods":["Specialized","Lethality","Terminal"],"is_ascension_mode":false,"campfire_choices":[{"data":"Zap","floor":6,"key":"SMITH"},{"data":"Dualcast","floor":15,"key":"SMITH"},{"data":"Redo","floor":23,"key":"SMITH"},{"data":"FTL","floor":27,"key":"SMITH"},{"data":"Scrape","floor":32,"key":"SMITH"}],"neow_cost":"","seed_source_timestamp":0,"circlet_count":0,"master_deck":["Strike_B","Strike_B","Defend_B","Defend_B","Zap+1","Dualcast+1","All For One","All For One","All For One","All For One","Steam","Dramatic Entrance","Gash","Seek","FTL+1","BootSequence","RitualDagger","Redo+1","Gash","Go for the Eyes+1","Scrape+1","Go for the Eyes","BootSequence","Turbo","Thunder Strike","Decay","Dramatic Entrance","Violence","Enlightenment"],"special_seed":17791,"relics":["Cracked Core","Cables","Happy Flower","Gambling Chip","Ice Cream","Empty Cage","FossilizedHelix","MutagenicStrength","Art of War","Black Star","Potion Belt"],"potions_floor_usage":[7,10,33,33,35,40],"damage_taken":[{"damage":0,"enemies":"Cultist","floor":1,"turns":3},{"damage":0,"enemies":"2 Louse","floor":4,"turns":1},{"damage":0,"enemies":"Small Slimes","floor":5,"turns":1},{"damage":0,"enemies":"Gremlin Nob","floor":7,"turns":3},{"damage":3,"enemies":"Looter","floor":8,"turns":2},{"damage":0,"enemies":"2 Fungi Beasts","floor":10,"turns":1},{"damage":0,"enemies":"Lagavulin","floor":11,"turns":2},{"damage":0,"enemies":"Large Slime","floor":12,"turns":2},{"damage":25,"enemies":"Hexaghost","floor":16,"turns":5},{"damage":6,"enemies":"2 Thieves","floor":18,"turns":2},{"damage":4,"enemies":"3 Byrds","floor":22,"turns":3},{"damage":0,"enemies":"Snake Plant","floor":25,"turns":1},{"damage":0,"enemies":"3 Cultists","floor":28,"turns":2},{"damage":0,"enemies":"Automaton","floor":33,"turns":2},{"damage":0,"enemies":"3 Darklings","floor":35,"turns":2},{"damage":48,"enemies":"Nemesis","floor":40,"turns":5}],"seed_played":"2472854970281595153","potions_obtained":[{"floor":4,"key":"Block Potion"},{"floor":5,"key":"FearPotion"},{"floor":12,"key":"SteroidPotion"},{"floor":22,"key":"AttackPotion"},{"floor":25,"key":"Block Potion"},{"floor":33,"key":"Explosive Potion"}],"is_trial":false,"path_per_floor":["M","T","$","M","M","R","E","M","T","M","E","M","?","?","R","B",null,"M","?","?","?","M","R","?","M","T","R","M","?","$","?","R","B",null,"M","?","$","?","?"],"character_chosen":"DEFECT","items_purchased":["Dramatic Entrance","Scrape","Go for the Eyes","BootSequence","Turbo","Potion Belt"],"campfire_rested":0,"item_purchase_floors":[3,30,30,30,30,37],"current_hp_per_floor":[73,72,71,70,69,68,67,64,64,64,63,62,61,60,59,34,57,51,51,45,45,41,41,41,41,41,41,41,41,41,41,41,41,40,39,38,37,36,26,0],"gold":40,"neow_bonus":"","is_prod":false,"is_daily":true,"chose_seed":false,"campfire_upgraded":5,"win_rate":0,"timestamp":1537162178,"path_taken":["M","?","$","M","M","R","E","M","T","M","E","M","?","?","R","BOSS","M","?","?","?","?","R","?","M","T","R","M","?","$","?","R","BOSS","M","?","$","?","?","E"],"build_version":"2018-09-12","purchased_purges":1,"victory":false,"max_hp_per_floor":[73,72,71,70,69,68,67,66,65,64,63,62,61,60,59,58,57,56,55,54,53,52,51,50,49,48,47,46,45,44,43,42,41,40,39,38,37,36,35,35],"card_choices":[{"not_picked":["Leap","Undo"],"picked":"Steam","floor":1},{"not_picked":["Chaos","Hello World"],"picked":"Gash","floor":4},{"not_picked":["Hologram","Hello World","Rebound"],"picked":"SKIP","floor":5},{"not_picked":["Stack","Biased Cognition"],"picked":"Seek","floor":7},{"not_picked":["Leap","Glacier","Compile Driver"],"picked":"SKIP","floor":8},{"not_picked":["Leap","Doom and Gloom"],"picked":"FTL","floor":10},{"not_picked":["Doom and Gloom","Chaos"],"picked":"BootSequence","floor":11},{"not_picked":["Compile Driver","Sweeping Beam","Recycle"],"picked":"SKIP","floor":12},{"not_picked":["Capacitor+1","Stack","Recycle"],"picked":"SKIP","floor":18},{"not_picked":["Rebound","Ball Lightning"],"picked":"Redo","floor":22},{"not_picked":["Ball Lightning+1","Storm"],"picked":"Gash","floor":25},{"not_picked":["Scrape+1","Lockon"],"picked":"Go for the Eyes+1","floor":28},{"not_picked":["Amplify","Rainbow"],"picked":"Thunder Strike","floor":33},{"not_picked":["Storm+1","Compile Driver","Lockon"],"picked":"SKIP","floor":35},{"not_picked":["Madness","Discovery"],"picked":"Dramatic Entrance","floor":39},{"not_picked":["PanicButton","Deep Breath"],"picked":"Violence","floor":39},{"not_picked":["The Bomb","Secret Technique"],"picked":"Enlightenment","floor":39}],"player_experience":134990,"relics_obtained":[{"floor":2,"key":"Cables"},{"floor":7,"key":"Happy Flower"},{"floor":9,"key":"Gambling Chip"},{"floor":11,"key":"Ice Cream"},{"floor":26,"key":"Art of War"}],"event_choices":[{"event_name":"Liars Game","player_choice":"agreed","floor":13,"damage_taken":0},{"event_name":"The Cleric","player_choice":"Card Removal","floor":14,"damage_taken":0},{"event_name":"Addict","player_choice":"Obtained Relic","floor":19,"damage_taken":0},{"event_name":"Nest","player_choice":"Joined the Cult","floor":20,"damage_taken":0},{"event_name":"Ghosts","player_choice":"Ignored","floor":21,"damage_taken":0},{"event_name":"Drug Dealer","player_choice":"Inject Mutagens","floor":24,"damage_taken":0},{"event_name":"Beggar","player_choice":"Gave Gold","floor":29,"damage_taken":0},{"event_name":"Purifier","player_choice":"One Purge","floor":31,"damage_taken":0},{"event_name":"Tomb of Lord Red Mask","player_choice":"Ignored","floor":36,"damage_taken":0},{"event_name":"Wheel of Change","player_choice":"Curse","floor":38,"damage_taken":0},{"event_name":"SensoryStone","player_choice":"Memory 3","floor":39,"damage_taken":0}],"is_beta":true,"boss_relics":[{"not_picked":["Tiny House","Runic Pyramid"],"picked":"Empty Cage"},{"not_picked":["Calling Bell","Eternal Feather"],"picked":"Black Star"}],"items_purged_floors":[3],"is_endless":false,"potions_floor_spawned":[4,5,12,22,25,33],"killed_by":"Nemesis","ascension_level":0}