{"path_per_floor":["M","?","M","$","?","E","?","E","T","R","?","M","M","?","R","B",null,"M","M","?","M","?"],"character_chosen":"THE_SILENT","items_purchased":[],"gold_per_floor":[119,119,139,139,239,270,235,269,323,323,323,343,357,328,328,427,427,427,427,427,427,427,427],"floor_reached":23,"campfire_rested":2,"playtime":1224,"current_hp_per_floor":[71,71,68,68,68,54,73,24,24,47,47,35,7,7,30,30,77,73,64,48,22,22,0],"items_purged":[],"gold":427,"score":286,"play_id":"7f146864-7b69-4a38-81df-99cc3d62fd43","local_time":"20180408103556","is_prod":false,"is_daily":false,"is_ascension_mode":true,"campfire_upgraded":0,"timestamp":1523201756,"path_taken":["M","?","M","$","?","E","?","E","T","R","?","M","?","?","R","BOSS","M","M","?","M","?","E"],"build_version":"2018-04-05v2","purchased_purges":1,"victory":false,"master_deck":["Defend_G+1","Defend_G+1","Defend_G+1","Defend_G+1","Defend_G+1","Strike_G+1","Strike_G+1","Strike_G+1","Strike_G+1","Survivor","Neutralize","Bouncing Flask","Footwork","Backflip","Crippling Poison","Poisoned Stab","Deadly Poison","Venomology","Poisoned Stab","Escape Plan+1","Necronomicurse","Poisoned Stab+1"],"max_hp_per_floor":[77,77,77,77,77,77,77,77,77,77,77,77,77,77,77,77,77,77,77,77,77,77,77],"relics":["Ring of the Snake","Strawberry","The Courier","Dodecahedron","Vajra","Ectoplasm","Necronomicon"],"card_choices":[{"not_picked":["PiercingWail","Underhanded Strike"],"picked":"Bouncing Flask","floor":1},{"not_picked":["Masterful Stab","Quick Slash"],"picked":"Backflip","floor":3},{"not_picked":["Backflip","Slice"],"picked":"Crippling Poison","floor":6},{"not_picked":["Terror","Cloak And Dagger"],"picked":"Poisoned Stab","floor":8},{"not_picked":["Riddle With Holes","Reflex"],"picked":"Deadly Poison","floor":13},{"not_picked":["Wraith Form","Storm of Steel"],"picked":"Venomology","floor":16},{"not_picked":["Accuracy","Cloak And Dagger"],"picked":"Poisoned Stab","floor":18},{"not_picked":["Caltrops","Deadly Poison"],"picked":"Escape Plan","floor":19},{"not_picked":["PiercingWail","Outmaneuver"],"picked":"Poisoned Stab","floor":21}],"player_experience":150515,"potions_floor_usage":[16,21,21,23,23,23],"damage_taken":[{"damage":6,"enemies":"Jaw Worm","floor":1,"turns":5},{"damage":3,"enemies":"Cultist","floor":3,"turns":4},{"damage":14,"enemies":"Lagavulin","floor":6,"turns":6},{"damage":49,"enemies":"3 Sentries","floor":8,"turns":13},{"damage":12,"enemies":"Small Slimes","floor":12,"turns":4},{"damage":28,"enemies":"Exordium Thugs","floor":13,"turns":7},{"damage":0,"enemies":"Hexaghost","floor":16,"turns":8},{"damage":4,"enemies":"Shell Parasite","floor":18,"turns":4},{"damage":9,"enemies":"Chosen","floor":19,"turns":4},{"damage":41,"enemies":"3 Cultists","floor":21,"turns":7},{"damage":26,"enemies":"Gremlin Leader","floor":23,"turns":4}],"event_choices":[{"event_name":"Transmorgrifier","player_choice":"Transform","floor":2,"damage_taken":0},{"event_name":"Golden Shrine","player_choice":"Pray","floor":5,"damage_taken":0},{"event_name":"The Cleric","player_choice":"Healed","floor":7,"damage_taken":0},{"event_name":"The Lab","player_choice":"Got Potions","floor":11,"damage_taken":0},{"event_name":"World of Goop","player_choice":"Left","floor":14,"damage_taken":0},{"event_name":"Cursed Tome","player_choice":"Obtained Book","floor":20,"damage_taken":0},{"event_name":"Back to Basics","player_choice":"Simplicity","floor":22,"damage_taken":0}],"boss_relics":[{"not_picked":["Snecko Eye","Runic Pyramid"],"picked":"Ectoplasm"}],"potions_floor_spawned":[3,21],"seed_played":"8110521869901028317","killed_by":"Gremlin Leader","ascension_level":3,"is_trial":false}