{"path_per_floor":["M","?","M","$","?","R","?","E","T","$","M","M","E","M","R","B",null,"M","?"],"character_chosen":"DEFECT","items_purchased":["Potion Belt"],"gold_per_floor":[115,115,131,56,231,231,231,263,263,19,31,43,76,87,87,182,182,107,107,107],"floor_reached":20,"campfire_rested":1,"playtime":525,"item_purchase_floors":[10],"current_hp_per_floor":[75,75,75,75,75,75,68,68,68,68,62,48,27,12,49,3,75,32,18,0],"items_purged":["Strike_B","Strike_B"],"gold":107,"score":207,"play_id":"1431bac4-286d-4237-860f-5c87ce5a2715","local_time":"20180603221338","is_prod":false,"is_daily":false,"chose_seed":false,"is_ascension_mode":false,"campfire_upgraded":1,"win_rate":0.0,"timestamp":1528028018,"campfire_choices":[{"data":"Darkness","floor":6,"key":"SMITH"},{"floor":15,"key":"REST"}],"path_taken":["M","?","M","$","?","R","?","E","T","$","M","?","E","M","R","BOSS","M","?","?"],"build_version":"2018-05-31","seed_source_timestamp":36721677780813,"purchased_purges":2,"victory":false,"master_deck":["Strike_B","Strike_B","Defend_B","Defend_B","Defend_B","Defend_B","Zap","Dualcast","Darkness+1","Dramatic Entrance","Meteor Strike","Consume","Multi-Cast","Redo","Fusion","Sweeping Beam","Genetic Algorithm","Seek","Tempest+1"],"max_hp_per_floor":[75,75,75,75,75,75,75,75,75,75,75,75,75,75,75,75,75,75,80,80],"relics":["Cracked Core","NeowsBlessing","Regal Pillow","Bronze Scales","Potion Belt","The Courier","Ectoplasm"],"card_choices":[{"not_picked":["Turbo","Barrage"],"picked":"Darkness","floor":1},{"not_picked":["Redo","Reprogram"],"picked":"Consume","floor":3},{"not_picked":["Darkness","Heatsinks"],"picked":"Multi-Cast","floor":8},{"not_picked":["Cold Snap","Leap"],"picked":"Redo","floor":11},{"not_picked":["Consume","Streamline"],"picked":"Fusion","floor":12},{"not_picked":["Compile Driver","Electrodynamics"],"picked":"Sweeping Beam","floor":13},{"not_picked":["Storm","Darkness"],"picked":"Genetic Algorithm","floor":14},{"not_picked":["Electrodynamics","Thunder Strike"],"picked":"Seek","floor":16},{"not_picked":["Reprogram","Scrape"],"picked":"Tempest+1","floor":18}],"player_experience":300750,"potions_floor_usage":[16,16,16],"damage_taken":[{"damage":0,"enemies":"Small Slimes","floor":1,"turns":1},{"damage":0,"enemies":"Cultist","floor":3,"turns":1},{"damage":0,"enemies":"3 Sentries","floor":8,"turns":1},{"damage":6,"enemies":"Jaw Worm","floor":11,"turns":3},{"damage":14,"enemies":"2 Fungi Beasts","floor":12,"turns":3},{"damage":21,"enemies":"Lagavulin","floor":13,"turns":5},{"damage":15,"enemies":"Exordium Wildlife","floor":14,"turns":4},{"damage":46,"enemies":"The Guardian","floor":16,"turns":9},{"damage":43,"enemies":"2 Thieves","floor":18,"turns":4},{"damage":19,"enemies":"Masked Bandits","floor":20,"turns":2}],"relics_obtained":[{"floor":8,"key":"Regal Pillow"},{"floor":9,"key":"Bronze Scales"},{"floor":13,"key":"The Courier"}],"event_choices":[{"event_name":"Match and Keep!","player_choice":"2 cards matched","floor":2,"damage_taken":0},{"event_name":"Liars Game","player_choice":"agreed","floor":5,"damage_taken":0},{"event_name":"Golden Wing","player_choice":"Card Removal","floor":7,"damage_taken":0},{"event_name":"Forgotten Altar","player_choice":"Shed Blood","floor":19,"damage_taken":0},{"event_name":"Masked Bandits","player_choice":"Fought over 107 gold","floor":20,"damage_taken":0}],"boss_relics":[{"not_picked":["Lizard Tail","Orrery"],"picked":"Ectoplasm"}],"items_purged_floors":[4,10],"potions_floor_spawned":[3,11,12],"seed_played":"-3990076371647906474","killed_by":"Masked Bandits","ascension_level":0,"potions_obtained":[{"floor":3,"key":"Weak Potion"},{"floor":11,"key":"Ancient Potion"},{"floor":12,"key":"GamblersBrew"}],"is_trial":false}