{"gold_per_floor":[111,111,131,143,143,178,178,178,204,232,232,250,280,290,290,365,365,365,365,9,9,9,9,9,9,9,9,0,0,0,0,0,0,0,0,0,0,0],"floor_reached":38,"playtime":3047,"items_purged":["Strike_R"],"score":868,"play_id":"a2177b41-61d4-4935-99f3-8a7a322d3d0b","local_time":"20190206153912","is_ascension_mode":true,"campfire_choices":[{"floor":8.0,"key":"REST"},{"data":"Bash","floor":11.0,"key":"SMITH"},{"data":"Clothesline","floor":15.0,"key":"SMITH"},{"data":"Apotheosis","floor":23.0,"key":"SMITH"},{"floor":25.0,"key":"REST"},{"data":"Barricade","floor":27.0,"key":"SMITH"},{"floor":32.0,"key":"REST"}],"neow_cost":"NONE","seed_source_timestamp":0,"circlet_count":0,"master_deck":["AscendersBane","Strike_R","Strike_R","Strike_R","Strike_R","Defend_R+1","Defend_R","Defend_R","Defend_R","Bash+1","Inflame+1","Anger","Carnage","Reaper","Iron Wave","Clothesline+1","Flame Barrier","Barricade+1","Ghostly Armor","Ghostly Armor","Feel No Pain+1","Apotheosis+1","Pummel+1","Iron Wave","Pommel Strike","Rupture","Feed","Offering","Reckless Charge"],"special_seed":0,"relics":["Burning Blood","Regal Pillow","Vajra","Art of War","Bronze Scales","Ectoplasm","Ancient Tea Set","Meat on the Bone","Tiny Chest","Velvet Choker"],"potions_floor_usage":[38],"damage_taken":[{"damage":4.0,"enemies":"Jaw Worm","floor":1.0,"turns":4.0},{"damage":15.0,"enemies":"Small Slimes","floor":3.0,"turns":6.0},{"damage":6.0,"enemies":"Cultist","floor":4.0,"turns":3.0},{"damage":32.0,"enemies":"Lagavulin","floor":6.0,"turns":5.0},{"damage":8.0,"enemies":"Gremlin Nob","floor":10.0,"turns":3.0},{"damage":10.0,"enemies":"Exordium Thugs","floor":12.0,"turns":4.0},{"damage":25.0,"enemies":"3 Sentries","floor":13.0,"turns":7.0},{"damage":12.0,"enemies":"Large Slime","floor":14.0,"turns":4.0},{"damage":23.0,"enemies":"Hexaghost","floor":16.0,"turns":9.0},{"damage":12.0,"enemies":"3 Byrds","floor":18.0,"turns":3.0},{"damage":8.0,"enemies":"Spheric Guardian","floor":19.0,"turns":5.0},{"damage":25.0,"enemies":"Centurion and Healer","floor":21.0,"turns":14.0},{"damage":20.0,"enemies":"3 Cultists","floor":22.0,"turns":5.0},{"damage":53.0,"enemies":"Slavers","floor":24.0,"turns":7.0},{"damage":36.0,"enemies":"Gremlin Leader","floor":30.0,"turns":10.0},{"damage":4.0,"enemies":"Snake Plant","floor":31.0,"turns":4.0},{"damage":77.0,"enemies":"Automaton","floor":33.0,"turns":14.0},{"damage":13.0,"enemies":"Orb Walker","floor":35.0,"turns":3.0},{"damage":7.0,"enemies":"3 Shapes","floor":36.0,"turns":6.0},{"damage":95,"enemies":"Transient","floor":38,"turns":5}],"seed_played":"-5492928088409780667","potions_obtained":[{"floor":4.0,"key":"Poison Potion"},{"floor":6.0,"key":"Strength Potion"},{"floor":12.0,"key":"GamblersBrew"},{"floor":13.0,"key":"SteroidPotion"},{"floor":18.0,"key":"Ancient Potion"},{"floor":21.0,"key":"Ancient Potion"},{"floor":31.0,"key":"Fruit Juice"},{"floor":33.0,"key":"AttackPotion"},{"floor":36.0,"key":"GamblersBrew"}],"is_trial":false,"path_per_floor":["M","?","M","M","?","E","?","R","T","E","R","M","E","M","R","B",null,"M","M","$","M","M","R","E","R","T","R","?","?","E","M","R","B",null,"M","M","?","M"],"character_chosen":"IRONCLAD","items_purchased":["Feel No Pain","Apotheosis"],"campfire_rested":3,"item_purchase_floors":[20,20],"current_hp_per_floor":[77,52,43,43,43,17,17,56,56,54,54,55,51,55,55,38,71,71,69,69,63,49,49,19,58,58,58,58,58,56,58,87,37,75,68,70,70,0],"gold":0,"neow_bonus":"TEN_PERCENT_HP_BONUS","is_prod":false,"is_daily":false,"chose_seed":false,"campfire_upgraded":4,"win_rate":0,"timestamp":1549485552,"path_taken":["M","?","M","M","?","E","?","R","T","E","R","M","E","?","R","BOSS","M","M","$","?","M","R","E","R","T","R","?","?","E","M","R","BOSS","M","M","?","?"],"build_version":"2019-01-23","purchased_purges":1,"victory":false,"max_hp_per_floor":[82,82,82,82,82,82,82,82,82,82,82,82,82,82,82,82,82,82,82,82,82,82,82,82,82,82,82,82,82,82,82,87,87,87,87,90,90,90],"card_choices":[{"not_picked":["Warcry","Cleave"],"picked":"Inflame","floor":1.0},{"not_picked":["Flex","Body Slam"],"picked":"Anger","floor":3.0},{"not_picked":["Armaments","Thunderclap"],"picked":"Carnage","floor":4.0},{"not_picked":["Intimidate","Clash","Anger"],"picked":"SKIP","floor":6.0},{"not_picked":["Whirlwind","Sever Soul"],"picked":"Reaper","floor":10.0},{"not_picked":["Twin Strike","Anger"],"picked":"Iron Wave","floor":12.0},{"not_picked":["Shrug It Off","Iron Wave"],"picked":"Clothesline","floor":13.0},{"not_picked":["Perfected Strike","Immolate"],"picked":"Flame Barrier","floor":14.0},{"not_picked":["Reaper","Berserk"],"picked":"Barricade","floor":16.0},{"not_picked":["Clothesline","Searing Blow"],"picked":"Ghostly Armor","floor":18.0},{"not_picked":["Seeing Red","Warcry"],"picked":"Ghostly Armor","floor":19.0},{"not_picked":["Perfected Strike","Twin Strike"],"picked":"Pummel+1","floor":21.0},{"not_picked":["Sword Boomerang","Seeing Red"],"picked":"Iron Wave","floor":22.0},{"not_picked":["Ghostly Armor","Headbutt"],"picked":"Pommel Strike","floor":24.0},{"not_picked":["Thunderclap","Heavy Blade"],"picked":"Rupture","floor":30.0},{"not_picked":["Sword Boomerang+1","Havoc"],"picked":"Feed","floor":31.0},{"not_picked":["Brutality","Reaper"],"picked":"Offering","floor":33.0},{"not_picked":["Iron Wave","Wild Strike"],"picked":"Reckless Charge","floor":35.0},{"not_picked":["Dropkick","Iron Wave","Blood for Blood"],"picked":"SKIP","floor":36.0}],"player_experience":1184473,"relics_obtained":[{"floor":6.0,"key":"Regal Pillow"},{"floor":9.0,"key":"Vajra"},{"floor":10.0,"key":"Art of War"},{"floor":13.0,"key":"Bronze Scales"},{"floor":24.0,"key":"Ancient Tea Set"},{"floor":26.0,"key":"Meat on the Bone"},{"floor":30.0,"key":"Tiny Chest"}],"event_choices":[{"damage_healed":0.0,"max_hp_gain":0.0,"max_hp_loss":0.0,"gold_gain":0.0,"event_name":"Shining Light","player_choice":"Entered Light","floor":2.0,"gold_loss":0.0,"damage_taken":25.0,"cards_upgraded":["Inflame","Defend_R"]},{"damage_healed":0.0,"max_hp_gain":0.0,"max_hp_loss":0.0,"gold_gain":0.0,"event_name":"Liars Game","player_choice":"Ignored","floor":5.0,"gold_loss":0.0,"damage_taken":0.0},{"damage_healed":0.0,"max_hp_gain":0.0,"max_hp_loss":0.0,"gold_gain":0.0,"event_name":"Golden Idol","player_choice":"Ignored","floor":7.0,"gold_loss":0.0,"damage_taken":0.0},{"damage_healed":0.0,"max_hp_gain":0.0,"max_hp_loss":0.0,"gold_gain":0.0,"event_name":"Masked Bandits","player_choice":"Paid Fearfully","floor":28.0,"gold_loss":9.0,"damage_taken":0.0},{"damage_healed":0.0,"max_hp_gain":0.0,"max_hp_loss":0.0,"gold_gain":0.0,"event_name":"Upgrade Shrine","player_choice":"Upgraded","floor":37.0,"gold_loss":0.0,"damage_taken":0.0,"cards_upgraded":["Feel No Pain"]}],"is_beta":false,"boss_relics":[{"not_picked":["Tiny House","Empty Cage"],"picked":"Ectoplasm"},{"not_picked":["Coffee Dripper","Black Blood"],"picked":"Velvet Choker"}],"items_purged_floors":[20],"is_endless":false,"potions_floor_spawned":[4,6,12,13,18,21,31,33,35,36],"killed_by":"Transient","ascension_level":20}