{"gold_per_floor":[15,28,41,52,69,69,101,101,101,14,31,31,31,72,72,166,166,182,196,59,59,72,72,90,90,90,131,181,181,181,194,194,194],"floor_reached":33,"playtime":1645,"items_purged":[],"score":540,"play_id":"68d71cfd-8907-4de5-9c2b-0bb113415151","local_time":"20190124031811","is_ascension_mode":true,"campfire_choices":[{"data":"Neutralize","floor":6,"key":"SMITH"},{"floor":8,"key":"REST"},{"data":"Finisher","floor":12,"key":"SMITH"},{"floor":15,"key":"REST"},{"floor":23,"key":"REST"},{"floor":25,"key":"REST"},{"floor":32,"key":"REST"}],"neow_cost":"NO_GOLD","seed_source_timestamp":15040563088835,"circlet_count":0,"master_deck":["AscendersBane","Defend_G","Defend_G","Defend_G","Defend_G","Defend_G","Strike_G","Strike_G","Strike_G","Strike_G","Strike_G","Survivor","Neutralize+1","Forethought","Dramatic Entrance","Infinite Blades","Infinite Blades","Leg Sweep","Choke","Leg Sweep","Finisher+1","Dagger Throw","Injury","Tools of the Trade","Accuracy","Cloak And Dagger","Writhe","Acrobatics","Dodge and Roll+1","Backflip"],"relics":["Ring of the Snake","Du-Vu Doll","Ornamental Fan","Bloody Idol","Nunchaku","Busted Crown","Matryoshka","Regal Pillow","Frozen Egg 2","Mummified Hand"],"potions_floor_usage":[7,14,18,33,33],"damage_taken":[{"damage":4,"enemies":"Small Slimes","floor":1,"turns":4},{"damage":3,"enemies":"2 Louse","floor":2,"turns":3},{"damage":3,"enemies":"Jaw Worm","floor":3,"turns":4},{"damage":16,"enemies":"2 Fungi Beasts","floor":4,"turns":4},{"damage":4,"enemies":"3 Louse","floor":5,"turns":4},{"damage":15,"enemies":"3 Sentries","floor":7,"turns":5},{"damage":5,"enemies":"Large Slime","floor":11,"turns":5},{"damage":6,"enemies":"Lagavulin","floor":14,"turns":5},{"damage":17,"enemies":"Slime Boss","floor":16,"turns":8},{"damage":7,"enemies":"3 Byrds","floor":18,"turns":4},{"damage":14,"enemies":"Chosen","floor":19,"turns":5},{"damage":28,"enemies":"Sentry and Sphere","floor":22,"turns":6},{"damage":0,"enemies":"Cultist and Chosen","floor":24,"turns":5},{"damage":21,"enemies":"Book of Stabbing","floor":27,"turns":5},{"damage":8,"enemies":"Centurion and Healer","floor":31,"turns":6},{"damage":61,"enemies":"Champ","floor":33,"turns":17}],"seed_played":"7333737827736275108","potions_obtained":[{"floor":3,"key":"LiquidBronze"},{"floor":5,"key":"Fire Potion"},{"floor":11,"key":"PowerPotion"},{"floor":27,"key":"Weak Potion"},{"floor":31,"key":"AttackPotion"}],"is_trial":false,"path_per_floor":["M","M","M","M","M","R","E","R","T","$","M","R","?","E","R","B",null,"M","M","$","?","M","R","M","R","T","E","?","?","?","M","R","B"],"character_chosen":"THE_SILENT","items_purchased":["Finisher","Accuracy","Cloak And Dagger"],"campfire_rested":5,"item_purchase_floors":[10,20,20],"current_hp_per_floor":[55,52,49,33,29,29,14,33,33,33,28,28,28,22,41,24,56,49,35,35,35,7,26,26,45,45,24,24,24,24,21,55,0],"gold":194,"neow_bonus":"RANDOM_COLORLESS_2","is_prod":false,"is_daily":false,"chose_seed":false,"campfire_upgraded":2,"win_rate":0,"timestamp":1548328691,"path_taken":["M","M","M","M","M","R","E","R","T","$","M","R","?","E","R","BOSS","M","M","$","?","M","R","M","R","T","E","?","?","?","M","R","BOSS"],"build_version":"2019-01-23","purchased_purges":0,"victory":false,"max_hp_per_floor":[66,66,66,66,66,66,66,66,66,66,66,66,66,66,66,66,66,66,66,66,66,66,66,66,66,66,66,66,66,66,66,66,66],"card_choices":[{"not_picked":["Slice","Underhanded Strike"],"picked":"Infinite Blades","floor":1},{"not_picked":["Blade Dance","Dagger Spray"],"picked":"Infinite Blades","floor":2},{"not_picked":["Sucker Punch","All Out Attack"],"picked":"Leg Sweep","floor":3},{"not_picked":["Dagger Spray","Flying Knee","Reflex"],"picked":"SKIP","floor":4},{"not_picked":["Slice","Burst"],"picked":"Choke","floor":5},{"not_picked":["Poisoned Stab","Dagger Spray"],"picked":"Leg Sweep","floor":7},{"not_picked":["Deflect","Flying Knee"],"picked":"Dagger Throw","floor":11},{"not_picked":["Storm of Steel","Poisoned Stab","Distraction"],"picked":"SKIP","floor":14},{"not_picked":["Burst","Storm of Steel"],"picked":"Tools of the Trade","floor":16},{"not_picked":["PiercingWail"],"picked":"SKIP","floor":18},{"not_picked":["Catalyst"],"picked":"SKIP","floor":19},{"not_picked":[],"picked":"Acrobatics","floor":22},{"not_picked":["Underhanded Strike"],"picked":"SKIP","floor":24},{"not_picked":[],"picked":"Dodge and Roll+1","floor":27},{"not_picked":[],"picked":"Backflip","floor":31}],"player_experience":987752,"relics_obtained":[{"floor":7,"key":"Du-Vu Doll"},{"floor":9,"key":"Ornamental Fan"},{"floor":14,"key":"Nunchaku"},{"floor":26,"key":"Regal Pillow"},{"floor":26,"key":"Frozen Egg 2"},{"floor":27,"key":"Mummified Hand"}],"event_choices":[{"damage_healed":0,"gold_gain":0,"player_choice":"Take Wound","damage_taken":0,"relics_obtained":["Golden Idol"],"max_hp_gain":0,"max_hp_loss":0,"event_name":"Golden Idol","floor":13,"gold_loss":0,"cards_obtained":["Injury"]},{"damage_healed":0,"gold_gain":0,"player_choice":"Opened","damage_taken":0,"relics_obtained":["Matryoshka"],"max_hp_gain":0,"max_hp_loss":0,"event_name":"The Mausoleum","floor":21,"gold_loss":0,"cards_obtained":["Writhe"]},{"damage_healed":0,"gold_gain":50,"player_choice":"Stole From Cult","damage_taken":0,"max_hp_gain":0,"max_hp_loss":0,"event_name":"Nest","floor":28,"gold_loss":0},{"damage_healed":0,"gold_gain":0,"player_choice":"Ignored","damage_taken":0,"max_hp_gain":0,"max_hp_loss":0,"event_name":"Ghosts","floor":29,"gold_loss":0},{"damage_healed":0,"gold_gain":0,"player_choice":"Gave Idol","damage_taken":0,"relics_obtained":["Bloody Idol"],"max_hp_gain":0,"max_hp_loss":0,"event_name":"Forgotten Altar","floor":30,"relics_lost":["Golden Idol"],"gold_loss":0}],"is_beta":true,"boss_relics":[{"not_picked":["Velvet Choker","Lizard Tail"],"picked":"Busted Crown"}],"items_purged_floors":[],"is_endless":false,"potions_floor_spawned":[3,5,11,27,31],"killed_by":"Champ","ascension_level":19}