{"gold_per_floor":[13,13,13,32,51,51,68,68,120,45,45,63,83,98,98,200,200,216,131,131,141,66,66,83,83,83,98,98,127,127,7,7,110,110,126,139,139,139],"floor_reached":39,"playtime":2001,"items_purged":["Defend_G"],"score":696,"play_id":"a4fb1a25-9c27-4255-8576-fc6f19954600","local_time":"20190113194851","is_ascension_mode":true,"campfire_choices":[{"data":"Cloak And Dagger","floor":6,"key":"SMITH"},{"data":"Cloak And Dagger","floor":8,"key":"SMITH"},{"data":"Neutralize","floor":11,"key":"SMITH"},{"data":"Accuracy","floor":15,"key":"SMITH"},{"data":"Cloak And Dagger","floor":23,"key":"SMITH"},{"floor":25,"key":"REST"},{"floor":32,"key":"REST"}],"neow_cost":"NO_GOLD","seed_source_timestamp":35810665333992,"circlet_count":0,"master_deck":["Defend_G","Defend_G","Strike_G","Strike_G","Strike_G","Strike_G","Strike_G","Survivor","Neutralize+1","Cloak And Dagger+1","Blade Dance","Cloak And Dagger+1","Footwork","Accuracy+1","Caltrops","Cloak And Dagger","Phantasmal Killer","Escape Plan","Well Laid Plans","Cloak And Dagger+1","Prepared","Deflect+1","Deflect+1","Footwork","Backflip","Adrenaline","Cloak And Dagger+1"],"relics":["Ring of the Snake","Bird Faced Urn","Anchor","Orrery","Omamori","Ornamental Fan","Nilry\u0027s Codex","Paper Crane","WristBlade"],"potions_floor_usage":[16,18,24,27,33,38,38,38],"damage_taken":[{"damage":0,"enemies":"Jaw Worm","floor":1,"turns":6},{"damage":5,"enemies":"Small Slimes","floor":4,"turns":3},{"damage":1,"enemies":"Cultist","floor":5,"turns":3},{"damage":4,"enemies":"Blue Slaver","floor":7,"turns":3},{"damage":0,"enemies":"Looter","floor":12,"turns":4},{"damage":0,"enemies":"Red Slaver","floor":13,"turns":3},{"damage":0,"enemies":"Large Slime","floor":14,"turns":6},{"damage":0,"enemies":"Hexaghost","floor":16,"turns":9},{"damage":17,"enemies":"Spheric Guardian","floor":18,"turns":6},{"damage":0,"enemies":"Shell Parasite","floor":21,"turns":5},{"damage":32,"enemies":"Cultist and Chosen","floor":24,"turns":7},{"damage":3,"enemies":"Shelled Parasite and Fungi","floor":27,"turns":6},{"damage":14,"enemies":"Book of Stabbing","floor":29,"turns":6},{"damage":25,"enemies":"Champ","floor":33,"turns":13},{"damage":3,"enemies":"3 Darklings","floor":35,"turns":4},{"damage":0,"enemies":"3 Shapes","floor":36,"turns":4},{"damage":79,"enemies":"Time Eater","floor":38,"turns":15}],"seed_played":"3102825639607728914","potions_obtained":[{"floor":4,"key":"SpeedPotion"},{"floor":13,"key":"SkillPotion"},{"floor":14,"key":"Strength Potion"},{"floor":18,"key":"Explosive Potion"},{"floor":20,"key":"AttackPotion"},{"floor":20,"key":"LiquidBronze"},{"floor":27,"key":"Strength Potion"},{"floor":33,"key":"Block Potion"},{"floor":35,"key":"Ancient Potion"},{"floor":36,"key":"Regen Potion"}],"is_trial":false,"path_per_floor":["M","?","?","M","M","R","M","R","T","$","R","M","M","M","R","B",null,"M","?","?","M","$","R","M","R","T","M","?","E","?","$","R","B",null,"M","M","?","B",null],"character_chosen":"THE_SILENT","items_purchased":["Footwork","Footwork","Backflip"],"campfire_rested":2,"item_purchase_floors":[10,31,31],"current_hp_per_floor":[70,63,63,58,57,57,53,53,53,53,53,55,57,63,63,69,70,53,53,53,59,59,59,35,56,56,61,45,39,39,39,60,51,70,70,70,70,6],"gold":139,"neow_bonus":"ONE_RARE_RELIC","is_prod":false,"is_daily":false,"chose_seed":false,"campfire_upgraded":5,"win_rate":0,"timestamp":1547405331,"path_taken":["M","?","?","M","M","R","M","R","T","$","R","M","M","?","R","BOSS","M","?","?","M","$","R","M","R","T","?","?","E","?","?","R","BOSS","M","?","?","BOSS"],"build_version":"2019-01-10","purchased_purges":1,"victory":true,"max_hp_per_floor":[70,70,70,70,70,70,70,70,70,70,70,70,70,70,70,70,70,70,70,70,70,70,70,70,70,70,70,70,70,70,70,70,70,70,70,70,70,70],"card_choices":[{"not_picked":["Prepared","Blur"],"picked":"Cloak And Dagger","floor":1},{"not_picked":["Dagger Throw","Dodge and Roll"],"picked":"Blade Dance","floor":4},{"not_picked":["Quick Slash","Night Terror"],"picked":"Cloak And Dagger","floor":5},{"not_picked":["Dagger Spray","Blur","Dodge and Roll"],"picked":"SKIP","floor":7},{"not_picked":["Outmaneuver","Noxious Fumes"],"picked":"Accuracy","floor":12},{"not_picked":["Glass Knife","PiercingWail"],"picked":"Caltrops","floor":13},{"not_picked":["PiercingWail","Setup"],"picked":"Cloak And Dagger","floor":14},{"not_picked":["Unload","Malaise"],"picked":"Phantasmal Killer","floor":16},{"not_picked":["Deadly Poison","Calculated Gamble"],"picked":"Escape Plan","floor":17},{"not_picked":["Flying Knee","Underhanded Strike"],"picked":"Well Laid Plans","floor":17},{"not_picked":["Prepared","Underhanded Strike"],"picked":"Cloak And Dagger","floor":17},{"not_picked":["Riddle With Holes","Reflex"],"picked":"Prepared","floor":18},{"not_picked":["Terror","Cloak And Dagger"],"picked":"Deflect+1","floor":21},{"not_picked":["Cloak And Dagger+1","Bane+1"],"picked":"Deflect+1","floor":24},{"not_picked":["Doppelganger","Endless Agony","Catalyst+1"],"picked":"SKIP","floor":27},{"not_picked":["Dagger Spray","Poisoned Stab","Skewer"],"picked":"SKIP","floor":29},{"not_picked":["Grand Finale","Venomology"],"picked":"Adrenaline","floor":33},{"not_picked":["Dodge and Roll+1","Setup","Underhanded Strike"],"picked":"SKIP","floor":35},{"not_picked":["Backflip","Die Die Die"],"picked":"Cloak And Dagger+1","floor":36}],"player_experience":181876,"relics_obtained":[{"floor":9,"key":"Anchor"},{"floor":26,"key":"Ornamental Fan"},{"floor":28,"key":"Nilry\u0027s Codex"},{"floor":29,"key":"Paper Crane"}],"event_choices":[{"cards_removed":["Defend_G"],"damage_healed":0,"gold_gain":0,"player_choice":"Card Removal","damage_taken":7,"max_hp_gain":0,"max_hp_loss":0,"event_name":"Golden Wing","floor":2,"gold_loss":0},{"cards_removed":["Defend_G"],"damage_healed":0,"gold_gain":0,"player_choice":"Offered Basic","damage_taken":0,"max_hp_gain":0,"max_hp_loss":0,"event_name":"Bonfire Elementals","floor":3,"gold_loss":0},{"damage_healed":0,"gold_gain":0,"player_choice":"Obtained Relic","damage_taken":0,"relics_obtained":["Omamori"],"max_hp_gain":0,"max_hp_loss":0,"event_name":"Addict","floor":19,"gold_loss":85},{"damage_healed":0,"gold_gain":0,"player_choice":"Got Potions","damage_taken":0,"max_hp_gain":0,"max_hp_loss":0,"event_name":"Lab","floor":20,"gold_loss":0},{"damage_healed":0,"gold_gain":0,"player_choice":"Obtained Book","damage_taken":16,"max_hp_gain":0,"max_hp_loss":0,"event_name":"Cursed Tome","floor":28,"gold_loss":0},{"damage_healed":0,"gold_gain":0,"player_choice":"Ignored","damage_taken":0,"max_hp_gain":0,"max_hp_loss":0,"event_name":"Ghosts","floor":30,"gold_loss":0},{"damage_healed":0,"gold_gain":0,"player_choice":"Took Portal","damage_taken":0,"max_hp_gain":0,"max_hp_loss":0,"event_name":"SecretPortal","floor":37,"gold_loss":0}],"is_beta":true,"boss_relics":[{"not_picked":["Velvet Choker","Coffee Dripper"],"picked":"Orrery"},{"not_picked":["Ring of the Serpent","Eternal Feather"],"picked":"WristBlade"}],"items_purged_floors":[22],"is_endless":false,"potions_floor_spawned":[4,13,14,18,27,33,35,36],"ascension_level":1}