{"path_per_floor":["M","M","M","?","?","E","R","E","T","$","E","?","?","M","R","B",null,"M","?","$","?","?","E","R","E","T","$","R","$"],"character_chosen":"IRONCLAD","items_purchased":["Immolate","Bottled Tornado","Purity"],"gold_per_floor":[110,127,138,313,313,371,371,398,398,242,272,272,272,288,288,391,391,409,409,65,65,65,94,94,126,126,126,126,26,26],"floor_reached":30,"campfire_rested":3,"playtime":1128,"current_hp_per_floor":[80,75,74,74,74,40,64,42,42,42,15,35,35,43,67,44,80,73,73,73,73,73,24,48,33,33,33,33,33,0],"items_purged":["Strike_R","Rupture"],"gold":26,"score":294,"play_id":"bbdd6ed4-08e0-4105-816d-d805871ee220","local_time":"20180328211857","is_prod":false,"is_daily":false,"is_ascension_mode":true,"campfire_upgraded":1,"timestamp":1522289937,"path_taken":["M","M","M","?","?","E","R","E","T","$","E","?","?","M","R","BOSS","M","?","$","?","?","E","R","E","T","?","R","$","E"],"build_version":"2018-03-22v2","purchased_purges":2,"victory":false,"master_deck":["Strike_R","Strike_R","Strike_R","Defend_R","Defend_R","Defend_R","Defend_R","Bash","Immolate","Pommel Strike","Wild Strike","Wild Strike","Doubt","Regret","Wild Strike","Sever Soul","Immolate","Intimidate+1","Parasite","True Grit+1","Dark Embrace+1","Headbutt","Purity","Spot Weakness","Offering","Pummel+1","Evolve+1"],"max_hp_per_floor":[80,80,80,80,80,80,80,80,80,80,80,80,80,80,80,80,80,80,80,80,80,80,80,80,80,80,80,80,80,80],"relics":["Burning Blood","Prayer Wheel","Tiny Chest","Bronze Scales","Magic Flower","Oddly Smooth Stone","White Beast Statue","Bottled Tornado","Meat on the Bone","Champion Belt","Toxic Egg 2"],"card_choices":[{"not_picked":["Sword Boomerang","Shrug It Off"],"picked":"Pommel Strike","floor":1},{"not_picked":["Anger","Second Wind"],"picked":"Wild Strike","floor":2},{"not_picked":["True Grit","Hemokinesis"],"picked":"Wild Strike","floor":3},{"not_picked":["Rampage","Twin Strike"],"picked":"Wild Strike","floor":8},{"not_picked":["Disarm","Shrug It Off"],"picked":"Sever Soul","floor":9},{"not_picked":["Cleave","Iron Wave"],"picked":"Intimidate","floor":11},{"not_picked":["Armaments","Shockwave"],"picked":"True Grit","floor":14},{"not_picked":["Juggernaut","Fiend Fire"],"picked":"Dark Embrace","floor":16},{"not_picked":["Iron Wave","Body Slam"],"picked":"Headbutt","floor":18},{"not_picked":["Heavy Blade","Whirlwind"],"picked":"Rupture","floor":23},{"not_picked":["Shrug It Off","Havoc"],"picked":"Pummel","floor":25},{"not_picked":["Cleave","Reckless Charge"],"picked":"Evolve","floor":26}],"player_experience":93211,"potions_floor_usage":[16,23,25,25,25,30],"damage_taken":[{"damage":0,"enemies":"Small Slimes","floor":1,"turns":3},{"damage":11,"enemies":"Jaw Worm","floor":2,"turns":3},{"damage":7,"enemies":"2 Louse","floor":3,"turns":2},{"damage":40,"enemies":"Lagavulin","floor":6,"turns":5},{"damage":28,"enemies":"Gremlin Nob","floor":8,"turns":4},{"damage":36,"enemies":"Lagavulin","floor":11,"turns":5},{"damage":1,"enemies":"2 Fungi Beasts","floor":14,"turns":3},{"damage":32,"enemies":"Slime Boss","floor":16,"turns":10},{"damage":16,"enemies":"3 Byrds","floor":18,"turns":2},{"damage":58,"enemies":"Gremlin Leader","floor":23,"turns":7},{"damage":57,"enemies":"Book of Stabbing","floor":25,"turns":4},{"damage":34,"enemies":"Gremlin Leader","floor":30,"turns":2}],"event_choices":[{"event_name":"Liars Game","player_choice":"agreed","floor":4,"damage_taken":0},{"event_name":"Big Fish","player_choice":"Box","floor":5,"damage_taken":0},{"event_name":"Mushrooms","player_choice":"Healed and dodged fight","floor":12,"damage_taken":0},{"event_name":"Living Wall","player_choice":"Grow","floor":13,"damage_taken":0},{"event_name":"Upgrade Shrine","player_choice":"Upgraded","floor":19,"damage_taken":0},{"event_name":"The Library","player_choice":"Read","floor":21,"damage_taken":0},{"event_name":"Transmorgrifier","player_choice":"Transform","floor":22,"damage_taken":0}],"boss_relics":[{"not_picked":["Question Card","Astrolabe"],"picked":"White Beast Statue"}],"potions_floor_spawned":[6,8,16,18,23,25],"seed_played":"5353720232026115766","killed_by":"Gremlin Leader","ascension_level":1,"is_trial":false}