{"gold_per_floor":[111,111,63,63,82,82,120,135,135,135,135,153,176,194,194,194],"floor_reached":16,"playtime":405,"items_purged":[],"score":107,"play_id":"fc705fa4-6260-4c83-af9e-42ccada463ac","local_time":"20181121231923","is_ascension_mode":true,"campfire_choices":[{"data":"Gash","floor":6,"key":"SMITH"},{"floor":10,"key":"REST"},{"floor":15,"key":"REST"}],"neow_cost":"NONE","seed_source_timestamp":4499420781033,"circlet_count":0,"master_deck":["Strike_B","Strike_B","Strike_B","Strike_B","Defend_B","Defend_B","Defend_B","Defend_B+1","Zap","Dualcast+1","Beam Cell","Gash+1","Melter","FTL","Parasite","Go for the Eyes+1","Steam","Hello World"],"relics":["Philosopher\u0027s Stone","Golden Idol","Bottled Lightning","Molten Egg 2"],"potions_floor_usage":[16],"damage_taken":[{"damage":1,"enemies":"Jaw Worm","floor":1,"turns":3},{"damage":0,"enemies":"2 Louse","floor":5,"turns":2},{"damage":33,"enemies":"Gremlin Nob","floor":7,"turns":5},{"damage":2,"enemies":"Small Slimes","floor":8,"turns":2},{"damage":10,"enemies":"2 Fungi Beasts","floor":12,"turns":2},{"damage":10,"enemies":"Gremlin Gang","floor":13,"turns":4},{"damage":6,"enemies":"Exordium Thugs","floor":14,"turns":4},{"damage":57,"enemies":"The Guardian","floor":16,"turns":8}],"seed_played":"6990103670510014251","potions_obtained":[{"floor":7,"key":"SteroidPotion"},{"floor":12,"key":"SmokeBomb"},{"floor":13,"key":"Energy Potion"}],"is_trial":false,"path_per_floor":["M","?","$","?","M","R","E","M","T","R","?","M","M","M","R","B"],"character_chosen":"DEFECT","items_purchased":["Gash"],"campfire_rested":2,"item_purchase_floors":[3],"current_hp_per_floor":[74,59,59,59,59,59,26,24,24,44,61,51,41,35,55,0],"gold":194,"neow_bonus":"BOSS_RELIC","is_prod":false,"is_daily":false,"chose_seed":false,"campfire_upgraded":1,"win_rate":0,"timestamp":1542838763,"path_taken":["M","?","$","?","M","R","E","M","T","R","?","M","M","M","R","BOSS"],"build_version":"2018-11-15","purchased_purges":0,"victory":false,"max_hp_per_floor":[75,75,75,69,69,69,69,69,69,69,69,69,69,69,69,69],"card_choices":[{"not_picked":["Sweeping Beam","Steam"],"picked":"Beam Cell","floor":1},{"not_picked":["Storm","Recycle"],"picked":"Melter","floor":5},{"not_picked":["Static Discharge","Reboot"],"picked":"FTL","floor":7},{"not_picked":["Sweeping Beam","Consume","Genetic Algorithm"],"picked":"SKIP","floor":8},{"not_picked":["Sunder+1","White Noise"],"picked":"Go for the Eyes+1","floor":12},{"not_picked":["Turbo","Auto Shields"],"picked":"Steam","floor":13},{"not_picked":["Sweeping Beam+1","Capacitor"],"picked":"Hello World","floor":14}],"player_experience":163236,"relics_obtained":[{"floor":7,"key":"Bottled Lightning"},{"floor":9,"key":"Molten Egg 2"}],"event_choices":[{"damage_healed":0,"gold_gain":0,"player_choice":"Entered Light","damage_taken":15,"max_hp_gain":0,"max_hp_loss":0,"event_name":"Shining Light","floor":2,"gold_loss":0,"cards_upgraded":["Dualcast","Defend_B"]},{"damage_healed":0,"gold_gain":0,"player_choice":"Lose Max HP","damage_taken":0,"relics_obtained":["Golden Idol"],"max_hp_gain":0,"max_hp_loss":6,"event_name":"Golden Idol","floor":4,"gold_loss":0},{"damage_healed":17,"gold_gain":0,"player_choice":"Healed and dodged fight","damage_taken":0,"max_hp_gain":0,"max_hp_loss":0,"event_name":"Mushrooms","floor":11,"gold_loss":0,"cards_obtained":["Parasite"]}],"is_beta":true,"boss_relics":[],"items_purged_floors":[],"is_endless":false,"potions_floor_spawned":[7,12,13],"killed_by":"The Guardian","ascension_level":1}