{"gold_per_floor":[112,122,137,157,120,120,195,195,246,22,49,49,77,42,42,142,142,162,162,176,176,187,187,15,15,39,12,46,46,59,76,76,178,178,197,197,14,24,24,24,41,67,67,67,118,118,168,183,183,183],"floor_reached":51,"playtime":4115,"items_purged":[],"score":749,"play_id":"9b05bbd8-56ae-4420-98fd-58fc1d594a97","local_time":"20180821143932","is_ascension_mode":true,"campfire_choices":[{"data":"Defragment","floor":6,"key":"SMITH"},{"data":"Zap","floor":8,"key":"SMITH"},{"data":"Capacitor","floor":15,"key":"SMITH"},{"data":"Chill","floor":23,"key":"SMITH"},{"data":"Chaos","floor":25,"key":"SMITH"},{"data":"Dualcast","floor":29,"key":"SMITH"},{"data":"Echo Form","floor":32,"key":"SMITH"},{"data":"Self Repair","floor":40,"key":"SMITH"},{"floor":46,"key":"REST"},{"floor":49,"key":"REST"}],"neow_cost":"NONE","seed_source_timestamp":503833310882696,"circlet_count":0,"master_deck":["Strike_B","Strike_B","Strike_B","Defend_B","Defend_B","Defend_B","Defend_B","Zap+1","Dualcast+1","Cold Snap","Chill+1","Self Repair+1","Steam","Ball Lightning","Defragment+1","Echo Form+1","Chaos+1","Capacitor+1","Electrodynamics","Leap","Beam Cell+1","Cold Snap","Hologram","Leap","Coolheaded+1","Thunder Strike","Stack","Barrage+1","Go for the Eyes","Compile Driver+1","Stack+1","Magnetism","Conserve Battery+1"],"relics":["Cracked Core","Blood Vial","Lantern","Centennial Puzzle","Orichalcum","Sozu","Bag of Marbles","Potion Belt","Bag of Preparation","Lizard Tail","Ice Cream","Happy Flower","Boot","Blue Candle","Juzu Bracelet","Prayer Wheel"],"potions_floor_usage":[50,50],"damage_taken":[{"damage":5,"enemies":"2 Louse","floor":1,"turns":2},{"damage":3,"enemies":"Small Slimes","floor":2,"turns":3},{"damage":3,"enemies":"Jaw Worm","floor":3,"turns":4},{"damage":6,"enemies":"3 Louse","floor":4,"turns":4},{"damage":11,"enemies":"3 Sentries","floor":11,"turns":6},{"damage":14,"enemies":"Gremlin Nob","floor":13,"turns":3},{"damage":26,"enemies":"Hexaghost","floor":16,"turns":9},{"damage":12,"enemies":"Shell Parasite","floor":18,"turns":6},{"damage":16,"enemies":"2 Thieves","floor":20,"turns":3},{"damage":24,"enemies":"Snecko","floor":22,"turns":6},{"damage":5,"enemies":"Slavers","floor":28,"turns":4},{"damage":4,"enemies":"Centurion and Healer","floor":30,"turns":5},{"damage":18,"enemies":"Cultist and Chosen","floor":31,"turns":6},{"damage":20,"enemies":"Automaton","floor":33,"turns":9},{"damage":15,"enemies":"Flame Bruiser 1 Orb","floor":35,"turns":5},{"damage":25,"floor":36,"turns":7},{"damage":14,"enemies":"3 Shapes","floor":38,"turns":3},{"damage":31,"enemies":"Maw","floor":41,"turns":8},{"damage":32,"enemies":"Nemesis","floor":42,"turns":7},{"damage":0,"floor":47,"turns":6},{"damage":24,"enemies":"Spire Growth","floor":48,"turns":5},{"damage":53,"enemies":"Time Eater","floor":50,"turns":11}],"seed_played":"-9013362369642302064","potions_obtained":[{"floor":3,"key":"LiquidBronze"},{"floor":4,"key":"FearPotion"},{"floor":11,"key":"Fire Potion"}],"is_trial":false,"path_per_floor":["M","M","M","M","$","R","?","R","T","$","E","?","E","?","R","B",null,"M","?","M","?","M","R","$","R","T","$","E","R","M","M","R","B",null,"M","?","$","M","?","R","M","E","T","?","T","R","?","M","R","B"],"character_chosen":"DEFECT","items_purchased":["Defragment","Echo Form","Lantern","Bag of Marbles","Cold Snap","Hologram","Happy Flower","Go for the Eyes"],"campfire_rested":2,"item_purchase_floors":[5,10,10,24,24,27,37,37],"current_hp_per_floor":[70,67,71,72,72,72,61,61,61,61,59,52,47,65,65,48,75,70,70,63,63,55,55,55,55,55,55,59,59,71,62,62,51,75,74,57,57,45,45,45,36,16,16,16,16,38,50,38,60,29],"gold":183,"neow_bonus":"THREE_CARDS","is_prod":false,"is_daily":false,"chose_seed":false,"campfire_upgraded":8,"win_rate":0,"timestamp":1534887572,"path_taken":["M","M","M","M","$","R","?","R","T","$","E","?","E","?","R","BOSS","M","?","M","?","M","R","$","R","T","$","E","R","?","M","R","BOSS","M","?","$","M","?","R","M","E","T","?","?","R","?","M","R","BOSS"],"build_version":"2018-08-16","purchased_purges":0,"victory":true,"max_hp_per_floor":[75,75,75,75,75,75,75,75,75,75,75,75,75,75,75,75,75,75,75,75,75,75,75,75,75,75,75,75,75,75,75,75,75,75,75,75,75,75,75,75,75,75,75,75,75,75,75,75,75,75],"card_choices":[{"not_picked":["Compile Driver","Turbo"],"picked":"Cold Snap","floor":0},{"not_picked":["Rebound","Cold Snap"],"picked":"Chill","floor":1},{"not_picked":["Turbo","Sweeping Beam"],"picked":"Self Repair","floor":2},{"not_picked":["Thunder Strike","Rebound"],"picked":"Steam","floor":3},{"not_picked":["Coolheaded","Steam"],"picked":"Ball Lightning","floor":4},{"not_picked":["Glacier","Creative AI"],"picked":"Chaos","floor":11},{"not_picked":["Sweeping Beam","Skim"],"picked":"Capacitor","floor":13},{"not_picked":["Multi-Cast","Rainbow"],"picked":"Electrodynamics","floor":16},{"not_picked":["Cold Snap","Static Discharge"],"picked":"Leap","floor":18},{"not_picked":["Steam Power","Streamline","Leap"],"picked":"SKIP","floor":20},{"not_picked":["Leap+1","Redo"],"picked":"Beam Cell+1","floor":22},{"not_picked":["Steam","Hologram+1","Rebound"],"picked":"SKIP","floor":28},{"not_picked":["Thunder Strike","Gash"],"picked":"Leap","floor":30},{"not_picked":["Rebound","Scrape"],"picked":"Coolheaded+1","floor":31},{"not_picked":["Electrodynamics","Machine Learning"],"picked":"Thunder Strike","floor":33},{"not_picked":["Cold Snap","Go for the Eyes"],"picked":"Stack","floor":35},{"not_picked":["Compile Driver","Leap+1"],"picked":"Barrage+1","floor":36},{"not_picked":["Steam","Gash+1","Streamline"],"picked":"SKIP","floor":38},{"not_picked":["Sweeping Beam+1","Gash"],"picked":"Compile Driver+1","floor":41},{"not_picked":["Coolheaded","Streamline+1"],"picked":"Stack+1","floor":42},{"not_picked":["Master of Strategy","Good Instincts"],"picked":"Magnetism","floor":44},{"not_picked":["Sweeping Beam+1","Coolheaded+1"],"picked":"Conserve Battery+1","floor":47},{"not_picked":["Sweeping Beam+1","Beam Cell+1","Sunder+1"],"picked":"SKIP","floor":48},{"not_picked":["Stack+1","Double Energy","Go for the Eyes"],"picked":"SKIP","floor":48}],"player_experience":975564,"relics_obtained":[{"floor":9,"key":"Blood Vial"},{"floor":11,"key":"Centennial Puzzle"},{"floor":13,"key":"Orichalcum"},{"floor":26,"key":"Potion Belt"},{"floor":28,"key":"Bag of Preparation"},{"floor":36,"key":"Ice Cream"},{"floor":42,"key":"Boot"},{"floor":43,"key":"Blue Candle"},{"floor":45,"key":"Juzu Bracelet"},{"floor":47,"key":"Prayer Wheel"}],"event_choices":[{"event_name":"World of Goop","player_choice":"Gather Gold","floor":7,"damage_taken":0},{"event_name":"Golden Wing","player_choice":"Card Removal","floor":12,"damage_taken":0},{"event_name":"The Cleric","player_choice":"Healed","floor":14,"damage_taken":0},{"event_name":"The Lab","player_choice":"Got Potions","floor":19,"damage_taken":0},{"event_name":"Beggar","player_choice":"Ignored","floor":21,"damage_taken":0},{"event_name":"MindBloom","player_choice":"Fight","floor":36,"damage_taken":0},{"event_name":"Accursed Blacksmith","player_choice":"Ignore","floor":39,"damage_taken":0},{"event_name":"SensoryStone","player_choice":"Memory 1","floor":44,"damage_taken":0},{"event_name":"Mysterious Sphere","player_choice":"Fight","floor":47,"damage_taken":0}],"is_beta":false,"boss_relics":[{"not_picked":["Snecko Eye","Coffee Dripper"],"picked":"Sozu"},{"not_picked":["FrozenCore","Tiny House"],"picked":"Lizard Tail"}],"items_purged_floors":[],"is_endless":false,"potions_floor_spawned":[3,4,11,20,22,28,31,38,47,48],"ascension_level":3}