{"gold_per_floor":[111,111,66,86,97,130,130,164,219,219,247,247,247,257,257,257],"floor_reached":16,"playtime":549,"items_purged":[],"score":142,"play_id":"a97af59e-253c-4873-a25d-04a85dfc530f","local_time":"20180726214600","is_ascension_mode":true,"campfire_choices":[{"floor":7,"key":"REST"},{"floor":12,"key":"REST"},{"floor":15,"key":"REST"}],"neow_cost":"NONE","seed_source_timestamp":5246449378474,"circlet_count":0,"master_deck":["Defend_G","Defend_G","Defend_G","Defend_G","Defend_G","Strike_G","Strike_G","Strike_G","Strike_G","Strike_G","Survivor","Neutralize","Dagger Spray","Deadly Poison","Deadly Poison","After Image","Corpse Explosion","Parasite","Well Laid Plans"],"relics":["Ring of the Snake","NeowsBlessing","Peace Pipe","Bottled Lightning","Shovel","Oddly Smooth Stone","Gremlin Horn"],"potions_floor_usage":[6,8,11],"damage_taken":[{"damage":0,"enemies":"Cultist","floor":1,"turns":1},{"damage":0,"enemies":"2 Louse","floor":4,"turns":1},{"damage":0,"enemies":"Jaw Worm","floor":5,"turns":1},{"damage":44,"enemies":"Gremlin Nob","floor":6,"turns":5},{"damage":21,"enemies":"Lagavulin","floor":8,"turns":6},{"damage":10,"enemies":"3 Sentries","floor":11,"turns":8},{"damage":0,"enemies":"2 Fungi Beasts","floor":14,"turns":4},{"damage":72,"enemies":"Slime Boss","floor":16,"turns":9}],"seed_played":"-3757247372040199559","potions_obtained":[{"floor":1,"key":"Energy Potion"},{"floor":4,"key":"Poison Potion"},{"floor":8,"key":"LiquidBronze"}],"is_trial":false,"path_per_floor":["M","T","$","M","M","E","R","E","T","?","E","R","?","M","R"],"character_chosen":"THE_SILENT","items_purchased":["Deadly Poison"],"campfire_rested":3,"item_purchase_floors":[3],"current_hp_per_floor":[70,70,70,70,70,26,47,26,26,19,9,30,47,47,68,0],"gold":257,"neow_bonus":"THREE_ENEMY_KILL","is_prod":false,"is_daily":false,"chose_seed":false,"campfire_upgraded":0,"win_rate":0,"timestamp":1532634360,"path_taken":["M","?","$","?","M","E","R","E","T","?","E","R","?","M","R","BOSS"],"build_version":"2018-07-25","purchased_purges":0,"victory":false,"max_hp_per_floor":[70,70,70,70,70,70,70,70,70,70,70,70,70,70,70,70],"card_choices":[{"not_picked":["Eviscerate","Bane"],"picked":"Dagger Spray","floor":1},{"not_picked":["Underhanded Strike","Backstab"],"picked":"Deadly Poison","floor":4},{"not_picked":["Backflip","Masterful Stab","Poisoned Stab"],"picked":"SKIP","floor":5},{"not_picked":["Riddle With Holes","Setup"],"picked":"After Image","floor":6},{"not_picked":["Bane","Deflect","Reflex"],"picked":"SKIP","floor":8},{"not_picked":["Quick Slash","Deflect"],"picked":"Corpse Explosion","floor":11},{"not_picked":["Acrobatics","Outmaneuver"],"picked":"Well Laid Plans","floor":14}],"player_experience":355450,"relics_obtained":[{"floor":2,"key":"Peace Pipe"},{"floor":6,"key":"Bottled Lightning"},{"floor":8,"key":"Shovel"},{"floor":9,"key":"Oddly Smooth Stone"},{"floor":11,"key":"Gremlin Horn"}],"event_choices":[{"event_name":"Wheel of Change","player_choice":"Damage","floor":10,"damage_taken":0},{"event_name":"Mushrooms","player_choice":"Healed and dodged fight","floor":13,"damage_taken":0}],"is_beta":true,"boss_relics":[],"items_purged_floors":[],"is_endless":false,"potions_floor_spawned":[1,4,8],"killed_by":"Slime Boss","ascension_level":4}