{"path_per_floor":["M","?","?","?","M","E","M","R","T","M","M","M","M","E","R","B",null,"M","M","$","M","M"],"character_chosen":"THE_SILENT","items_purchased":["Orichalcum","Lantern","Anchor"],"gold_per_floor":[114,189,256,256,271,301,316,316,316,331,346,361,376,406,406,506,506,521,536,146,161,176,176],"floor_reached":23,"campfire_rested":1,"playtime":968,"current_hp_per_floor":[70,59,59,59,59,38,38,59,59,59,55,55,55,55,55,7,70,70,61,61,34,25,0],"items_purged":[],"gold":176,"score":258,"play_id":"67cf0ebb-f39b-4f77-b223-ca50ef500da8","local_time":"20180406220930","daily_mods":["Draft","Time Dilation","Lethality"],"is_prod":false,"is_daily":true,"is_ascension_mode":false,"campfire_upgraded":1,"timestamp":1523070570,"path_taken":["M","?","?","?","M","E","M","R","T","M","?","M","M","E","R","BOSS","M","?","?","M","M","E"],"build_version":"2018-04-05v2","purchased_purges":0,"victory":false,"master_deck":["Slice","Cloak And Dagger","Deflect","Backflip","Backstab","Poisoned Stab","Bane","Poisoned Stab","Blade Dance","Bane","Prepared","Accuracy+1","Dodge and Roll","Noxious Fumes","Poisoned Stab","Outmaneuver","Well Laid Plans","Deadly Poison","Flying Knee","Slice","Phantasmal Killer","Bane","Infinite Blades+1","Distraction","After Image","Deflect","Blade Dance","Poisoned Stab"],"max_hp_per_floor":[70,70,70,70,70,70,70,70,70,70,70,70,70,70,70,70,70,70,70,70,70,70,70],"relics":["Ring of the Snake","Art of War","The Courier","Shuriken","Black Star","Orichalcum","Lantern","Anchor"],"card_choices":[{"not_picked":["Dagger Throw","PiercingWail"],"picked":"Slice","floor":0},{"not_picked":["Quick Slash","Distraction"],"picked":"Cloak And Dagger","floor":0},{"not_picked":["Dodge and Roll","Dagger Throw"],"picked":"Deflect","floor":0},{"not_picked":["Predator","Prepared"],"picked":"Backflip","floor":0},{"not_picked":["Expertise","Deflect"],"picked":"Backstab","floor":0},{"not_picked":["Backflip","Prepared"],"picked":"Poisoned Stab","floor":0},{"not_picked":["Acrobatics","Dodge and Roll"],"picked":"Bane","floor":0},{"not_picked":["Deflect","Bane"],"picked":"Poisoned Stab","floor":0},{"not_picked":["Underhanded Strike","Sucker Punch"],"picked":"Blade Dance","floor":0},{"not_picked":["Sucker Punch","Malaise"],"picked":"Bane","floor":0},{"not_picked":["Predator","Dagger Spray"],"picked":"Prepared","floor":0},{"not_picked":["Cloak And Dagger","Quick Slash"],"picked":"Accuracy","floor":0},{"not_picked":["Backflip","Footwork"],"picked":"Dodge and Roll","floor":0},{"not_picked":["Blur","Predator"],"picked":"Noxious Fumes","floor":0},{"not_picked":["Quick Slash","Bouncing Flask"],"picked":"Poisoned Stab","floor":0},{"not_picked":["Setup","Slice"],"picked":"Outmaneuver","floor":1},{"not_picked":["Dash","PiercingWail"],"picked":"Well Laid Plans","floor":5},{"not_picked":["Prepared","Quick Slash"],"picked":"Deadly Poison","floor":6},{"not_picked":["Dodge and Roll","Poisoned Stab"],"picked":"Flying Knee","floor":7},{"not_picked":["Prepared","Quick Slash"],"picked":"Slice","floor":10},{"not_picked":["Acrobatics","Dagger Spray"],"picked":"Phantasmal Killer","floor":11},{"not_picked":["Dagger Throw","Well Laid Plans"],"picked":"Bane","floor":12},{"not_picked":["Slice","Prepared"],"picked":"Infinite Blades","floor":13},{"not_picked":["Acrobatics","Caltrops"],"picked":"Distraction","floor":14},{"not_picked":["Bullet Time","Wraith Form"],"picked":"After Image","floor":16},{"not_picked":["Caltrops","Endless Agony"],"picked":"Deflect","floor":18},{"not_picked":["PiercingWail","Poisoned Stab"],"picked":"Blade Dance","floor":19},{"not_picked":["Dagger Throw","Slice"],"picked":"Poisoned Stab","floor":21}],"player_experience":133154,"potions_floor_usage":[16],"damage_taken":[{"damage":0,"enemies":"Jaw Worm","floor":1,"turns":1},{"damage":0,"enemies":"Small Slimes","floor":5,"turns":2},{"damage":21,"enemies":"Lagavulin","floor":6,"turns":4},{"damage":0,"enemies":"Cultist","floor":7,"turns":1},{"damage":0,"enemies":"Looter","floor":10,"turns":1},{"damage":4,"enemies":"3 Louse","floor":11,"turns":2},{"damage":0,"enemies":"Exordium Wildlife","floor":12,"turns":1},{"damage":0,"enemies":"Blue Slaver","floor":13,"turns":1},{"damage":0,"enemies":"Gremlin Nob","floor":14,"turns":2},{"damage":48,"enemies":"Hexaghost","floor":16,"turns":4},{"damage":0,"enemies":"Chosen","floor":18,"turns":3},{"damage":9,"enemies":"2 Thieves","floor":19,"turns":2},{"damage":27,"enemies":"Cultist and Chosen","floor":21,"turns":3},{"damage":9,"enemies":"Sentry and Sphere","floor":22,"turns":3},{"damage":26,"enemies":"Gremlin Leader","floor":23,"turns":2}],"event_choices":[{"event_name":"World of Goop","player_choice":"Gather Gold","floor":2,"damage_taken":0},{"event_name":"Golden Wing","player_choice":"Gained Gold","floor":3,"damage_taken":0},{"event_name":"Living Wall","player_choice":"Grow","floor":4,"damage_taken":0}],"boss_relics":[{"not_picked":["Tiny House","Velvet Choker"],"picked":"Black Star"}],"potions_floor_spawned":[5,7,13,16],"seed_played":"-5696622492260265423","killed_by":"Gremlin Leader","ascension_level":0,"is_trial":false}