{"path_per_floor":["M","?","M","M","M","R","M","M","T","R","M","M","R","M","R","B",null,"M","M","M","$"],"character_chosen":"DEFECT","items_purchased":["Apotheosis"],"gold_per_floor":[109,109,127,144,158,158,171,185,185,185,203,219,219,231,231,333,333,352,368,379,103,103],"floor_reached":22,"campfire_rested":0,"playtime":2978,"item_purchase_floors":[21],"current_hp_per_floor":[75,75,75,75,63,63,63,53,53,53,53,48,48,44,44,46,75,46,33,14,14,0],"items_purged":["Strike_B"],"gold":103,"score":202,"play_id":"bb06b375-101e-4b30-9bb2-8b633d09e353","local_time":"20180614085911","is_prod":false,"is_daily":false,"chose_seed":false,"is_ascension_mode":true,"campfire_upgraded":4,"win_rate":0,"timestamp":1528991951,"campfire_choices":[{"data":"Zap","floor":6,"key":"SMITH"},{"data":"Cold Snap","floor":10,"key":"SMITH"},{"data":"Echo Form","floor":13,"key":"SMITH"},{"data":"Go for the Eyes","floor":15,"key":"SMITH"}],"path_taken":["M","?","?","M","M","R","M","?","T","R","M","M","R","?","R","BOSS","M","M","M","$","M"],"build_version":"2018-06-07v3","seed_source_timestamp":52254728832492,"purchased_purges":1,"victory":false,"master_deck":["Strike_B","Strike_B","Defend_B","Defend_B","Defend_B","Defend_B","Zap+1","Dualcast","Ball Lightning","Stack","Cold Snap+1","Go for the Eyes+1","Sweeping Beam","Chaos","Leap","Echo Form+1","Hologram","Core Surge","Streamline+1","Turbo+1","Capacitor","Apotheosis"],"max_hp_per_floor":[75,75,75,75,75,75,75,75,75,75,75,75,75,75,75,75,75,75,75,75,75,75],"relics":["Cracked Core","Ornamental Fan","Sozu"],"card_choices":[{"not_picked":["Stack","Sweeping Beam"],"picked":"Ball Lightning","floor":1},{"not_picked":["BootSequence","Ball Lightning"],"picked":"Cold Snap","floor":3},{"not_picked":["Steam","Rebound"],"picked":"Go for the Eyes","floor":4},{"not_picked":["Capacitor","Reinforced Body"],"picked":"Sweeping Beam","floor":5},{"not_picked":["Skim","Conserve Battery"],"picked":"Chaos","floor":7},{"not_picked":["Chill","Barrage"],"picked":"Leap","floor":8},{"not_picked":["Barrage","Turbo"],"picked":"Echo Form","floor":11},{"not_picked":["Aggregate","Reprogram"],"picked":"Hologram","floor":12},{"not_picked":["Coolheaded","Consume","Sweeping Beam"],"picked":"SKIP","floor":14},{"not_picked":["Thunder Strike","Fission"],"picked":"Core Surge","floor":16},{"not_picked":["Turbo","Sweeping Beam"],"picked":"Streamline+1","floor":18},{"not_picked":["Rebound+1","Barrage"],"picked":"Turbo+1","floor":19},{"not_picked":["Stack","Rebound+1"],"picked":"Capacitor","floor":20}],"player_experience":859133,"potions_floor_usage":[16],"damage_taken":[{"damage":0,"enemies":"Small Slimes","floor":1,"turns":1},{"damage":0,"enemies":"Cultist","floor":3,"turns":3},{"damage":0,"enemies":"2 Louse","floor":4,"turns":1},{"damage":12,"enemies":"Lots of Slimes","floor":5,"turns":3},{"damage":0,"enemies":"2 Fungi Beasts","floor":7,"turns":3},{"damage":10,"enemies":"Exordium Thugs","floor":8,"turns":4},{"damage":0,"enemies":"Blue Slaver","floor":11,"turns":3},{"damage":5,"enemies":"Looter","floor":12,"turns":2},{"damage":4,"enemies":"Red Slaver","floor":14,"turns":3},{"damage":13,"enemies":"The Guardian","floor":16,"turns":10},{"damage":29,"enemies":"2 Thieves","floor":18,"turns":4},{"damage":13,"enemies":"Shell Parasite","floor":19,"turns":6},{"damage":19,"enemies":"Snake Plant","floor":20,"turns":3},{"damage":19,"enemies":"Cultist and Chosen","floor":22,"turns":2}],"relics_obtained":[{"floor":9,"key":"Ornamental Fan"}],"event_choices":[{"event_name":"Transmorgrifier","player_choice":"Transform","floor":2,"damage_taken":0}],"boss_relics":[{"not_picked":["Tiny House","Calling Bell"],"picked":"Sozu"}],"items_purged_floors":[21],"potions_floor_spawned":[5,7,11,12,20],"seed_played":"5956335693246893919","killed_by":"Cultist and Chosen","ascension_level":2,"potions_obtained":[{"floor":5,"key":"Dexterity Potion"},{"floor":7,"key":"Swift Potion"},{"floor":11,"key":"Ancient Potion"},{"floor":12,"key":"Regen Potion"}],"is_trial":false}