{"gold_per_floor":[114,114,114,129,129,159,159,189,189,219,234,264,264,294,294,394,394,409,409,409,424,439,469,469,499,549,579,494,509,37,67,67,167,167,182,182,5,5,5,5,35,50,75,105,105,135,435,465,465,465],"floor_reached":51,"playtime":2753,"items_purged":[],"score":1168,"play_id":"27ecf1d1-641d-47f1-bd3c-e792b399472a","local_time":"20180911085640","daily_mods":["Brewmaster","Elite Swarm","Night Terrors"],"is_ascension_mode":false,"campfire_choices":[{"data":"Neutralize","floor":7,"key":"SMITH"},{"data":"Corpse Explosion","floor":13,"key":"SMITH"},{"floor":15,"key":"REST"},{"data":"Defend_G","floor":32,"key":"PURGE"},{"data":"Expertise","floor":40,"key":"PURGE"},{"data":"PiercingWail","floor":45,"key":"PURGE"},{"data":"Blade Dance","floor":49,"key":"PURGE"}],"neow_cost":"","seed_source_timestamp":0,"circlet_count":0,"master_deck":["Survivor+1","Neutralize+1","Venomology","Venomology","Venomology","Venomology","Venomology+1","Poisoned Stab","Storm of Steel","Corpse Explosion+1","Bullet Time","Infinite Blades","Adrenaline","Die Die Die","Cloak And Dagger+1","Leg Sweep","Poisoned Stab+1","Tools of the Trade","Cloak And Dagger+1","Glass Knife","Adrenaline","Backstab+1","Noxious Fumes","Die Die Die","Die Die Die","Acrobatics","Backflip","Catalyst","Slice","Catalyst","Flying Knee","Deflect+1","Accuracy","Finisher","Terror","After Image","Tools of the Trade","Slice+1"],"special_seed":17785,"relics":["Ring of the Snake","White Beast Statue","Question Card","Anchor","Pantograph","Lantern","Blood Vial","Ninja Scroll","Fusion Hammer","Snake Skull","Letter Opener","War Paint","Juzu Bracelet","Peace Pipe","Mummified Hand","Matryoshka","Ancient Tea Set","Tingsha","Pandora\u0027s Box","Happy Flower","Dodecahedron","Blue Candle","Oddly Smooth Stone","Potion Belt","Gremlin Horn","Unceasing Top","Old Coin","Incense Burner"],"potions_floor_usage":[1,1,1,4,4,6,6,6,6,6,6,8,8,8,8,8,8,10,10,10,10,10,11,12,12,12,12,12,12,14,14,14,14,14,14,14,16,16,16,16,16,16,18,21,21,21,21,22,22,22,22,22,22,23,23,23,25,25,25,25,27,27,27,27,27,29,29,29,31,31,33,33,33,33,33,41,41,41,41,41,44,44,46,46,48,48,48,48,50,50,50,50,50,50,50,50],"damage_taken":[{"damage":0,"enemies":"Jaw Worm","floor":1,"turns":5},{"damage":0,"enemies":"2 Louse","floor":4,"turns":2},{"damage":21,"enemies":"Gremlin Nob","floor":6,"turns":4},{"damage":28,"enemies":"3 Sentries","floor":8,"turns":8},{"damage":12,"enemies":"Lagavulin","floor":10,"turns":7},{"damage":0,"enemies":"Small Slimes","floor":11,"turns":3},{"damage":0,"enemies":"Gremlin Nob","floor":12,"turns":2},{"damage":9,"enemies":"Lagavulin","floor":14,"turns":6},{"damage":28,"enemies":"Slime Boss","floor":16,"turns":12},{"damage":0,"enemies":"2 Thieves","floor":18,"turns":2},{"damage":0,"enemies":"Spheric Guardian","floor":21,"turns":2},{"damage":3,"enemies":"Chosen and Byrds","floor":22,"turns":5},{"damage":13,"enemies":"Slavers","floor":23,"turns":3},{"damage":0,"enemies":"Gremlin Leader","floor":25,"turns":4},{"damage":22,"enemies":"Book of Stabbing","floor":27,"turns":3},{"damage":0,"enemies":"Snake Plant","floor":29,"turns":3},{"damage":0,"enemies":"Slavers","floor":31,"turns":3},{"damage":19,"enemies":"Collector","floor":33,"turns":6},{"damage":0,"enemies":"3 Darklings","floor":35,"turns":1},{"damage":4,"enemies":"Nemesis","floor":41,"turns":5},{"damage":0,"enemies":"Orb Walker","floor":42,"turns":2},{"damage":0,"enemies":"Giant Head","floor":44,"turns":5},{"damage":0,"enemies":"2 Orb Walkers","floor":46,"turns":2},{"damage":0,"enemies":"Mind Bloom Boss Battle","floor":47,"turns":3},{"damage":0,"enemies":"Mysterious Sphere","floor":48,"turns":2},{"damage":0,"enemies":"Donu and Deca","floor":50,"turns":3}],"seed_played":"-1622456894830768675","potions_obtained":[{"floor":1,"key":"Ancient Potion"},{"floor":3,"key":"Regen Potion"},{"floor":3,"key":"Fire Potion"},{"floor":6,"key":"GamblersBrew"},{"floor":8,"key":"Weak Potion"},{"floor":10,"key":"Dexterity Potion"},{"floor":12,"key":"Regen Potion"},{"floor":14,"key":"GamblersBrew"},{"floor":16,"key":"GhostInAJar"},{"floor":18,"key":"Weak Potion"},{"floor":21,"key":"SneckoOil"},{"floor":22,"key":"Regen Potion"},{"floor":27,"key":"Explosive Potion"},{"floor":29,"key":"Explosive Potion"},{"floor":33,"key":"Block Potion"},{"floor":35,"key":"Block Potion"},{"floor":41,"key":"SteroidPotion"},{"floor":42,"key":"GhostInAJar"},{"floor":44,"key":"EssenceOfSteel"},{"floor":47,"key":"GhostInAJar"},{"floor":48,"key":"Dexterity Potion"}],"is_trial":false,"path_per_floor":["M","?","?","M","?","E","R","E","T","E","M","E","R","E","R","B",null,"M","?","?","M","M","E","?","E","T","E","?","M","$","E","R","B",null,"M","?","$","T","?","R","E","M","T","E","R","E","?","?","R","B"],"character_chosen":"THE_SILENT","items_purchased":["Noxious Fumes","Matryoshka","Ancient Tea Set","Accuracy","Finisher","Terror"],"campfire_rested":1,"item_purchase_floors":[30,30,30,37,37,37],"current_hp_per_floor":[70,63,63,68,54,47,47,34,34,22,22,22,22,30,65,37,65,65,75,75,75,72,66,66,75,75,53,53,55,55,57,57,56,75,75,75,75,75,71,71,71,71,71,71,71,71,71,71,71,71],"gold":465,"neow_bonus":"","is_prod":false,"is_daily":true,"chose_seed":false,"campfire_upgraded":2,"win_rate":0,"timestamp":1536649000,"path_taken":["M","?","?","M","?","E","R","E","T","E","M","E","R","E","R","BOSS","M","?","?","?","M","E","?","E","T","E","?","M","$","E","R","BOSS","M","?","$","?","?","R","E","M","T","E","R","E","?","?","R","BOSS"],"build_version":"2018-09-06","purchased_purges":0,"victory":true,"max_hp_per_floor":[70,70,70,70,70,70,70,70,70,70,70,70,70,70,65,65,65,65,75,75,75,75,75,75,75,75,75,75,75,75,75,75,75,75,75,75,75,75,71,71,71,71,71,71,71,71,71,71,71,71],"card_choices":[{"not_picked":["Dagger Spray","Prepared"],"picked":"Blade Dance","floor":1},{"not_picked":["Deadly Poison","Bane"],"picked":"Poisoned Stab","floor":4},{"not_picked":["Wraith Form v2","Venomology"],"picked":"Storm of Steel","floor":6},{"not_picked":["Night Terror","Envenom","After Image"],"picked":"Corpse Explosion","floor":8},{"not_picked":["Wraith Form v2","Corpse Explosion","Phantasmal Killer"],"picked":"Bullet Time","floor":10},{"not_picked":["Deflect","PiercingWail","Dagger Spray"],"picked":"Infinite Blades","floor":11},{"not_picked":["Glass Knife","Phantasmal Killer","Bullet Time"],"picked":"Malaise","floor":12},{"not_picked":["After Image","Doppelganger","Tools of the Trade"],"picked":"Adrenaline","floor":14},{"not_picked":["After Image","Tools of the Trade","Phantasmal Killer"],"picked":"Die Die Die","floor":16},{"not_picked":["Prepared","Skewer+1","Blade Dance+1"],"picked":"Cloak And Dagger+1","floor":18},{"not_picked":["Acrobatics","Underhanded Strike+1","Sucker Punch"],"picked":"Leg Sweep","floor":21},{"not_picked":["Storm of Steel","Finisher","Underhanded Strike"],"picked":"Poisoned Stab+1","floor":22},{"not_picked":["Wraith Form v2","Unload","Bullet Time"],"picked":"Tools of the Trade","floor":23},{"not_picked":["Envenom","Doppelganger","Wraith Form v2"],"picked":"Glass Knife","floor":25},{"not_picked":["A Thousand Cuts","Grand Finale","Envenom"],"picked":"Adrenaline","floor":27},{"not_picked":["Cloak And Dagger","Backflip","Terror+1"],"picked":"Backstab+1","floor":29},{"not_picked":["Tools of the Trade","Phantasmal Killer","Corpse Explosion"],"picked":"Die Die Die","floor":31},{"not_picked":["Grand Finale","Night Terror","Storm of Steel"],"picked":"Die Die Die","floor":33},{"not_picked":["Dodge and Roll+1","All Out Attack","Outmaneuver"],"picked":"Deflect+1","floor":35},{"not_picked":["Corpse Explosion","Grand Finale","Unload","Storm of Steel"],"picked":"SKIP","floor":41},{"not_picked":["Predator","Cloak And Dagger","Blade Dance","Quick Slash"],"picked":"SKIP","floor":42},{"not_picked":["Doppelganger","Wraith Form v2","Unload"],"picked":"After Image","floor":44},{"not_picked":["Wraith Form v2","Grand Finale","Bullet Time"],"picked":"Tools of the Trade","floor":46},{"not_picked":["PiercingWail","Terror","Skewer+1"],"picked":"Slice+1","floor":48}],"player_experience":119500,"relics_obtained":[{"floor":6,"key":"Question Card"},{"floor":8,"key":"Anchor"},{"floor":9,"key":"Pantograph"},{"floor":10,"key":"Lantern"},{"floor":12,"key":"Blood Vial"},{"floor":14,"key":"Ninja Scroll"},{"floor":23,"key":"Letter Opener"},{"floor":25,"key":"War Paint"},{"floor":26,"key":"Juzu Bracelet"},{"floor":27,"key":"Peace Pipe"},{"floor":31,"key":"Tingsha"},{"floor":38,"key":"Happy Flower"},{"floor":38,"key":"Dodecahedron"},{"floor":41,"key":"Blue Candle"},{"floor":43,"key":"Oddly Smooth Stone"},{"floor":43,"key":"Potion Belt"},{"floor":44,"key":"Gremlin Horn"},{"floor":46,"key":"Unceasing Top"},{"floor":47,"key":"Old Coin"},{"floor":48,"key":"Incense Burner"}],"event_choices":[{"event_name":"Golden Wing","player_choice":"Card Removal","floor":2,"damage_taken":0},{"event_name":"The Lab","player_choice":"Got Potions","floor":3,"damage_taken":0},{"event_name":"Shining Light","player_choice":"Entered Light","floor":5,"damage_taken":0},{"event_name":"Bonfire Elementals","player_choice":"RARE","floor":19,"damage_taken":0},{"event_name":"The Mausoleum","player_choice":"Yes","floor":20,"damage_taken":0},{"event_name":"Duplicator","player_choice":"One dupe","floor":24,"damage_taken":0},{"event_name":"Addict","player_choice":"Obtained Relic","floor":28,"damage_taken":0},{"event_name":"Tomb of Lord Red Mask","player_choice":"Ignored","floor":36,"damage_taken":0},{"event_name":"Winding Halls","player_choice":"Max HP","floor":39,"damage_taken":0},{"event_name":"MindBloom","player_choice":"Fight","floor":47,"damage_taken":0},{"event_name":"Mysterious Sphere","player_choice":"Fight","floor":48,"damage_taken":0}],"is_beta":true,"boss_relics":[{"not_picked":["HoveringKite","Runic Pyramid"],"picked":"Fusion Hammer"},{"not_picked":["Empty Cage","Calling Bell"],"picked":"Pandora\u0027s Box"}],"items_purged_floors":[],"is_endless":false,"potions_floor_spawned":[1,4,6,8,10,11,12,14,16,18,21,22,23,25,27,29,31,33,35,41,42,44,46,47,48],"ascension_level":0}