{"gold_per_floor":[118,131,131,96,107,107,141,316,316,316,342,358,392,79,79,178,178,188,207,207,30,41,41,51,51,81,98,111,111,146,162,162,267,267,285,93,113,131,149,181,192,192,215,247,259,287,49,81,81,81],"floor_reached":51,"playtime":6898,"items_purged":[],"score":909,"play_id":"46bccd5a-f8c8-4c3a-8107-4b6bb1dfe8ba","local_time":"20190127044124","is_ascension_mode":true,"campfire_choices":[{"data":"Backflip","floor":6.0,"key":"SMITH"},{"data":"Glass Knife","floor":15.0,"key":"SMITH"},{"floor":23.0,"key":"REST"},{"data":"Footwork","floor":29.0,"key":"SMITH"},{"data":"Well Laid Plans","floor":32.0,"key":"SMITH"},{"data":"Backflip","floor":42.0,"key":"SMITH"},{"floor":49.0,"key":"REST"}],"neow_cost":"NONE","seed_source_timestamp":215646491780819,"circlet_count":0,"master_deck":["Defend_G","Defend_G","Defend_G","Defend_G","Defend_G","Survivor","Neutralize+1","Well Laid Plans+1","Flying Knee+1","Backflip+1","Glass Knife+1","Backflip+1","Slice+1","PiercingWail","Burst+1","Flying Knee+1","Tactician+1","RitualDagger+1","Footwork+1","Prepared+1","Skewer+1","Bite+1","Bite+1","Bite+1","Bite+1","Bite+1","PiercingWail+1","Predator+1","Backstab+1","Dodge and Roll+1","Venomology+1","Deflect+1","Slice+1","Deflect+1","Doppelganger+1","Dash+1"],"special_seed":0,"relics":["Ring of the Serpent","Tingsha","Molten Egg 2","Odd Mushroom","Pear","Toxic Egg 2","Regal Pillow","Tiny Chest","Meat on the Bone","Cursed Key","Sling","Ninja Scroll","MawBank","Shuriken","Bottled Lightning"],"potions_floor_usage":[50],"damage_taken":[{"damage":1.0,"enemies":"Small Slimes","floor":1.0,"turns":4.0},{"damage":0.0,"enemies":"Jaw Worm","floor":2.0,"turns":4.0},{"damage":1.0,"enemies":"2 Louse","floor":5.0,"turns":3.0},{"damage":13.0,"enemies":"Lagavulin","floor":7.0,"turns":10.0},{"damage":1.0,"enemies":"The Mushroom Lair","floor":11.0,"turns":4.0},{"damage":0.0,"enemies":"Blue Slaver","floor":12.0,"turns":4.0},{"damage":0.0,"enemies":"3 Sentries","floor":13.0,"turns":8.0},{"damage":33.0,"enemies":"The Guardian","floor":16.0,"turns":14.0},{"damage":14.0,"enemies":"Spheric Guardian","floor":18.0,"turns":4.0},{"damage":8.0,"enemies":"Shell Parasite","floor":19.0,"turns":4.0},{"damage":23.0,"enemies":"Snake Plant","floor":22.0,"turns":5.0},{"damage":43.0,"enemies":"3 Cultists","floor":24.0,"turns":7.0},{"damage":6.0,"enemies":"Centurion and Healer","floor":27.0,"turns":7.0},{"damage":23.0,"enemies":"Cultist and Chosen","floor":28.0,"turns":7.0},{"damage":22.0,"enemies":"Slavers","floor":30.0,"turns":6.0},{"damage":3.0,"enemies":"Snake Plant","floor":31.0,"turns":6.0},{"damage":84.0,"enemies":"Champ","floor":33.0,"turns":23.0},{"damage":9.0,"enemies":"3 Shapes","floor":35.0,"turns":4.0},{"damage":18.0,"enemies":"3 Darklings","floor":37.0,"turns":8.0},{"damage":0.0,"enemies":"Sphere and 2 Shapes","floor":38.0,"turns":5.0},{"damage":14.0,"enemies":"Transient","floor":39.0,"turns":5.0},{"damage":56.0,"enemies":"Giant Head","floor":40.0,"turns":10.0},{"damage":3.0,"enemies":"4 Shapes","floor":41.0,"turns":6.0},{"damage":19.0,"enemies":"3 Darklings","floor":44.0,"turns":6.0},{"damage":27.0,"enemies":"Transient","floor":46.0,"turns":5.0},{"damage":10.0,"enemies":"Nemesis","floor":48.0,"turns":5.0},{"damage":76,"enemies":"Donu and Deca","floor":50,"turns":11}],"seed_played":"1751523732467687550","potions_obtained":[{"floor":1.0,"key":"GhostInAJar"},{"floor":11.0,"key":"AttackPotion"},{"floor":12.0,"key":"AttackPotion"},{"floor":13.0,"key":"Fruit Juice"},{"floor":18.0,"key":"Strength Potion"},{"floor":22.0,"key":"Dexterity Potion"},{"floor":28.0,"key":"GhostInAJar"},{"floor":31.0,"key":"Block Potion"},{"floor":37.0,"key":"Poison Potion"},{"floor":39.0,"key":"Dexterity Potion"},{"floor":40.0,"key":"SpeedPotion"},{"floor":41.0,"key":"Dexterity Potion"}],"is_trial":false,"path_per_floor":["M","M","?","?","M","R","E","?","T","?","?","M","E","$","R","B",null,"M","M","?","$","M","R","M","?","T","M","M","R","E","M","R","B",null,"M","$","M","M","M","E","M","R","T","M","?","M","$","E","R","B",null],"character_chosen":"THE_SILENT","items_purchased":["Toxic Egg 2","FearPotion","Footwork","Regal Pillow","Sling","Shuriken"],"campfire_rested":2,"item_purchase_floors":[14,14,21,21,36,47],"current_hp_per_floor":[69,69,55,70,69,69,56,56,56,70,69,69,79,79,79,51,85,71,63,57,57,34,74,31,31,31,49,44,44,43,52,52,28,59,56,56,59,59,55,38,47,47,47,43,43,34,34,36,59,28],"gold":81,"neow_bonus":"UPGRADE_CARD","is_prod":false,"is_daily":false,"chose_seed":false,"campfire_upgraded":5,"win_rate":0,"timestamp":1548560484,"path_taken":["M","M","?","?","M","R","E","?","T","?","?","M","E","$","R","BOSS","M","M","?","$","M","R","M","?","T","M","M","R","E","M","R","BOSS","M","$","M","M","M","E","M","R","T","M","?","?","$","E","R","BOSS"],"build_version":"2019-01-23","purchased_purges":0,"victory":true,"max_hp_per_floor":[70,70,70,70,70,70,70,70,70,70,70,70,80,80,80,85,85,85,85,85,85,85,85,85,59,59,59,59,59,59,59,59,59,59,59,59,59,59,59,59,59,59,59,59,59,59,59,59,59,59],"card_choices":[{"not_picked":["Tactician","All Out Attack"],"picked":"Well Laid Plans","floor":1.0},{"not_picked":["Sucker Punch","Reflex"],"picked":"Flying Knee","floor":2.0},{"not_picked":["Eviscerate","Bane"],"picked":"Backflip","floor":5.0},{"not_picked":["Poisoned Stab","Eviscerate"],"picked":"Glass Knife","floor":7.0},{"not_picked":["Dodge and Roll","Concentrate"],"picked":"Backflip","floor":11.0},{"not_picked":["Deadly Poison","Bane+1"],"picked":"Slice+1","floor":12.0},{"not_picked":["Poisoned Stab+1","Calculated Gamble"],"picked":"PiercingWail","floor":13.0},{"not_picked":["Storm of Steel+1","Unload+1"],"picked":"Burst+1","floor":16.0},{"not_picked":["Poisoned Stab+1","Outmaneuver+1"],"picked":"Flying Knee+1","floor":18.0},{"not_picked":["Outmaneuver+1","Masterful Stab+1"],"picked":"Tactician+1","floor":19.0},{"not_picked":["Blade Dance+1","Backflip+1"],"picked":"Prepared+1","floor":22.0},{"not_picked":["Sucker Punch+1","Bouncing Flask+1"],"picked":"Skewer+1","floor":24.0},{"not_picked":["Blade Dance+1","Dodge and Roll+1"],"picked":"PiercingWail+1","floor":27.0},{"not_picked":["Crippling Poison+1","Unload+1"],"picked":"Predator+1","floor":28.0},{"not_picked":["Tools of the Trade","Prepared+1"],"picked":"Backstab+1","floor":30.0},{"not_picked":["Underhanded Strike+1","Dagger Spray+1"],"picked":"Dodge and Roll+1","floor":31.0},{"not_picked":["Envenom","Corpse Explosion+1"],"picked":"Venomology+1","floor":33.0},{"not_picked":["Bane+1","Cloak And Dagger+1"],"picked":"Deflect+1","floor":35.0},{"not_picked":["Blade Dance+1","Backstab+1","Dodge and Roll+1"],"picked":"SKIP","floor":37.0},{"not_picked":["Dagger Spray+1","Dagger Throw+1"],"picked":"Slice+1","floor":38.0},{"not_picked":["Well Laid Plans+1","Masterful Stab+1"],"picked":"Deflect+1","floor":39.0},{"not_picked":["Dagger Throw+1","Bane+1"],"picked":"Doppelganger+1","floor":40.0},{"not_picked":["Deflect+1","Outmaneuver+1","Blade Dance+1"],"picked":"SKIP","floor":41.0},{"not_picked":["Deflect+1","Outmaneuver+1","Blade Dance+1"],"picked":"SKIP","floor":41.0},{"not_picked":["Deflect+1","Outmaneuver+1","Blade Dance+1"],"picked":"SKIP","floor":41.0},{"not_picked":["Deadly Poison+1","Bane+1","Acrobatics+1"],"picked":"SKIP","floor":44.0},{"not_picked":["Prepared+1","Tactician+1"],"picked":"Dash+1","floor":46.0},{"not_picked":["PiercingWail+1","Bane+1","Masterful Stab+1"],"picked":"SKIP","floor":48.0}],"player_experience":393964,"relics_obtained":[{"floor":7.0,"key":"Tingsha"},{"floor":9.0,"key":"Molten Egg 2"},{"floor":11.0,"key":"Odd Mushroom"},{"floor":13.0,"key":"Pear"},{"floor":26.0,"key":"Tiny Chest"},{"floor":30.0,"key":"Meat on the Bone"},{"floor":40.0,"key":"Ninja Scroll"},{"floor":43.0,"key":"MawBank"},{"floor":48.0,"key":"Bottled Lightning"}],"event_choices":[{"damage_healed":0.0,"max_hp_gain":0.0,"max_hp_loss":0.0,"gold_gain":0.0,"event_name":"Shining Light","player_choice":"Entered Light","floor":3.0,"gold_loss":0.0,"damage_taken":14.0,"cards_upgraded":["Flying Knee","Strike_G"]},{"damage_healed":17.0,"max_hp_gain":0.0,"max_hp_loss":0.0,"gold_gain":0.0,"event_name":"The Cleric","player_choice":"Healed","floor":4.0,"gold_loss":35.0,"damage_taken":0.0},{"damage_healed":0.0,"max_hp_gain":0.0,"max_hp_loss":0.0,"gold_gain":175.0,"event_name":"Liars Game","player_choice":"AGREE","floor":8.0,"gold_loss":0.0,"damage_taken":0.0,"cards_obtained":["Doubt"]},{"damage_healed":23.0,"max_hp_gain":0.0,"max_hp_loss":0.0,"gold_gain":0.0,"event_name":"Big Fish","player_choice":"Banana","floor":10.0,"gold_loss":0.0,"damage_taken":0.0},{"damage_healed":0.0,"max_hp_gain":0.0,"max_hp_loss":0.0,"gold_gain":0.0,"event_name":"Mushrooms","player_choice":"Fought Mushrooms","floor":11.0,"gold_loss":0.0,"damage_taken":0.0},{"damage_healed":0.0,"max_hp_gain":0.0,"max_hp_loss":0.0,"gold_gain":0.0,"event_name":"Nest","player_choice":"Joined the Cult","floor":20.0,"gold_loss":0.0,"damage_taken":6.0,"cards_obtained":["RitualDagger"]},{"damage_healed":0.0,"max_hp_gain":0.0,"max_hp_loss":26.0,"gold_gain":0.0,"event_name":"Vampires","player_choice":"Became a vampire","floor":25.0,"gold_loss":0.0,"damage_taken":0.0,"cards_obtained":["Bite","Bite","Bite","Bite","Bite"]},{"cards_removed":["Normality","Doubt"],"damage_healed":0.0,"max_hp_gain":0.0,"max_hp_loss":0.0,"gold_gain":0.0,"event_name":"Fountain of Cleansing","player_choice":"Removed Curses","floor":45.0,"gold_loss":0.0,"damage_taken":0.0}],"is_beta":false,"boss_relics":[{"not_picked":["Busted Crown","Eternal Feather"],"picked":"Ring of the Serpent"},{"not_picked":["WristBlade","Lizard Tail"],"picked":"Cursed Key"}],"items_purged_floors":[],"is_endless":false,"potions_floor_spawned":[1,11,12,13,18,22,28,31,37,39,40,41],"ascension_level":4}