{"gold_per_floor":[116,116,131,131,143,173,173,192,192,211,211,236,236,251,251,347,347,361,361,373,373,387,405,405,436,491,491,491,491,491,503,503,503],"floor_reached":33,"playtime":2031,"items_purged":[],"score":316,"play_id":"403a9203-226d-44f6-af12-8947566cb305","local_time":"20181203005250","is_ascension_mode":true,"campfire_choices":[{"floor":7,"key":"RECALL"},{"floor":11,"key":"REST"},{"data":"Barricade","floor":13,"key":"SMITH"},{"data":"Flame Barrier","floor":15,"key":"SMITH"},{"floor":24,"key":"REST"},{"data":"Immolate","floor":27,"key":"SMITH"},{"data":"Metallicize","floor":30,"key":"SMITH"},{"data":"Bite","floor":32,"key":"SMITH"}],"neow_cost":"TEN_PERCENT_HP_LOSS","seed_source_timestamp":749957800147626,"circlet_count":0,"master_deck":["Defend_R","Defend_R","Defend_R","Defend_R","Bash","Anger","Battle Trance","Flame Barrier+1","Seeing Red","Iron Wave","Barricade+1","Shrug It Off","Immolate+1","Sword Boomerang+1","RitualDagger","Pommel Strike","Shrug It Off+1","Metallicize+1","Evolve","Bite+1","Bite","Bite","Bite","Bite","Reckless Charge+1"],"relics":["Burning Blood","Ice Cream","Boot","Mercury Hourglass","PreservedInsect","Oddly Smooth Stone","Eternal Feather","Omamori","Matryoshka"],"potions_floor_usage":[23,33,33,33],"damage_taken":[{"damage":6,"enemies":"2 Louse","floor":1,"turns":3},{"damage":18,"enemies":"Cultist","floor":3,"turns":6},{"damage":11,"enemies":"Jaw Worm","floor":5,"turns":3},{"damage":38,"enemies":"Gremlin Nob","floor":6,"turns":5},{"damage":5,"enemies":"Looter","floor":8,"turns":3},{"damage":2,"enemies":"Blue Slaver","floor":10,"turns":4},{"damage":9,"enemies":"3 Sentries","floor":12,"turns":5},{"damage":9,"enemies":"2 Fungi Beasts","floor":14,"turns":2},{"damage":26,"enemies":"The Guardian","floor":16,"turns":14},{"damage":11,"enemies":"3 Byrds","floor":18,"turns":4},{"damage":9,"enemies":"Chosen","floor":20,"turns":6},{"damage":54,"enemies":"Centurion and Healer","floor":22,"turns":6},{"damage":3,"enemies":"Snake Plant","floor":23,"turns":5},{"damage":21,"enemies":"Book of Stabbing","floor":25,"turns":6},{"damage":0,"enemies":"Cultist and Chosen","floor":31,"turns":5},{"damage":73,"enemies":"Champ","floor":33,"turns":13}],"seed_played":"-6109030680765689364","potions_obtained":[{"floor":5,"key":"Explosive Potion"},{"floor":8,"key":"SpeedPotion"},{"floor":10,"key":"Strength Potion"},{"floor":22,"key":"Regen Potion"},{"floor":23,"key":"SpeedPotion"},{"floor":31,"key":"Poison Potion"}],"is_trial":false,"path_per_floor":["M","?","M","?","M","E","R","M","T","M","R","E","R","M","R","B",null,"M","?","M","?","M","M","R","E","T","R","?","?","R","M","R","B"],"character_chosen":"IRONCLAD","items_purchased":[],"campfire_rested":2,"item_purchase_floors":[],"current_hp_per_floor":[72,69,57,72,67,35,35,36,36,40,61,58,58,55,55,35,72,67,61,58,58,10,27,60,45,45,57,57,50,50,50,50,0],"gold":503,"neow_bonus":"ONE_RARE_RELIC","is_prod":false,"is_daily":false,"chose_seed":false,"campfire_upgraded":5,"win_rate":0,"timestamp":1543816370,"path_taken":["M","?","M","?","M","E","R","M","T","M","R","E","R","M","R","BOSS","M","?","M","?","M","?","R","E","T","R","?","?","R","M","R","BOSS"],"build_version":"2018-11-15","purchased_purges":0,"victory":false,"max_hp_per_floor":[72,72,72,72,72,72,72,72,72,72,72,72,72,72,72,72,72,72,72,72,72,72,72,72,72,72,72,72,50,50,50,50,50],"card_choices":[{"not_picked":["Clash","Anger"],"picked":"Power Through","floor":1},{"not_picked":["Headbutt","Reckless Charge"],"picked":"Anger","floor":3},{"not_picked":["Headbutt","Clothesline"],"picked":"Battle Trance","floor":5},{"not_picked":["Perfected Strike","Reckless Charge"],"picked":"Flame Barrier","floor":6},{"not_picked":["Combust","Heavy Blade"],"picked":"Seeing Red","floor":8},{"not_picked":["Clash","Inflame"],"picked":"Iron Wave","floor":10},{"not_picked":["Whirlwind","Dropkick"],"picked":"Barricade","floor":12},{"not_picked":["Burning Pact","True Grit"],"picked":"Shrug It Off","floor":14},{"not_picked":["Double Tap","Limit Break"],"picked":"Immolate","floor":16},{"not_picked":["Entrench","Headbutt+1"],"picked":"Sword Boomerang+1","floor":18},{"not_picked":["Clash","Whirlwind"],"picked":"Pommel Strike","floor":20},{"not_picked":["Sword Boomerang","Brutality"],"picked":"Shrug It Off+1","floor":22},{"not_picked":["Headbutt+1","Thunderclap"],"picked":"Metallicize","floor":23},{"not_picked":["Bloodletting+1","Heavy Blade"],"picked":"Evolve","floor":25},{"not_picked":["Spot Weakness","Iron Wave"],"picked":"Reckless Charge+1","floor":31}],"player_experience":137473,"relics_obtained":[{"floor":6,"key":"Mercury Hourglass"},{"floor":9,"key":"PreservedInsect"},{"floor":12,"key":"Oddly Smooth Stone"},{"floor":25,"key":"Omamori"}],"event_choices":[{"damage_healed":0,"gold_gain":0,"player_choice":"Success","damage_taken":3,"relics_obtained":["Boot"],"max_hp_gain":0,"max_hp_loss":0,"event_name":"Scrap Ooze","floor":2,"gold_loss":0},{"cards_removed":["Power Through"],"damage_healed":15,"gold_gain":0,"player_choice":"Offered Uncommon","damage_taken":0,"max_hp_gain":0,"max_hp_loss":0,"event_name":"Bonfire Elementals","floor":4,"gold_loss":0},{"damage_healed":0,"gold_gain":0,"player_choice":"Joined the Cult","damage_taken":6,"max_hp_gain":0,"max_hp_loss":0,"event_name":"Nest","floor":19,"gold_loss":0,"cards_obtained":["RitualDagger"]},{"damage_healed":0,"gold_gain":0,"player_choice":"Ignored","damage_taken":0,"max_hp_gain":0,"max_hp_loss":0,"event_name":"Beggar","floor":21,"gold_loss":0},{"damage_healed":0,"gold_gain":0,"player_choice":"Opened","damage_taken":0,"relics_obtained":["Matryoshka"],"max_hp_gain":0,"max_hp_loss":0,"event_name":"The Mausoleum","floor":28,"gold_loss":0,"cards_obtained":["Writhe"]},{"damage_healed":0,"gold_gain":0,"player_choice":"Became a vampire","damage_taken":0,"max_hp_gain":0,"max_hp_loss":22,"event_name":"Vampires","floor":29,"gold_loss":0,"cards_obtained":["Bite","Bite","Bite","Bite","Bite"]}],"is_beta":false,"boss_relics":[{"not_picked":["Coffee Dripper","White Beast Statue"],"picked":"Eternal Feather"}],"items_purged_floors":[],"is_endless":false,"potions_floor_spawned":[5,8,10,16,22,23,31],"killed_by":"Champ","ascension_level":1}