{"gold_per_floor":[117,72,72,91,104,104,122,122,122,122,138,158,176,176,176,274,274],"floor_reached":17,"playtime":808,"items_purged":[],"score":149,"play_id":"e43f49a2-c583-4f39-955e-5147b04b673f","local_time":"20180921105559","is_ascension_mode":false,"campfire_choices":[{"data":"Flame Barrier","floor":6,"key":"SMITH"},{"data":"Thunderclap","floor":8,"key":"SMITH"},{"data":"Bash","floor":10,"key":"SMITH"},{"data":"Shrug It Off","floor":15,"key":"SMITH"}],"neow_cost":"","seed_source_timestamp":428981134609266,"circlet_count":0,"master_deck":["Strike_R","Strike_R","Strike_R","Strike_R","Strike_R","Defend_R","Defend_R","Defend_R","Defend_R","Bash+1","Flame Barrier+1","Pommel Strike+1","Entrench","Thunderclap+1","Shrug It Off+1","Fiend Fire"],"relics":["Burning Blood","Matryoshka","Black Star"],"potions_floor_usage":[16],"damage_taken":[{"damage":1,"enemies":"2 Louse","floor":1,"turns":3},{"damage":1,"enemies":"Cultist","floor":4,"turns":4},{"damage":11,"enemies":"Small Slimes","floor":5,"turns":3},{"damage":0,"enemies":"Exordium Wildlife","floor":7,"turns":3},{"damage":4,"enemies":"Blue Slaver","floor":11,"turns":5},{"damage":14,"enemies":"Gremlin Gang","floor":12,"turns":7},{"damage":7,"enemies":"Looter","floor":13,"turns":3},{"damage":50,"enemies":"The Guardian","floor":16,"turns":14}],"seed_played":"3530580742110938483","potions_obtained":[{"floor":1,"key":"Swift Potion"},{"floor":4,"key":"EssenceOfSteel"},{"floor":5,"key":"Block Potion"}],"is_trial":false,"path_per_floor":["M","$","?","M","M","R","M","R","T","R","M","M","M","?","R","B"],"character_chosen":"IRONCLAD","items_purchased":["Pommel Strike"],"campfire_rested":0,"item_purchase_floors":[2],"current_hp_per_floor":[80,80,80,80,75,75,80,80,80,80,80,72,71,71,71,27,80],"gold":274,"neow_bonus":"","is_prod":false,"is_daily":false,"chose_seed":false,"campfire_upgraded":4,"win_rate":0.0,"timestamp":1537545359,"path_taken":["M","$","?","M","M","R","M","R","T","R","M","M","?","?","R","BOSS"],"build_version":"2018-09-20","purchased_purges":0,"victory":false,"max_hp_per_floor":[80,80,80,80,80,80,80,80,80,80,80,80,80,80,80,80,80],"card_choices":[{"not_picked":["Shockwave","Carnage"],"picked":"Flame Barrier","floor":1},{"not_picked":["Intimidate","Inflame"],"picked":"Entrench","floor":4},{"not_picked":["Rampage","Havoc"],"picked":"Thunderclap","floor":5},{"not_picked":["Ghostly Armor","Flex","Metallicize"],"picked":"SKIP","floor":7},{"not_picked":["Perfected Strike","Flex","Ghostly Armor"],"picked":"SKIP","floor":11},{"not_picked":["Wild Strike","Burning Pact"],"picked":"Shrug It Off","floor":12},{"not_picked":["Rupture","Power Through","Inflame"],"picked":"SKIP","floor":13},{"not_picked":["Reaper","Double Tap"],"picked":"Fiend Fire","floor":16}],"player_experience":65448,"relics_obtained":[{"floor":9,"key":"Matryoshka"}],"event_choices":[{"event_name":"Upgrade Shrine","player_choice":"Upgraded","floor":3,"damage_taken":0},{"event_name":"Liars Game","player_choice":"disagreed","floor":14,"damage_taken":0}],"is_beta":false,"boss_relics":[{"not_picked":["Mark of Pain","Astrolabe"],"picked":"Black Star"}],"items_purged_floors":[],"is_endless":false,"potions_floor_spawned":[1,4,5],"ascension_level":0}