{"path_per_floor":["M","M","M","M","M","E","R","M","T","?","R","?","$","?","R"],"character_chosen":"THE_SILENT","items_purchased":["Toxic Egg 2"],"gold_per_floor":[114,129,144,159,174,204,204,219,219,274,274,374,49,49,49],"floor_reached":16,"campfire_rested":2,"playtime":530,"current_hp_per_floor":[70,67,67,63,40,1,65,53,53,18,18,18,18,11,60],"items_purged":["Strike_G"],"gold":49,"score":102,"play_id":"6b6f331c-f49d-4225-802f-d5e2f6c10b66","local_time":"20180321122503","daily_mods":["Shiny","Uncertain Future","Night Terrors"],"is_prod":false,"is_daily":true,"is_ascension_mode":false,"campfire_upgraded":1,"timestamp":1521599103,"path_taken":["M","M","M","M","M","E","R","M","T","?","R","?","$","?","R","BOSS"],"build_version":"2018-03-15v3","purchased_purges":1,"victory":false,"master_deck":["Defend_G","Defend_G","Defend_G","Defend_G","Defend_G","Strike_G","Strike_G","Strike_G","Strike_G","Survivor","Neutralize","Grand Finale","Backflip","Night Terror","Noxious Fumes","Well Laid Plans+1","Bane"],"max_hp_per_floor":[70,70,70,70,70,70,65,65,65,65,65,65,65,65,60],"relics":["Ring of the Snake","Juzu Bracelet","Blue Candle","Happy Flower","Toxic Egg 2","Meat on the Bone"],"card_choices":[{"not_picked":["Dodge and Roll","Dagger Spray"],"picked":"Backflip"},{"not_picked":["Accuracy","Bane"],"picked":"Night Terror"},{"not_picked":["Underhanded Strike","Slice"],"picked":"Noxious Fumes"},{"not_picked":["Sucker Punch","Dodge and Roll"],"picked":"Well Laid Plans"},{"not_picked":["Eviscerate","Dodge and Roll"],"picked":"Bane"}],"player_experience":268719,"potions_floor_usage":[6,6,10],"damage_taken":[{"damage":0,"enemies":"Small Slimes","floor":1,"turns":3},{"damage":3,"enemies":"Jaw Worm","floor":2,"turns":2},{"damage":0,"enemies":"2 Louse","floor":3,"turns":2},{"damage":4,"enemies":"Gremlin Gang","floor":4,"turns":2},{"damage":23,"enemies":"Exordium Thugs","floor":5,"turns":7},{"damage":39,"enemies":"Gremlin Nob","floor":6,"turns":5},{"damage":12,"enemies":"2 Fungi Beasts","floor":8,"turns":5},{"damage":35,"enemies":"Lagavulin Event","floor":10,"turns":8},{"damage":80,"enemies":"The Guardian","floor":16,"turns":8}],"event_choices":[{"event_name":"Dead Adventurer","player_choice":"Searched \u00272\u0027 times","floor":10,"damage_taken":0},{"event_name":"Golden Shrine","player_choice":"Pray","floor":12,"damage_taken":0},{"event_name":"Scrap Ooze","player_choice":"success","floor":14,"damage_taken":7}],"boss_relics":[],"potions_floor_spawned":[2,4,8,10],"seed_played":"-5866523525083390548","killed_by":"The Guardian","ascension_level":0,"is_trial":false}