{"gold_per_floor":[119,11,11,11,26,26,37,52,52,6,6,6,18,32,32,32],"floor_reached":16,"playtime":394,"items_purged":["Strike_B"],"score":110,"play_id":"ff07f7ce-09d0-41bd-89a1-1e09c565b40a","local_time":"20190117120024","is_ascension_mode":true,"campfire_choices":[{"data":"Zap","floor":6,"key":"SMITH"},{"data":"Dualcast","floor":11,"key":"SMITH"},{"floor":15,"key":"REST"}],"neow_cost":"NONE","seed_source_timestamp":11238842044487,"circlet_count":0,"master_deck":["Strike_B","Strike_B","Strike_B","Defend_B","Defend_B","Defend_B","Defend_B","Zap+1","Dualcast+1","Heatsinks","Decay","Beam Cell+1","Leap","Echo Form","Beam Cell+1","Doom and Gloom+1"],"relics":["Black Star","Molten Egg 2"],"potions_floor_usage":[8,13,16,16,16],"damage_taken":[{"damage":2,"enemies":"Jaw Worm","floor":1,"turns":3},{"damage":7,"enemies":"2 Louse","floor":5,"turns":2},{"damage":1,"enemies":"Cultist","floor":7,"turns":3},{"damage":4,"enemies":"2 Fungi Beasts","floor":8,"turns":4},{"damage":37,"enemies":"Gremlin Gang","floor":13,"turns":4},{"damage":18,"enemies":"Blue Slaver","floor":14,"turns":3},{"damage":27,"enemies":"Hexaghost","floor":16,"turns":9}],"seed_played":"6320698720163173837","potions_obtained":[{"floor":5,"key":"Poison Potion"},{"floor":12,"key":"LiquidBronze"},{"floor":12,"key":"EssenceOfSteel"},{"floor":12,"key":"FocusPotion"},{"floor":13,"key":"Dexterity Potion"}],"is_trial":false,"path_per_floor":["M","$","?","?","M","R","M","M","T","$","R","?","M","M","R","B"],"character_chosen":"DEFECT","items_purchased":["Heatsinks","Beam Cell+1"],"campfire_rested":1,"item_purchase_floors":[2,10],"current_hp_per_floor":[73,73,70,70,63,63,62,58,58,58,58,58,21,3,25,0],"gold":32,"neow_bonus":"BOSS_RELIC","is_prod":false,"is_daily":false,"chose_seed":false,"campfire_upgraded":2,"win_rate":0,"timestamp":1547722824,"path_taken":["M","$","?","?","M","R","?","M","T","$","R","?","M","?","R","BOSS"],"build_version":"2019-01-16","purchased_purges":1,"victory":false,"max_hp_per_floor":[75,75,75,75,75,75,75,75,75,75,75,75,75,75,75,75],"card_choices":[{"not_picked":["Stack","Sweeping Beam","Static Discharge"],"picked":"SKIP","floor":1},{"not_picked":["Force Field","Go for the Eyes+1"],"picked":"Beam Cell+1","floor":5},{"not_picked":["Aggregate","Redo"],"picked":"Leap","floor":7},{"not_picked":["Hologram","Scrape+1"],"picked":"Echo Form","floor":8},{"not_picked":["Darkness","Streamline+1"],"picked":"Doom and Gloom+1","floor":13},{"not_picked":["Barrage+1","Recycle","Streamline+1"],"picked":"SKIP","floor":14}],"player_experience":189776,"relics_obtained":[],"event_choices":[{"damage_healed":0,"gold_gain":0,"player_choice":"Success","damage_taken":3,"relics_obtained":["Molten Egg 2"],"max_hp_gain":0,"max_hp_loss":0,"event_name":"Scrap Ooze","floor":3,"gold_loss":0},{"damage_healed":0,"gold_gain":0,"player_choice":"Cursed","damage_taken":0,"max_hp_gain":0,"max_hp_loss":0,"event_name":"Wheel of Change","floor":4,"gold_loss":0,"cards_obtained":["Decay"]},{"damage_healed":0,"gold_gain":0,"player_choice":"Got Potions","damage_taken":0,"max_hp_gain":0,"max_hp_loss":0,"event_name":"Lab","floor":12,"gold_loss":0}],"is_beta":true,"boss_relics":[],"items_purged_floors":[2],"is_endless":false,"potions_floor_spawned":[5,13],"killed_by":"Hexaghost","ascension_level":4}