{"gold_per_floor":[114,129,129,144,219,219,234,264,264,264,234],"floor_reached":11,"playtime":549,"items_purged":[],"score":73,"play_id":"d27bcf53-c6eb-4070-855a-4070177aa97a","local_time":"20190209235645","daily_mods":["Chimera","Uncertain Future","Binary"],"is_ascension_mode":false,"campfire_choices":[{"data":"Survivor","floor":6.0,"key":"SMITH"},{"data":"Steam","floor":10,"key":"SMITH"}],"neow_cost":"","seed_source_timestamp":1144207627186577,"circlet_count":0,"master_deck":["Survivor+1","Zap","Strike_R","Strike_G","Strike_B","Defend_R","Defend_G","Defend_B","Steam+1","Auto Shields"],"special_seed":17936,"relics":["Cracked Core","Omamori","The Courier"],"potions_floor_usage":[8],"damage_taken":[{"damage":0.0,"enemies":"Small Slimes","floor":1.0,"turns":3.0},{"damage":0.0,"enemies":"2 Louse","floor":2.0,"turns":4.0},{"damage":1.0,"enemies":"Cultist","floor":4.0,"turns":4.0},{"damage":4.0,"enemies":"2 Fungi Beasts","floor":7.0,"turns":5.0},{"damage":17,"enemies":"Gremlin Nob","floor":8,"turns":5},{"damage":5,"enemies":"Looter","floor":11,"turns":4}],"seed_played":"-7331181694979665872","potions_obtained":[{"floor":1.0,"key":"SneckoOil"},{"floor":2.0,"key":"Poison Potion"}],"is_trial":false,"path_per_floor":["M","M","?","M","?","R","M","E","T","R","M"],"character_chosen":"DEFECT","items_purchased":[],"campfire_rested":0,"item_purchase_floors":[],"current_hp_per_floor":[75,75,75,74,63,63,59,42,42,42,37],"gold":234,"neow_bonus":"","is_prod":false,"is_daily":true,"chose_seed":false,"campfire_upgraded":2,"win_rate":0,"timestamp":1549753005,"path_taken":["M","M","?","M","?","R","M","E","T","R","M"],"build_version":"2019-01-23","purchased_purges":0,"victory":false,"max_hp_per_floor":[75,75,75,75,75,75,75,75,75,75,75],"card_choices":[{"not_picked":["Melter","Gash"],"picked":"SKIP","floor":1.0},{"not_picked":["Hello World","Tempest"],"picked":"SKIP","floor":2.0},{"not_picked":["Streamline"],"picked":"Steam","floor":4.0},{"not_picked":["Coolheaded"],"picked":"Auto Shields","floor":7.0},{"not_picked":["Streamline","Scrape"],"picked":"SKIP","floor":8}],"player_experience":51395,"relics_obtained":[{"floor":8,"key":"Omamori"},{"floor":9,"key":"The Courier"}],"event_choices":[{"cards_removed":["Bash"],"damage_healed":0.0,"max_hp_gain":0.0,"max_hp_loss":0.0,"gold_gain":0.0,"event_name":"Living Wall","player_choice":"Forget","floor":3.0,"gold_loss":0.0,"damage_taken":0.0},{"damage_healed":0.0,"max_hp_gain":0.0,"max_hp_loss":0.0,"gold_gain":75.0,"event_name":"World of Goop","player_choice":"Gather Gold","floor":5.0,"gold_loss":0.0,"damage_taken":11.0}],"is_beta":false,"boss_relics":[],"items_purged_floors":[],"is_endless":false,"potions_floor_spawned":[1,2],"killed_by":"Looter","ascension_level":0}