{"gold_per_floor":[113,15,15,15,15,15,47,64,88,122,134,134,152,152,152,252,252,269,11,30,47,61,61,96,108,135,135],"floor_reached":27,"playtime":3368,"items_purged":[],"score":429,"play_id":"876908ca-f505-4695-81cc-16c7a2a62dda","local_time":"20190201122725","is_ascension_mode":true,"campfire_choices":[{"data":"Whirlwind","floor":6,"key":"SMITH"},{"data":"True Grit","floor":12,"key":"SMITH"},{"data":"Body Slam","floor":15,"key":"SMITH"},{"data":"Juggernaut","floor":23,"key":"SMITH"}],"neow_cost":"NONE","seed_source_timestamp":390821194884900,"circlet_count":0,"master_deck":["AscendersBane","Strike_R","Strike_R","Strike_R","Strike_R","Strike_R","Defend_R","Defend_R","Defend_R","Defend_R","Bash","Whirlwind+1","Body Slam+1","True Grit+1","Metallicize","Spot Weakness","Battle Trance","Juggernaut+1","Corruption","Demon Form"],"relics":["Burning Blood","NeowsBlessing","Bag of Marbles","Bag of Preparation","Art of War","Bottled Flame","Sozu","Shuriken","Darkstone Periapt","Orichalcum"],"potions_floor_usage":[10,10,20],"damage_taken":[{"damage":0,"enemies":"Cultist","floor":1,"turns":1},{"damage":0,"enemies":"Lagavulin","floor":7,"turns":1},{"damage":0,"enemies":"2 Louse","floor":8,"turns":1},{"damage":12,"enemies":"3 Sentries","floor":10,"turns":4},{"damage":0,"enemies":"Jaw Worm","floor":11,"turns":5},{"damage":0,"enemies":"Large Slime","floor":13,"turns":4},{"damage":31,"enemies":"The Guardian","floor":16,"turns":13},{"damage":10,"enemies":"Spheric Guardian","floor":18,"turns":4},{"damage":7,"enemies":"Chosen","floor":20,"turns":5},{"damage":23,"enemies":"Snake Plant","floor":21,"turns":4},{"damage":6,"enemies":"Centurion and Healer","floor":22,"turns":5},{"damage":52,"enemies":"Slavers","floor":24,"turns":5},{"damage":1,"enemies":"3 Cultists","floor":25,"turns":3},{"damage":15,"enemies":"Book of Stabbing","floor":27,"turns":2}],"seed_played":"3391956760270794479","potions_obtained":[{"floor":8,"key":"Weak Potion"},{"floor":16,"key":"SkillPotion"}],"is_trial":false,"path_per_floor":["M","$","?","$","$","R","E","M","T","E","M","R","M","?","R","B",null,"M","$","M","M","M","R","E","M","T","E"],"character_chosen":"IRONCLAD","items_purchased":["FearPotion","Body Slam","Shuriken"],"campfire_rested":0,"item_purchase_floors":[2,2,19],"current_hp_per_floor":[78,78,53,53,53,53,59,65,65,59,65,65,71,76,76,51,77,73,73,72,55,55,55,9,14,14,0],"gold":135,"neow_bonus":"THREE_ENEMY_KILL","is_prod":false,"is_daily":false,"chose_seed":false,"campfire_upgraded":4,"win_rate":0,"timestamp":1549020445,"path_taken":["M","?","?","?","$","R","E","M","T","E","M","R","M","?","R","BOSS","M","$","M","M","M","R","E","M","T","E"],"build_version":"2019-01-23","purchased_purges":0,"victory":false,"max_hp_per_floor":[80,80,80,80,80,80,80,80,80,80,80,80,80,85,85,85,85,85,85,85,85,85,85,85,85,85,85],"card_choices":[{"not_picked":["Clash","Uppercut"],"picked":"Whirlwind","floor":1},{"not_picked":["Warcry","Wild Strike"],"picked":"True Grit","floor":7},{"not_picked":["Pommel Strike","Body Slam"],"picked":"Metallicize","floor":8},{"not_picked":["Wild Strike","Clothesline","Double Tap"],"picked":"SKIP","floor":10},{"not_picked":["True Grit","Cleave"],"picked":"Spot Weakness","floor":11},{"not_picked":["Blood for Blood","Reckless Charge"],"picked":"Battle Trance","floor":13},{"not_picked":["Double Tap","Bludgeon"],"picked":"Juggernaut","floor":16},{"not_picked":["True Grit","Sword Boomerang","Twin Strike"],"picked":"SKIP","floor":18},{"not_picked":["Sword Boomerang+1","Pommel Strike"],"picked":"Corruption","floor":20},{"not_picked":["Warcry","Evolve","Headbutt"],"picked":"SKIP","floor":21},{"not_picked":["True Grit","Rage+1","Anger"],"picked":"SKIP","floor":22},{"not_picked":["Heavy Blade","Juggernaut"],"picked":"Demon Form","floor":24},{"not_picked":["Iron Wave","Second Wind","Pommel Strike"],"picked":"SKIP","floor":25}],"player_experience":255879,"relics_obtained":[{"floor":7,"key":"Bag of Preparation"},{"floor":9,"key":"Art of War"},{"floor":10,"key":"Bottled Flame"},{"floor":24,"key":"Darkstone Periapt"},{"floor":26,"key":"Orichalcum"}],"event_choices":[{"damage_healed":0,"gold_gain":0,"player_choice":"Success","damage_taken":25,"relics_obtained":["Bag of Marbles"],"max_hp_gain":0,"max_hp_loss":0,"event_name":"Scrap Ooze","floor":3,"gold_loss":0},{"damage_healed":0,"gold_gain":0,"player_choice":"Donut","damage_taken":0,"max_hp_gain":5,"max_hp_loss":0,"event_name":"Big Fish","floor":14,"gold_loss":0}],"is_beta":false,"boss_relics":[{"not_picked":["Black Blood","Runic Pyramid"],"picked":"Sozu"}],"items_purged_floors":[],"is_endless":false,"potions_floor_spawned":[8,16,21,24,25],"killed_by":"Book of Stabbing","ascension_level":12}