{"gold_per_floor":[111,57,70,70,70,101,101,129,129,144,170,170,170,181,181,279,279,291,308,308,308,233,233,260,270,351,351,379,379,397,397,397,494,494,509,527,353,365,365,365,377,393,439,439,164,179,179,192,192,192],"floor_reached":51,"playtime":1477,"items_purged":["Defend_B","Strike_B","Defend_B"],"score":745,"play_id":"8a7a1e78-40f9-4911-b9b6-cc5d63419594","local_time":"20181106201724","is_ascension_mode":false,"campfire_choices":[{"data":"Dualcast","floor":7.0,"key":"SMITH"},{"data":"Thunder Strike","floor":12.0,"key":"SMITH"},{"data":"Zap","floor":15.0,"key":"SMITH"},{"data":"Electrodynamics","floor":23.0,"key":"SMITH"},{"data":"Seek","floor":27.0,"key":"SMITH"},{"data":"Go for the Eyes","floor":29.0,"key":"SMITH"},{"data":"Redo","floor":32.0,"key":"SMITH"},{"data":"Rainbow","floor":40,"key":"SMITH"},{"data":"Ball Lightning","floor":44,"key":"SMITH"},{"data":"Conserve Battery","floor":47,"key":"SMITH"},{"floor":49,"key":"REST"}],"neow_cost":"NONE","seed_source_timestamp":0,"circlet_count":0,"master_deck":["Strike_B","Defend_B","Defend_B","Zap+1","Dualcast+1","Thunder Strike+1","Conserve Battery+1","Conserve Battery","Sunder+1","Ball Lightning+1","Melter","Core Surge","Electrodynamics+1","Defragment+1","BootSequence","Go for the Eyes+1","Go for the Eyes+1","Seek+1","Redo+1","Rainbow+1","Barrage+1","Beam Cell+1","Hello World+1"],"special_seed":0,"relics":["Cracked Core","Question Card","Odd Mushroom","Singing Bowl","Lantern","Pear","Orrery","Potion Belt","Matryoshka","Du-Vu Doll","Inserter","Omamori","Vajra","Oddly Smooth Stone"],"potions_floor_usage":[50,50,50,50,50],"damage_taken":[{"damage":0.0,"enemies":"Cultist","floor":1.0,"turns":4.0},{"damage":1.0,"enemies":"Jaw Worm","floor":3.0,"turns":4.0},{"damage":6.0,"enemies":"Gremlin Nob","floor":6.0,"turns":3.0},{"damage":4.0,"enemies":"The Mushroom Lair","floor":8.0,"turns":3.0},{"damage":0.0,"enemies":"Small Slimes","floor":10.0,"turns":2.0},{"damage":24.0,"enemies":"Lagavulin","floor":11.0,"turns":5.0},{"damage":0.0,"enemies":"Blue Slaver","floor":14.0,"turns":2.0},{"damage":23.0,"enemies":"Hexaghost","floor":16.0,"turns":8.0},{"damage":0.0,"enemies":"3 Byrds","floor":18.0,"turns":3.0},{"damage":0.0,"enemies":"Spheric Guardian","floor":19.0,"turns":2.0},{"damage":20.0,"enemies":"Book of Stabbing","floor":24.0,"turns":4.0},{"damage":11.0,"enemies":"Snecko","floor":25.0,"turns":4.0},{"damage":15.0,"enemies":"Slavers","floor":28.0,"turns":2.0},{"damage":0.0,"enemies":"3 Cultists","floor":30.0,"turns":4.0},{"damage":17.0,"enemies":"Collector","floor":33.0,"turns":6.0},{"damage":0.0,"enemies":"3 Shapes","floor":35.0,"turns":4.0},{"damage":3.0,"enemies":"3 Darklings","floor":36.0,"turns":3.0},{"damage":13.0,"enemies":"Jaw Worm Horde","floor":38.0,"turns":3.0},{"damage":21,"enemies":"Writhing Mass","floor":41,"turns":5},{"damage":0,"enemies":"Sphere and 2 Shapes","floor":42,"turns":3},{"damage":8,"enemies":"Transient","floor":46,"turns":5},{"damage":26,"enemies":"Writhing Mass","floor":48,"turns":5},{"damage":32,"enemies":"Awakened One","floor":50,"turns":9}],"seed_played":"-571110667615592284","potions_obtained":[{"floor":1.0,"key":"FocusPotion"},{"floor":3.0,"key":"AttackPotion"},{"floor":14.0,"key":"Ancient Potion"},{"floor":28.0,"key":"Energy Potion"},{"floor":30.0,"key":"AttackPotion"},{"floor":48,"key":"FocusPotion"}],"is_trial":false,"path_per_floor":["M","$","M","?","?","E","R","?","T","M","E","R","?","M","R","B",null,"M","M","?","?","$","R","E","M","T","R","E","R","M","?","R","B",null,"M","M","$","M","?","R","M","M","T","R","$","M","R","M","R","B",null],"character_chosen":"DEFECT","items_purchased":["Conserve Battery","FocusPotion","Oddly Smooth Stone"],"campfire_rested":1,"item_purchase_floors":[2,37,45],"current_hp_per_floor":[75,75,74,79,79,73,73,69,69,69,47,47,50,52,52,29,98,98,100,100,100,100,100,82,73,73,73,60,60,62,62,62,45,108,110,109,109,98,98,98,77,77,77,77,77,71,71,45,79,47],"gold":192,"neow_bonus":"ONE_RANDOM_RARE_CARD","is_prod":false,"is_daily":false,"chose_seed":false,"campfire_upgraded":10,"win_rate":0,"timestamp":1541535444,"path_taken":["M","$","M","?","?","E","R","?","T","M","E","R","?","M","R","BOSS","M","M","?","?","$","R","E","M","T","R","E","R","?","?","R","BOSS","M","M","$","M","?","R","M","?","T","R","?","M","R","M","R","BOSS"],"build_version":"2018-11-01","purchased_purges":3,"victory":true,"max_hp_per_floor":[75,75,75,80,80,80,80,80,80,80,82,82,92,94,94,94,98,98,100,100,100,100,100,102,104,104,104,106,106,108,108,108,108,108,110,112,112,114,114,114,114,114,114,114,114,116,116,116,116,116],"card_choices":[{"not_picked":["Heatsinks","Steam"],"picked":"Conserve Battery","floor":1.0},{"not_picked":["Double Energy","Gash"],"picked":"Sunder","floor":3.0},{"not_picked":["Recycle","Conserve Battery"],"picked":"Ball Lightning","floor":6.0},{"not_picked":["Aggregate","Steam Power","Coolheaded"],"picked":"Melter","floor":8.0},{"not_picked":["Cold Snap","Recycle","Hologram"],"picked":"Core Surge","floor":10.0},{"not_picked":["Static Discharge","Machine Learning","Stack","Storm"],"picked":"Singing Bowl","floor":11.0},{"not_picked":["Barrage","Storm","Darkness","Genetic Algorithm"],"picked":"Singing Bowl","floor":14.0},{"not_picked":["Seek","Buffer","Hyperbeam"],"picked":"Electrodynamics","floor":16.0},{"not_picked":["Leap","Sweeping Beam","Rebound"],"picked":"Defragment","floor":17.0},{"not_picked":["Heatsinks","Go for the Eyes","Beam Cell"],"picked":"BootSequence","floor":17.0},{"not_picked":["Reinforced Body","Compile Driver","Double Energy","Redo"],"picked":"Singing Bowl","floor":17.0},{"not_picked":["Aggregate","Recycle","Barrage"],"picked":"Go for the Eyes","floor":17.0},{"not_picked":["Stack","Ball Lightning","Melter","Rip and Tear"],"picked":"Singing Bowl","floor":17.0},{"not_picked":["Stack","Hologram","Beam Cell"],"picked":"Go for the Eyes+1","floor":18.0},{"not_picked":["Ball Lightning+1","Scrape","Heatsinks","Compile Driver+1"],"picked":"Singing Bowl","floor":19.0},{"not_picked":["Reinforced Body","Beam Cell","Meteor Strike","Static Discharge+1"],"picked":"Singing Bowl","floor":24.0},{"not_picked":["Leap","Reinforced Body+1","Redo+1","Compile Driver"],"picked":"Singing Bowl","floor":25.0},{"not_picked":["Conserve Battery","Steam Power","Loop+1","Ball Lightning"],"picked":"Singing Bowl","floor":28.0},{"not_picked":["Conserve Battery","Stack+1","Steam","Go for the Eyes"],"picked":"Singing Bowl","floor":30.0},{"not_picked":["Reboot","Hyperbeam","Amplify"],"picked":"Rainbow","floor":33.0},{"not_picked":["Blizzard+1","Streamline+1","Capacitor+1","Storm+1"],"picked":"Singing Bowl","floor":35.0},{"not_picked":["Stack+1","Reprogram","Coolheaded","Beam Cell"],"picked":"Singing Bowl","floor":36.0},{"not_picked":["Compile Driver","Gash","Recycle","Doom and Gloom+1"],"picked":"Singing Bowl","floor":38.0},{"not_picked":["Stack+1","Conserve Battery+1","Blizzard+1"],"picked":"Barrage+1","floor":41},{"not_picked":["Conserve Battery","Reinforced Body+1","Turbo"],"picked":"Beam Cell+1","floor":42},{"not_picked":["Conserve Battery+1","Fusion","Auto Shields","Leap"],"picked":"Singing Bowl","floor":46},{"not_picked":["Compile Driver+1","Doom and Gloom","Leap+1"],"picked":"Hello World+1","floor":48}],"player_experience":765168,"relics_obtained":[{"floor":6.0,"key":"Question Card"},{"floor":8.0,"key":"Odd Mushroom"},{"floor":9.0,"key":"Singing Bowl"},{"floor":11.0,"key":"Lantern"},{"floor":24.0,"key":"Potion Belt"},{"floor":26.0,"key":"Matryoshka"},{"floor":28.0,"key":"Du-Vu Doll"},{"floor":43,"key":"Omamori"},{"floor":43,"key":"Vajra"}],"event_choices":[{"damage_healed":0.0,"max_hp_gain":5.0,"max_hp_loss":0.0,"gold_gain":0.0,"event_name":"Big Fish","player_choice":"Donut","floor":4.0,"gold_loss":0.0,"damage_taken":0.0},{"damage_healed":0.0,"max_hp_gain":0.0,"max_hp_loss":0.0,"gold_gain":0.0,"event_name":"Living Wall","player_choice":"Grow","floor":5.0,"gold_loss":0.0,"damage_taken":0.0,"cards_upgraded":["Sunder"]},{"damage_healed":0.0,"max_hp_gain":0.0,"max_hp_loss":0.0,"gold_gain":0.0,"event_name":"Mushrooms","player_choice":"Fought Mushrooms","floor":8.0,"gold_loss":0.0,"damage_taken":0.0},{"damage_healed":0.0,"max_hp_gain":0.0,"max_hp_loss":0.0,"gold_gain":0.0,"event_name":"Scrap Ooze","player_choice":"Success","floor":13.0,"gold_loss":0.0,"damage_taken":7.0,"relics_obtained":["Pear"]},{"damage_healed":0.0,"max_hp_gain":0.0,"max_hp_loss":0.0,"gold_gain":0.0,"cards_transformed":["Strike_B","Strike_B"],"event_name":"Drug Dealer","player_choice":"Became Test Subject","floor":20.0,"gold_loss":0.0,"damage_taken":0.0,"cards_obtained":["Seek","Redo"]},{"damage_healed":0.0,"max_hp_gain":0.0,"max_hp_loss":0.0,"gold_gain":0.0,"event_name":"Accursed Blacksmith","player_choice":"Forge","floor":21.0,"gold_loss":0.0,"damage_taken":0.0,"cards_upgraded":["Defragment"]},{"damage_healed":0.0,"max_hp_gain":0.0,"max_hp_loss":0.0,"gold_gain":0.0,"event_name":"The Mausoleum","player_choice":"Ignored","floor":31.0,"gold_loss":0.0,"damage_taken":0.0},{"damage_healed":0,"gold_gain":0,"player_choice":"Ignored","damage_taken":0,"max_hp_gain":0,"max_hp_loss":0,"event_name":"Transmorgrifier","floor":39,"gold_loss":0}],"is_beta":false,"boss_relics":[{"not_picked":["Philosopher\u0027s Stone","Nuclear Battery"],"picked":"Orrery"},{"not_picked":["Tiny House","Fusion Hammer"],"picked":"Inserter"}],"items_purged_floors":[22,37,45],"is_endless":false,"potions_floor_spawned":[1,3,14,16,18,28,30,33,35,38,46,48],"ascension_level":0}