{"gold_per_floor":[115,2,22,42,61,61,78,78,78,78,1,1,1,11,11,108,108,119,218,218,43,57,57,69,69,69,88,88,88,88,108,108,208,208,228,103,121,121,121,121,132,147,147,147,147],"floor_reached":45,"playtime":1450,"items_purged":["Strike_G","Strike_G","Pain"],"score":457,"play_id":"4d3408a5-7568-4c73-8f2e-4d7d29dbfda4","local_time":"20190131170125","is_ascension_mode":false,"campfire_choices":[{"data":"Footwork","floor":6,"key":"SMITH"},{"data":"Dagger Spray","floor":10,"key":"SMITH"},{"data":"Footwork","floor":15,"key":"SMITH"},{"data":"Noxious Fumes","floor":23,"key":"SMITH"},{"data":"Envenom","floor":25,"key":"SMITH"},{"data":"Noxious Fumes","floor":28,"key":"SMITH"},{"floor":32,"key":"REST"},{"floor":40,"key":"REST"},{"floor":44,"key":"REST"}],"neow_cost":"NONE","seed_source_timestamp":5280481119996,"circlet_count":0,"master_deck":["Defend_G","Defend_G","Defend_G","Defend_G","Defend_G","Strike_G+1","Strike_G","Survivor","Neutralize","Sucker Punch","Footwork+1","Sucker Punch","Riddle With Holes+1","Dagger Spray+1","Expertise","Footwork+1","Escape Plan","Envenom+1","Terror","Bane","Noxious Fumes+1","Backflip","Doubt","Noxious Fumes+1","Writhe","Well Laid Plans+1","Phantasmal Killer+1","Parasite","Parasite","Crippling Poison+1","Noxious Fumes+1","Bane"],"relics":["Ring of the Snake","Ornamental Fan","Cursed Key","Whetstone","Prayer Wheel","Calling Bell","Omamori","Sundial","The Specimen"],"potions_floor_usage":[16,16,33,33,33,38],"damage_taken":[{"damage":4,"enemies":"Jaw Worm","floor":1,"turns":6},{"damage":0,"enemies":"2 Louse","floor":3,"turns":4},{"damage":0,"enemies":"Cultist","floor":4,"turns":5},{"damage":4,"enemies":"2 Fungi Beasts","floor":5,"turns":5},{"damage":28,"enemies":"Exordium Thugs","floor":7,"turns":7},{"damage":4,"enemies":"Lots of Slimes","floor":14,"turns":4},{"damage":0,"enemies":"Slime Boss","floor":16,"turns":8},{"damage":1,"enemies":"Shell Parasite","floor":18,"turns":9},{"damage":13,"enemies":"3 Byrds","floor":22,"turns":4},{"damage":11,"enemies":"Snecko","floor":24,"turns":6},{"damage":3,"enemies":"Centurion and Healer","floor":27,"turns":7},{"damage":16,"enemies":"Shelled Parasite and Fungi","floor":31,"turns":5},{"damage":51,"enemies":"Automaton","floor":33,"turns":8},{"damage":17,"enemies":"3 Shapes","floor":35,"turns":5},{"damage":34,"enemies":"3 Darklings","floor":37,"turns":6},{"damage":7,"enemies":"Writhing Mass","floor":38,"turns":2},{"damage":23,"enemies":"Jaw Worm Horde","floor":41,"turns":5},{"damage":23,"enemies":"4 Shapes","floor":42,"turns":4},{"damage":27,"enemies":"Sphere and 2 Shapes","floor":45,"turns":3}],"seed_played":"3457493401922970233","potions_obtained":[{"floor":3,"key":"Weak Potion"},{"floor":4,"key":"PowerPotion"},{"floor":5,"key":"Strength Potion"},{"floor":16,"key":"Weak Potion"},{"floor":22,"key":"Weak Potion"},{"floor":24,"key":"Poison Potion"},{"floor":30,"key":"Fire Potion"},{"floor":30,"key":"Regen Potion"},{"floor":35,"key":"SmokeBomb"}],"is_trial":false,"path_per_floor":["M","$","M","M","M","R","M","?","T","R","$","?","?","M","R","B",null,"M","?","?","$","M","R","M","R","T","M","R","?","?","M","R","B",null,"M","$","M","M","?","R","M","M","T","R","M"],"character_chosen":"THE_SILENT","items_purchased":["Footwork","Footwork","Noxious Fumes"],"campfire_rested":3,"item_purchase_floors":[2,11,21],"current_hp_per_floor":[73,73,73,73,69,69,41,41,41,41,41,46,43,39,39,39,82,81,81,81,81,68,68,57,57,57,54,54,54,54,38,62,26,82,65,65,31,24,24,48,25,2,2,26,0],"gold":147,"neow_bonus":"TEN_PERCENT_HP_BONUS","is_prod":false,"is_daily":false,"chose_seed":false,"campfire_upgraded":6,"win_rate":0,"timestamp":1548925285,"path_taken":["M","$","M","M","M","R","M","?","T","R","$","?","?","M","R","BOSS","M","?","?","$","M","R","M","R","T","?","R","?","?","M","R","BOSS","M","$","M","M","?","R","M","M","T","R","?"],"build_version":"2019-01-23","purchased_purges":3,"victory":false,"max_hp_per_floor":[77,77,77,77,77,77,77,77,77,77,77,82,82,82,82,82,82,82,82,82,82,82,82,82,82,82,82,82,82,82,82,82,82,82,82,82,82,82,82,82,82,82,82,82,82],"card_choices":[{"not_picked":["Deadly Poison","Endless Agony"],"picked":"Sucker Punch","floor":1},{"not_picked":["Deflect","Bane"],"picked":"Sucker Punch","floor":3},{"not_picked":["Prepared","Cloak And Dagger"],"picked":"Riddle With Holes","floor":4},{"not_picked":["Poisoned Stab","Acrobatics"],"picked":"Dagger Spray","floor":5},{"not_picked":["Deadly Poison","Caltrops"],"picked":"Expertise","floor":7},{"not_picked":["Backstab","Deflect"],"picked":"Escape Plan","floor":14},{"not_picked":["Die Die Die","Phantasmal Killer"],"picked":"Envenom","floor":16},{"not_picked":["Slice","Distraction+1"],"picked":"Terror","floor":18},{"not_picked":["Heel Hook","Dodge and Roll"],"picked":"Backflip","floor":22},{"not_picked":["Acrobatics","Outmaneuver+1","Slice+1"],"picked":"SKIP","floor":24},{"not_picked":["Skewer","Sucker Punch"],"picked":"Noxious Fumes","floor":27},{"not_picked":["Infinite Blades","Prepared"],"picked":"Well Laid Plans+1","floor":31},{"not_picked":["Cloak And Dagger","All Out Attack","Acrobatics"],"picked":"SKIP","floor":31},{"not_picked":["Doppelganger","Unload"],"picked":"Phantasmal Killer","floor":33},{"not_picked":["Sucker Punch","Blur"],"picked":"Crippling Poison+1","floor":35},{"not_picked":["PiercingWail","Reflex+1","Finisher+1"],"picked":"SKIP","floor":35},{"not_picked":["Sucker Punch","Underhanded Strike+1","Dodge and Roll+1"],"picked":"SKIP","floor":37},{"not_picked":["Underhanded Strike+1","Acrobatics+1","Storm of Steel"],"picked":"SKIP","floor":37},{"not_picked":["Choke","Cloak And Dagger","Eviscerate+1"],"picked":"SKIP","floor":41},{"not_picked":["Eviscerate","All Out Attack","PiercingWail"],"picked":"SKIP","floor":41},{"not_picked":["Terror","Acrobatics"],"picked":"Noxious Fumes+1","floor":42},{"not_picked":["PiercingWail","All Out Attack+1"],"picked":"Bane","floor":42}],"player_experience":154601,"relics_obtained":[{"floor":9,"key":"Ornamental Fan"},{"floor":26,"key":"Whetstone"},{"floor":34,"key":"Omamori"},{"floor":34,"key":"Sundial"},{"floor":34,"key":"The Specimen"}],"event_choices":[{"damage_healed":0,"gold_gain":0,"player_choice":"Ignored","damage_taken":0,"max_hp_gain":0,"max_hp_loss":0,"event_name":"Shining Light","floor":8,"gold_loss":0},{"damage_healed":0,"gold_gain":0,"player_choice":"Donut","damage_taken":0,"max_hp_gain":5,"max_hp_loss":0,"event_name":"Big Fish","floor":12,"gold_loss":0},{"damage_healed":0,"gold_gain":0,"player_choice":"Fled","damage_taken":3,"max_hp_gain":0,"max_hp_loss":0,"event_name":"Scrap Ooze","floor":13,"gold_loss":0},{"damage_healed":0,"gold_gain":99,"player_choice":"Stole From Cult","damage_taken":0,"max_hp_gain":0,"max_hp_loss":0,"event_name":"Nest","floor":19,"gold_loss":0},{"damage_healed":0,"gold_gain":0,"cards_transformed":["Strike_G"],"player_choice":"Transformed","damage_taken":0,"max_hp_gain":0,"max_hp_loss":0,"event_name":"Transmorgrifier","floor":20,"gold_loss":0,"cards_obtained":["Bane"]},{"damage_healed":0,"gold_gain":0,"player_choice":"Opened","damage_taken":0,"relics_obtained":["Prayer Wheel"],"max_hp_gain":0,"max_hp_loss":0,"event_name":"The Mausoleum","floor":29,"gold_loss":0,"cards_obtained":["Writhe"]},{"damage_healed":0,"gold_gain":0,"player_choice":"Got Potions","damage_taken":0,"max_hp_gain":0,"max_hp_loss":0,"event_name":"Lab","floor":30,"gold_loss":0},{"damage_healed":0,"gold_gain":0,"player_choice":"Upgraded","damage_taken":0,"max_hp_gain":0,"max_hp_loss":0,"event_name":"Upgrade Shrine","floor":39,"gold_loss":0,"cards_upgraded":["Phantasmal Killer"]}],"is_beta":false,"boss_relics":[{"not_picked":["Snecko Eye","Busted Crown"],"picked":"Cursed Key"},{"not_picked":["Lizard Tail","White Beast Statue"],"picked":"Calling Bell"}],"items_purged_floors":[2,21,36],"is_endless":false,"potions_floor_spawned":[3,4,5,16,22,24,35,38],"killed_by":"Sphere and 2 Shapes","ascension_level":0}