{"gold_per_floor":[114,114,114,29,50,88,88,102,172,322,322,367,8,25,25,118,118,136,159,159,339,353,353,378,378,378,398,398,101,135,160,160,259,259,284,24,24,38,61,61,102,102,102,102,102,0,21,37,37,37],"floor_reached":51,"playtime":3362,"items_purged":["Doubt","Strike_G","Strike_G"],"score":1382,"play_id":"6e573918-ae76-4d14-9c62-31cc5816778a","local_time":"20181219193526","is_ascension_mode":true,"campfire_choices":[{"data":"Footwork","floor":7,"key":"SMITH"},{"data":"Noxious Fumes","floor":11,"key":"SMITH"},{"data":"Apotheosis","floor":15,"key":"SMITH"},{"floor":23,"key":"REST"},{"floor":28,"key":"REST"},{"floor":32,"key":"REST"},{"floor":40,"key":"REST"},{"floor":42,"key":"REST"},{"floor":45,"key":"REST"},{"floor":49,"key":"REST"}],"neow_cost":"NONE","seed_source_timestamp":203893316880826,"circlet_count":0,"master_deck":["AscendersBane","Defend_G","Defend_G","Defend_G","Defend_G","Defend_G+1","Strike_G+1","Strike_G","Survivor","Neutralize+1","Footwork+1","Dodge and Roll","Crippling Poison+1","Noxious Fumes+1","Apotheosis+1","Bouncing Flask","Backflip","After Image","Glass Knife+1","Footwork","Deflect","Footwork","Backflip","After Image","Dodge and Roll","After Image","Acrobatics+1"],"relics":["Ring of the Serpent","NeowsBlessing","Golden Idol","Whetstone","Molten Egg 2","Lantern","Fusion Hammer","War Paint","Art of War","Pear","Ninja Scroll","Pen Nib","Red Mask"],"potions_floor_usage":[30,38,50,50],"damage_taken":[{"damage":0,"enemies":"2 Louse","floor":1,"turns":1},{"damage":0,"enemies":"Jaw Worm","floor":5,"turns":1},{"damage":0,"enemies":"Gremlin Nob","floor":6,"turns":1},{"damage":0,"enemies":"Small Slimes","floor":8,"turns":5},{"damage":13,"enemies":"Exordium Thugs","floor":14,"turns":5},{"damage":20,"enemies":"The Guardian","floor":16,"turns":11},{"damage":4,"enemies":"3 Byrds","floor":18,"turns":7},{"damage":0,"enemies":"Shell Parasite","floor":19,"turns":4},{"damage":3,"enemies":"3 Cultists","floor":22,"turns":4},{"damage":4,"enemies":"Shelled Parasite and Fungi","floor":24,"turns":7},{"damage":1,"enemies":"Centurion and Healer","floor":27,"turns":6},{"damage":34,"enemies":"Slavers","floor":30,"turns":7},{"damage":3,"enemies":"Snake Plant","floor":31,"turns":5},{"damage":0,"enemies":"Champ","floor":33,"turns":15},{"damage":31,"enemies":"3 Shapes","floor":35,"turns":6},{"damage":1,"enemies":"Orb Walker","floor":38,"turns":6},{"damage":24,"enemies":"Jaw Worm Horde","floor":39,"turns":6},{"damage":9,"enemies":"Nemesis","floor":41,"turns":9},{"damage":0,"enemies":"Writhing Mass","floor":47,"turns":8},{"damage":0,"enemies":"Spire Growth","floor":48,"turns":9},{"damage":24,"enemies":"Time Eater","floor":50,"turns":20}],"seed_played":"-8889164871141440978","potions_obtained":[{"floor":6,"key":"PowerPotion"},{"floor":18,"key":"Fire Potion"},{"floor":19,"key":"Block Potion"},{"floor":30,"key":"EssenceOfSteel"},{"floor":38,"key":"AttackPotion"},{"floor":48,"key":"Dexterity Potion"}],"is_trial":false,"path_per_floor":["M","?","?","$","M","E","R","M","T","?","R","T","$","M","R","B",null,"M","M","T","?","M","R","M","?","T","M","R","$","E","M","R","B",null,"M","$","?","M","M","R","E","R","T","?","R","?","M","M","R","B",null],"character_chosen":"THE_SILENT","items_purchased":["Footwork","Apotheosis","Bouncing Flask","Backflip","Footwork","Art of War","Dodge and Roll","Regen Potion"],"campfire_rested":7,"item_purchase_floors":[4,13,13,13,29,29,36,36],"current_hp_per_floor":[59,64,64,64,64,64,64,64,64,64,64,64,64,51,51,31,56,52,52,52,34,31,50,46,46,46,45,64,64,40,37,59,59,70,39,39,39,53,29,51,42,64,64,64,74,74,74,74,74,50],"gold":37,"neow_bonus":"THREE_ENEMY_KILL","is_prod":false,"is_daily":false,"chose_seed":false,"campfire_upgraded":3,"win_rate":0,"timestamp":1545276926,"path_taken":["M","?","?","?","M","E","R","M","T","?","R","?","$","?","R","BOSS","M","M","?","?","?","R","?","?","T","M","R","$","E","M","R","BOSS","M","$","?","M","M","R","E","R","T","?","R","?","M","M","R","BOSS"],"build_version":"2018-12-13","purchased_purges":3,"victory":true,"max_hp_per_floor":[66,71,64,64,64,64,64,64,64,64,64,64,64,64,64,64,64,64,64,64,64,64,64,64,64,64,64,64,64,74,74,74,74,74,74,74,74,74,74,74,74,74,74,74,74,74,74,74,74,74],"card_choices":[{"not_picked":["Poisoned Stab","Leg Sweep","Bane"],"picked":"SKIP","floor":1},{"not_picked":["Dagger Throw","Quick Slash"],"picked":"Dodge and Roll","floor":5},{"not_picked":["Backflip","Well Laid Plans"],"picked":"Crippling Poison","floor":6},{"not_picked":["Bane","Deflect"],"picked":"Noxious Fumes","floor":8},{"not_picked":["Slice+1","Dagger Throw+1"],"picked":"After Image","floor":14},{"not_picked":["Venomology","Unload+1"],"picked":"Glass Knife+1","floor":16},{"not_picked":["Skewer+1","Poisoned Stab+1","Cloak And Dagger"],"picked":"SKIP","floor":18},{"not_picked":["Blade Dance+1","Backflip"],"picked":"Footwork","floor":19},{"not_picked":["Sucker Punch+1","Glass Knife+1","Cloak And Dagger"],"picked":"SKIP","floor":22},{"not_picked":["Poisoned Stab+1","Blade Dance"],"picked":"Deflect","floor":24},{"not_picked":["Leg Sweep","Outmaneuver","Masterful Stab+1"],"picked":"SKIP","floor":27},{"not_picked":["All Out Attack+1","Caltrops"],"picked":"Backflip","floor":30},{"not_picked":["Dash+1","Terror","Well Laid Plans"],"picked":"SKIP","floor":31},{"not_picked":["Storm of Steel","A Thousand Cuts"],"picked":"After Image","floor":33},{"not_picked":["Prepared+1","Outmaneuver","Quick Slash+1"],"picked":"SKIP","floor":35},{"not_picked":["Underhanded Strike+1","Accuracy","Caltrops"],"picked":"SKIP","floor":38},{"not_picked":["Dagger Throw+1","Underhanded Strike+1","Predator+1"],"picked":"SKIP","floor":39},{"not_picked":["Sucker Punch+1","Quick Slash+1"],"picked":"After Image","floor":41},{"not_picked":["Dagger Spray+1","Masterful Stab+1","Flying Knee+1"],"picked":"SKIP","floor":47},{"not_picked":["Caltrops","Outmaneuver+1"],"picked":"Acrobatics+1","floor":48}],"player_experience":170233,"relics_obtained":[{"floor":6,"key":"Whetstone"},{"floor":9,"key":"Molten Egg 2"},{"floor":12,"key":"Lantern"},{"floor":20,"key":"War Paint"},{"floor":30,"key":"Pear"},{"floor":41,"key":"Ninja Scroll"},{"floor":43,"key":"Pen Nib"}],"event_choices":[{"damage_healed":0,"gold_gain":0,"player_choice":"Donut","damage_taken":0,"max_hp_gain":5,"max_hp_loss":0,"event_name":"Big Fish","floor":2,"gold_loss":0},{"damage_healed":0,"gold_gain":0,"player_choice":"Lose Max HP","damage_taken":0,"relics_obtained":["Golden Idol"],"max_hp_gain":0,"max_hp_loss":7,"event_name":"Golden Idol","floor":3,"gold_loss":0},{"damage_healed":0,"gold_gain":150,"player_choice":"AGREE","damage_taken":0,"max_hp_gain":0,"max_hp_loss":0,"event_name":"Liars Game","floor":10,"gold_loss":0,"cards_obtained":["Doubt"]},{"damage_healed":0,"gold_gain":180,"player_choice":"GOLD GOLD ","damage_taken":18,"max_hp_gain":0,"max_hp_loss":0,"event_name":"Knowing Skull","floor":21,"potions_obtained":[],"gold_loss":0,"cards_obtained":[]},{"damage_healed":0,"gold_gain":0,"player_choice":"Ignored","damage_taken":0,"max_hp_gain":0,"max_hp_loss":0,"event_name":"Vampires","floor":25,"gold_loss":0},{"damage_healed":0,"gold_gain":0,"player_choice":"Ignored","damage_taken":0,"max_hp_gain":0,"max_hp_loss":0,"event_name":"Mysterious Sphere","floor":37,"gold_loss":0},{"cards_removed":["Strike_G"],"damage_healed":0,"gold_gain":0,"player_choice":"Removed Attack","damage_taken":0,"max_hp_gain":0,"max_hp_loss":0,"event_name":"Falling","floor":44,"gold_loss":0},{"damage_healed":0,"gold_gain":0,"player_choice":"Paid","damage_taken":0,"relics_obtained":["Red Mask"],"max_hp_gain":0,"max_hp_loss":0,"event_name":"Tomb of Lord Red Mask","floor":46,"gold_loss":102}],"is_beta":false,"boss_relics":[{"not_picked":["Empty Cage","Black Star"],"picked":"Fusion Hammer"},{"not_picked":["WristBlade","Velvet Choker"],"picked":"Ring of the Serpent"}],"items_purged_floors":[13,29,36],"is_endless":false,"potions_floor_spawned":[6,18,19,30,38,47,48],"ascension_level":17}