{"gold_per_floor":[119,33,52,102,122,122,152,152,175,194,224,224,224,262,262,360,360,379,397,29,29,50,50,86,0,0,15,15,15,40,90,90,188,188,213,231,231,255,278,278,278],"floor_reached":41,"playtime":4335,"items_purged":[],"score":842,"play_id":"be5abe23-2d32-4599-9d4c-505154b78662","local_time":"20190207132318","is_ascension_mode":true,"campfire_choices":[{"data":"Neutralize","floor":6,"key":"SMITH"},{"data":"Caltrops","floor":8,"key":"SMITH"},{"data":"Cloak And Dagger","floor":13,"key":"SMITH"},{"data":"Dagger Spray","floor":15,"key":"SMITH"},{"floor":23,"key":"REST"},{"floor":29,"key":"REST"},{"floor":32,"key":"REST"},{"data":"Footwork","floor":40,"key":"SMITH"}],"neow_cost":"NONE","seed_source_timestamp":180600977910800,"circlet_count":0,"master_deck":["AscendersBane","Defend_G+1","Defend_G","Defend_G+1","Defend_G","Defend_G","Strike_G","Strike_G","Strike_G","Strike_G","Survivor","Neutralize+1","Bouncing Flask","Infinite Blades","Dash","Cloak And Dagger+1","Caltrops+1","Dagger Spray+1","Dash","Well Laid Plans","Footwork+1","Leg Sweep","Leg Sweep","PiercingWail","Backflip","Envenom","Infinite Blades","Backflip","Dodge and Roll"],"relics":["Ring of the Snake","NeowsBlessing","Bag of Marbles","Centennial Puzzle","War Paint","Golden Idol","Bird Faced Urn","Cursed Key","Letter Opener","Ornamental Fan","Snecko Eye"],"potions_floor_usage":[7,14,18,24,33,38],"damage_taken":[{"damage":0,"enemies":"Cultist","floor":1,"turns":1},{"damage":0,"enemies":"Small Slimes","floor":3,"turns":1},{"damage":0,"enemies":"2 Louse","floor":5,"turns":1},{"damage":6,"enemies":"Gremlin Nob","floor":7,"turns":3},{"damage":7,"enemies":"Large Slime","floor":10,"turns":6},{"damage":11,"enemies":"3 Sentries","floor":14,"turns":6},{"damage":8,"enemies":"Hexaghost","floor":16,"turns":9},{"damage":21,"enemies":"Chosen","floor":18,"turns":4},{"damage":6,"enemies":"Shell Parasite","floor":19,"turns":5},{"damage":4,"enemies":"Snake Plant","floor":22,"turns":4},{"damage":42,"enemies":"Gremlin Leader","floor":24,"turns":11},{"damage":3,"enemies":"Centurion and Healer","floor":27,"turns":9},{"damage":15,"enemies":"3 Cultists","floor":30,"turns":7},{"damage":51,"enemies":"Collector","floor":33,"turns":14},{"damage":0,"enemies":"3 Shapes","floor":35,"turns":6},{"damage":17,"enemies":"3 Darklings","floor":36,"turns":5},{"damage":0,"enemies":"Spire Growth","floor":38,"turns":6},{"damage":1,"enemies":"Writhing Mass","floor":39,"turns":9},{"damage":60,"enemies":"Reptomancer","floor":41,"turns":2}],"seed_played":"6322816423023262523","potions_obtained":[{"floor":5,"key":"Poison Potion"},{"floor":7,"key":"PowerPotion"},{"floor":16,"key":"SkillPotion"},{"floor":19,"key":"GhostInAJar"},{"floor":24,"key":"SneckoOil"},{"floor":30,"key":"Regen Potion"},{"floor":35,"key":"Energy Potion"},{"floor":39,"key":"Regen Potion"}],"is_trial":false,"path_per_floor":["M","$","M","?","M","R","E","R","T","M","?","?","R","E","R","B",null,"M","M","$","?","M","R","E","?","T","M","?","R","M","?","R","B",null,"M","M","?","M","M","R","E"],"character_chosen":"THE_SILENT","items_purchased":["Infinite Blades","Letter Opener","Footwork"],"campfire_rested":3,"item_purchase_floors":[2,20,20],"current_hp_per_floor":[59,59,59,53,53,53,47,47,47,40,40,40,40,29,29,25,51,32,30,30,30,32,50,16,16,16,21,21,39,30,30,48,20,50,60,45,45,57,60,60,0],"gold":278,"neow_bonus":"THREE_ENEMY_KILL","is_prod":false,"is_daily":false,"chose_seed":false,"campfire_upgraded":5,"win_rate":0,"timestamp":1549542198,"path_taken":["M","?","M","?","?","R","E","R","T","M","?","?","R","E","R","BOSS","M","M","$","?","?","R","E","?","T","M","?","R","M","?","R","BOSS","M","M","?","M","M","R","E"],"build_version":"2019-01-23","purchased_purges":0,"victory":false,"max_hp_per_floor":[66,66,66,66,66,66,66,66,66,66,66,60,60,60,60,60,60,60,60,60,60,60,60,60,60,60,60,60,60,60,60,60,60,60,60,60,60,60,60,60,60],"card_choices":[{"not_picked":["Bane","Prepared"],"picked":"Bouncing Flask","floor":1},{"not_picked":["Bane","Deflect"],"picked":"Dash","floor":3},{"not_picked":["Distraction","Backflip"],"picked":"Cloak And Dagger","floor":5},{"not_picked":["Poisoned Stab","Burst"],"picked":"Caltrops","floor":7},{"not_picked":["Reflex","Bane","Underhanded Strike"],"picked":"SKIP","floor":10},{"not_picked":["Sucker Punch","Dash"],"picked":"Dagger Spray","floor":14},{"not_picked":["Choke","Riddle With Holes"],"picked":"Dash","floor":18},{"not_picked":["Deadly Poison","Catalyst"],"picked":"Well Laid Plans","floor":19},{"not_picked":["Heel Hook","Sucker Punch"],"picked":"Leg Sweep","floor":22},{"not_picked":["Well Laid Plans+1","Skewer"],"picked":"Leg Sweep","floor":24},{"not_picked":["Prepared","Acrobatics"],"picked":"PiercingWail","floor":27},{"not_picked":["Outmaneuver","Sucker Punch"],"picked":"Backflip","floor":30},{"not_picked":["Night Terror","Grand Finale"],"picked":"Envenom","floor":33},{"not_picked":["Underhanded Strike","Flying Knee"],"picked":"Infinite Blades","floor":35},{"not_picked":["Prepared+1","Flying Knee+1"],"picked":"Backflip","floor":36},{"not_picked":["Flechettes","Endless Agony"],"picked":"Dodge and Roll","floor":38},{"not_picked":["Underhanded Strike+1","Slice","Sucker Punch"],"picked":"SKIP","floor":39}],"player_experience":462456,"relics_obtained":[{"floor":7,"key":"Bag of Marbles"},{"floor":9,"key":"Centennial Puzzle"},{"floor":14,"key":"Bird Faced Urn"},{"floor":24,"key":"Ornamental Fan"}],"event_choices":[{"damage_healed":0,"gold_gain":50,"player_choice":"Touch","damage_taken":6,"max_hp_gain":0,"max_hp_loss":0,"event_name":"FaceTrader","floor":4,"gold_loss":0},{"damage_healed":0,"gold_gain":30,"player_choice":"Searched \u00273\u0027 times","damage_taken":0,"relics_obtained":["War Paint"],"max_hp_gain":0,"max_hp_loss":0,"event_name":"Dead Adventurer","floor":11,"gold_loss":0},{"damage_healed":0,"gold_gain":0,"player_choice":"Lose Max HP","damage_taken":0,"relics_obtained":["Golden Idol"],"max_hp_gain":0,"max_hp_loss":6,"event_name":"Golden Idol","floor":12,"gold_loss":0},{"cards_removed":["Strike_G"],"damage_healed":0,"gold_gain":0,"player_choice":"Offered Basic","damage_taken":0,"max_hp_gain":0,"max_hp_loss":0,"event_name":"Bonfire Elementals","floor":21,"gold_loss":0},{"damage_healed":0,"gold_gain":0,"player_choice":"Paid Fearfully","damage_taken":0,"max_hp_gain":0,"max_hp_loss":0,"event_name":"Masked Bandits","floor":25,"gold_loss":86},{"damage_healed":0,"gold_gain":0,"player_choice":"Ignored","damage_taken":0,"max_hp_gain":0,"max_hp_loss":0,"event_name":"Cursed Tome","floor":28,"gold_loss":0},{"damage_healed":0,"gold_gain":50,"player_choice":"Stole From Cult","damage_taken":0,"max_hp_gain":0,"max_hp_loss":0,"event_name":"Nest","floor":31,"gold_loss":0},{"damage_healed":0,"gold_gain":0,"player_choice":"Ignored","damage_taken":0,"max_hp_gain":0,"max_hp_loss":0,"event_name":"Mysterious Sphere","floor":37,"gold_loss":0}],"is_beta":false,"boss_relics":[{"not_picked":["Runic Pyramid","Busted Crown"],"picked":"Cursed Key"},{"not_picked":["WristBlade","Lizard Tail"],"picked":"Snecko Eye"}],"items_purged_floors":[],"is_endless":false,"potions_floor_spawned":[5,7,16,19,24,30,35,39],"killed_by":"Reptomancer","ascension_level":20}