{"gold_per_floor":[118,118,128,128,34,59,59,77,77,93,107,135,135,169,169,247,247,267,267,281,281],"floor_reached":21,"playtime":3174,"items_purged":[],"score":448,"play_id":"6ef12611-f75c-4534-90f0-f0f2acac5f41","local_time":"20190207115750","is_ascension_mode":true,"campfire_choices":[{"data":"All Out Attack","floor":7,"key":"SMITH"},{"floor":13,"key":"REST"},{"data":"Cloak And Dagger","floor":15,"key":"SMITH"}],"neow_cost":"NONE","seed_source_timestamp":0,"circlet_count":0,"master_deck":["AscendersBane","Defend_G","Defend_G","Defend_G","Defend_G","Defend_G","Strike_G","Strike_G","Strike_G","Strike_G","Survivor","Neutralize","Cloak And Dagger+1","Outmaneuver","Leg Sweep","Neutralize","All Out Attack+1","Quick Slash","Dagger Throw+1","Dodge and Roll","PiercingWail","Cloak And Dagger","Corpse Explosion","Footwork","Decay","Backflip"],"special_seed":0,"relics":["Ring of the Snake","NeowsBlessing","Pear","Molten Egg 2","Dead Branch","Bronze Scales","Cursed Key"],"potions_floor_usage":[10,12,14,14,20,21,21],"damage_taken":[{"damage":0,"enemies":"2 Louse","floor":1,"turns":1},{"damage":0,"enemies":"Cultist","floor":3,"turns":1},{"damage":0,"enemies":"3 Sentries","floor":6,"turns":1},{"damage":4,"enemies":"Small Slimes","floor":8,"turns":4},{"damage":0,"enemies":"Exordium Thugs","floor":10,"turns":4},{"damage":1,"enemies":"Blue Slaver","floor":11,"turns":4},{"damage":30,"enemies":"Lagavulin","floor":12,"turns":13},{"damage":13,"enemies":"3 Sentries","floor":14,"turns":5},{"damage":36,"enemies":"Slime Boss","floor":16,"turns":9},{"damage":6,"enemies":"Shell Parasite","floor":18,"turns":5},{"damage":8,"enemies":"Spheric Guardian","floor":20,"turns":6},{"damage":25,"enemies":"Colosseum Slavers","floor":21,"turns":2},{"damage":26,"enemies":"Colosseum Nobs","floor":21,"turns":3}],"seed_played":"-6192155214720148388","potions_obtained":[{"floor":6,"key":"SpeedPotion"},{"floor":8,"key":"Fire Potion"},{"floor":11,"key":"SkillPotion"},{"floor":12,"key":"PowerPotion"},{"floor":16,"key":"GhostInAJar"},{"floor":18,"key":"Energy Potion"},{"floor":20,"key":"SteroidPotion"}],"is_trial":false,"path_per_floor":["M","?","M","?","$","E","R","M","T","M","M","E","R","E","R","B",null,"M","?","M","?"],"character_chosen":"THE_SILENT","items_purchased":["All Out Attack","Fire Potion"],"campfire_rested":1,"item_purchase_floors":[5,5],"current_hp_per_floor":[59,59,59,59,59,69,69,65,65,65,64,34,56,43,43,7,59,53,53,45,0],"gold":281,"neow_bonus":"THREE_ENEMY_KILL","is_prod":false,"is_daily":false,"chose_seed":false,"campfire_upgraded":2,"win_rate":0,"timestamp":1549537070,"path_taken":["M","?","?","?","?","E","R","M","T","M","M","E","R","E","R","BOSS","M","?","M","?"],"build_version":"2019-01-23","purchased_purges":0,"victory":false,"max_hp_per_floor":[66,66,66,66,66,76,76,76,76,76,76,76,76,76,76,76,76,76,76,76,76],"card_choices":[{"not_picked":["Flying Knee","Bane"],"picked":"Cloak And Dagger","floor":1},{"not_picked":["Dodge and Roll","Distraction"],"picked":"Leg Sweep","floor":3},{"not_picked":["All Out Attack","Grand Finale","Tactician"],"picked":"SKIP","floor":6},{"not_picked":["All Out Attack","Acrobatics"],"picked":"Quick Slash","floor":8},{"not_picked":["Blur","Cloak And Dagger"],"picked":"Dagger Throw+1","floor":10},{"not_picked":["Masterful Stab+1","Accuracy"],"picked":"Dodge and Roll","floor":11},{"not_picked":["Riddle With Holes+1","Eviscerate+1"],"picked":"PiercingWail","floor":12},{"not_picked":["Predator+1","Night Terror"],"picked":"Cloak And Dagger","floor":14},{"not_picked":["Night Terror","Adrenaline"],"picked":"Corpse Explosion","floor":16},{"not_picked":["Tactician","Dodge and Roll"],"picked":"Footwork","floor":18},{"not_picked":["Outmaneuver","Bane+1"],"picked":"Backflip","floor":20}],"player_experience":458543,"relics_obtained":[{"floor":6,"key":"Pear"},{"floor":9,"key":"Molten Egg 2"},{"floor":12,"key":"Dead Branch"},{"floor":14,"key":"Bronze Scales"}],"event_choices":[{"damage_healed":0,"gold_gain":0,"cards_transformed":["Strike_G"],"player_choice":"Transformed","damage_taken":0,"max_hp_gain":0,"max_hp_loss":0,"event_name":"Transmorgrifier","floor":2,"gold_loss":0,"cards_obtained":["Outmaneuver"]},{"damage_healed":0,"gold_gain":0,"player_choice":"1 cards matched","damage_taken":0,"max_hp_gain":0,"max_hp_loss":0,"event_name":"Match and Keep!","floor":4,"gold_loss":0,"cards_obtained":["Neutralize"]},{"damage_healed":0,"gold_gain":0,"player_choice":"Smashed Altar","damage_taken":0,"max_hp_gain":0,"max_hp_loss":0,"event_name":"Forgotten Altar","floor":19,"gold_loss":0,"cards_obtained":["Decay"]},{"damage_healed":0,"gold_gain":0,"player_choice":"Fight","damage_taken":0,"max_hp_gain":0,"max_hp_loss":0,"event_name":"Colosseum","floor":21,"gold_loss":0},{"damage_healed":0,"gold_gain":0,"player_choice":"Fought Nobs","damage_taken":0,"max_hp_gain":0,"max_hp_loss":0,"event_name":"Colosseum","floor":21,"gold_loss":0}],"is_beta":false,"boss_relics":[{"not_picked":["Philosopher\u0027s Stone","Eternal Feather"],"picked":"Cursed Key"}],"items_purged_floors":[],"is_endless":false,"potions_floor_spawned":[6,8,11,12,16,18,20],"killed_by":"Colosseum Nobs","ascension_level":20}