{"gold_per_floor":[110,120,120,120,137,137,169,169,169,169,223,223,235,266,266,366,366,381,381,397,47,66,66,66,66,66,79,79,92,109,121,121,220,220,240,260,8,8,24,24,24,39,39,39,55,55,55,4,4,4],"floor_reached":51,"playtime":1671,"items_purged":[],"score":657,"play_id":"fe417f54-9b8b-4984-8404-f48cb657803a","local_time":"20181203213549","is_ascension_mode":false,"campfire_choices":[{"data":"Sunder","floor":6.0,"key":"SMITH"},{"data":"Go for the Eyes","floor":8.0,"key":"SMITH"},{"data":"Dualcast","floor":10.0,"key":"SMITH"},{"data":"Zap","floor":15.0,"key":"SMITH"},{"data":"Echo Form","floor":23.0,"key":"SMITH"},{"floor":25.0,"key":"REST"},{"data":"Defend_B","floor":32.0,"key":"SMITH"},{"data":"Defragment","floor":40,"key":"SMITH"},{"floor":49,"key":"REST"}],"neow_cost":"NONE","seed_source_timestamp":0,"circlet_count":0,"master_deck":["Strike_B","Strike_B","Strike_B","Defend_B+1","Defend_B+1","Defend_B+1","Defend_B","Zap+1","Dualcast+1","Sunder+1","Beam Cell+1","Go for the Eyes+1","Auto Shields+1","Echo Form+1","Leap","Echo Form","Steam+1","Seek","Hologram+1","Glacier","Undo","Defragment+1","Discovery+1","Madness+1","Madness+1","Conserve Battery+1"],"special_seed":0,"relics":["Cracked Core","Art of War","StoneCalendar","Symbiotic Virus","Bag of Marbles","Thread and Needle","Sozu","DataDisk","War Paint","Question Card","Bottled Tornado","Orrery","Singing Bowl","Toxic Egg 2"],"potions_floor_usage":[],"damage_taken":[{"damage":1.0,"enemies":"Jaw Worm","floor":1.0,"turns":4.0},{"damage":0.0,"enemies":"Small Slimes","floor":2.0,"turns":2.0},{"damage":1.0,"enemies":"2 Louse","floor":5.0,"turns":2.0},{"damage":28.0,"enemies":"3 Sentries","floor":7.0,"turns":7.0},{"damage":0.0,"enemies":"2 Fungi Beasts","floor":13.0,"turns":3.0},{"damage":8.0,"enemies":"Lagavulin","floor":14.0,"turns":4.0},{"damage":18.0,"enemies":"Slime Boss","floor":16.0,"turns":6.0},{"damage":19.0,"enemies":"3 Byrds","floor":18.0,"turns":4.0},{"damage":8.0,"enemies":"Shell Parasite","floor":20.0,"turns":2.0},{"damage":0.0,"enemies":"Chosen and Byrds","floor":22.0,"turns":5.0},{"damage":2.0,"enemies":"Cultist and Chosen","floor":27.0,"turns":4.0},{"damage":0.0,"enemies":"Centurion and Healer","floor":29.0,"turns":5.0},{"damage":8.0,"enemies":"Snake Plant","floor":30.0,"turns":5.0},{"damage":6.0,"enemies":"Cultist and Chosen","floor":31.0,"turns":4.0},{"damage":34.0,"enemies":"Collector","floor":33.0,"turns":8.0},{"damage":3,"enemies":"3 Darklings","floor":35,"turns":5},{"damage":0,"enemies":"Orb Walker","floor":36,"turns":3},{"damage":5,"enemies":"4 Shapes","floor":39,"turns":6},{"damage":0,"enemies":"3 Darklings","floor":42,"turns":7},{"damage":0,"enemies":"Writhing Mass","floor":45,"turns":4},{"damage":27,"enemies":"Awakened One","floor":50,"turns":15}],"seed_played":"-8392922418465082393","potions_obtained":[{"floor":5.0,"key":"Energy Potion"},{"floor":7.0,"key":"Weak Potion"}],"is_trial":false,"path_per_floor":["M","M","?","$","M","R","E","R","T","R","?","?","M","E","R","B",null,"M","?","M","$","M","R","?","R","T","M","$","M","M","M","R","B",null,"M","M","$","?","M","R","$","M","T","$","M","?","?","$","R","B",null],"character_chosen":"DEFECT","items_purchased":["DataDisk","War Paint","Leap","Singing Bowl","Conserve Battery+1"],"campfire_rested":2,"item_purchase_floors":[21,21,21,37,48],"current_hp_per_floor":[74,74,59,59,58,58,30,30,30,30,30,30,30,22,22,4,75,56,56,48,48,48,48,48,70,70,68,68,68,60,54,54,20,75,72,72,72,72,69,69,69,71,71,71,73,73,63,63,81,54],"gold":4,"neow_bonus":"RANDOM_COMMON_RELIC","is_prod":false,"is_daily":false,"chose_seed":false,"campfire_upgraded":7,"win_rate":0,"timestamp":1543872949,"path_taken":["M","M","?","$","M","R","E","R","T","R","?","?","M","E","R","BOSS","M","?","M","$","M","R","?","R","T","M","$","M","M","M","R","BOSS","M","M","$","?","M","R","$","M","T","$","M","?","?","?","R","BOSS"],"build_version":"2018-11-15","purchased_purges":0,"victory":true,"max_hp_per_floor":[75,75,75,75,75,75,75,75,75,75,75,75,75,75,75,75,75,75,75,75,75,75,75,75,75,75,75,75,75,75,75,75,75,75,75,75,75,75,77,77,77,79,79,79,81,81,81,81,81,81],"card_choices":[{"not_picked":["Barrage","Force Field"],"picked":"Sunder","floor":1.0},{"not_picked":["Streamline","Melter"],"picked":"Beam Cell","floor":2.0},{"not_picked":["Cold Snap","Sweeping Beam"],"picked":"Go for the Eyes","floor":5.0},{"not_picked":["Melter","Turbo","White Noise"],"picked":"SKIP","floor":7.0},{"not_picked":["Gash","Cold Snap"],"picked":"Auto Shields","floor":13.0},{"not_picked":["Streamline","Gash","Scrape"],"picked":"SKIP","floor":14.0},{"not_picked":["Creative AI","Machine Learning"],"picked":"Echo Form","floor":16.0},{"not_picked":["Hologram","Redo","Reprogram"],"picked":"SKIP","floor":18.0},{"not_picked":["Fusion","Steam Power+1","Double Energy"],"picked":"SKIP","floor":20.0},{"not_picked":["Leap","Rebound+1","Stack"],"picked":"SKIP","floor":22.0},{"not_picked":["Barrage","Redo","Compile Driver","Gash+1"],"picked":"SKIP","floor":27.0},{"not_picked":["Gash","Rebound+1","Barrage","Heatsinks"],"picked":"SKIP","floor":29.0},{"not_picked":["Streamline","Aggregate+1","Hologram","Leap"],"picked":"SKIP","floor":30.0},{"not_picked":["Stack","Coolheaded","Heatsinks","Gash"],"picked":"SKIP","floor":31.0},{"not_picked":["Amplify","Thunder Strike","Buffer"],"picked":"Echo Form","floor":33.0},{"not_picked":["Genetic Algorithm","Doom and Gloom","Ball Lightning"],"picked":"Steam+1","floor":34.0},{"not_picked":["Streamline","Capacitor+1","FTL+1"],"picked":"Seek","floor":34.0},{"not_picked":["Streamline+1","Blizzard","Coolheaded"],"picked":"Hologram+1","floor":34.0},{"not_picked":["Steam Power","Steam+1","Coolheaded+1"],"picked":"Glacier","floor":34.0},{"not_picked":["Skim+1","Consume","Beam Cell"],"picked":"Undo","floor":34.0},{"not_picked":["Core Surge","Gash","Hologram"],"picked":"Defragment","floor":35},{"not_picked":["Doom and Gloom","Compile Driver","Melter+1","Heatsinks"],"picked":"SKIP","floor":36},{"not_picked":["Leap","Cold Snap+1","Redo+1","Conserve Battery"],"picked":"Singing Bowl","floor":39},{"not_picked":["Undo+1","Hologram+1","Sweeping Beam","Skim+1"],"picked":"Singing Bowl","floor":42},{"not_picked":["Rebound","Sweeping Beam","Beam Cell","Gash+1"],"picked":"Singing Bowl","floor":45},{"not_picked":["Secret Technique+1","Magnetism","Flash of Steel"],"picked":"Discovery+1","floor":46}],"player_experience":848892,"relics_obtained":[{"floor":7.0,"key":"StoneCalendar"},{"floor":9.0,"key":"Symbiotic Virus"},{"floor":14.0,"key":"Thread and Needle"},{"floor":26.0,"key":"Bottled Tornado"},{"floor":43,"key":"Toxic Egg 2"}],"event_choices":[{"damage_healed":0.0,"max_hp_gain":0.0,"max_hp_loss":0.0,"gold_gain":0.0,"event_name":"Shining Light","player_choice":"Entered Light","floor":3.0,"gold_loss":0.0,"damage_taken":15.0,"cards_upgraded":["Defend_B","Beam Cell"]},{"damage_healed":0.0,"max_hp_gain":0.0,"max_hp_loss":0.0,"gold_gain":54.0,"event_name":"Golden Wing","player_choice":"Gained Gold","floor":11.0,"gold_loss":0.0,"damage_taken":0.0},{"damage_healed":0.0,"max_hp_gain":0.0,"max_hp_loss":0.0,"gold_gain":0.0,"event_name":"Dead Adventurer","player_choice":"Searched \u00271\u0027 times","floor":12.0,"gold_loss":0.0,"damage_taken":0.0,"relics_obtained":["Bag of Marbles"]},{"damage_healed":0.0,"max_hp_gain":0.0,"max_hp_loss":0.0,"gold_gain":0.0,"event_name":"Cursed Tome","player_choice":"Ignored","floor":19.0,"gold_loss":0.0,"damage_taken":0.0},{"damage_healed":0.0,"max_hp_gain":0.0,"max_hp_loss":0.0,"gold_gain":0.0,"event_name":"The Mausoleum","player_choice":"Opened","floor":24.0,"gold_loss":0.0,"damage_taken":0.0,"relics_obtained":["Question Card"]},{"cards_removed":["Strike_B"],"damage_healed":0,"gold_gain":0,"player_choice":"Removed Attack","damage_taken":0,"max_hp_gain":0,"max_hp_loss":0,"event_name":"Falling","floor":38,"gold_loss":0},{"damage_healed":0,"gold_gain":0,"player_choice":"Memory 1","damage_taken":0,"max_hp_gain":0,"max_hp_loss":0,"event_name":"SensoryStone","floor":46,"gold_loss":0},{"damage_healed":0,"gold_gain":0,"player_choice":"Embrace Madness","damage_taken":10,"max_hp_gain":0,"max_hp_loss":0,"event_name":"Winding Halls","floor":47,"gold_loss":0,"cards_obtained":["Madness","Madness"]}],"is_beta":false,"boss_relics":[{"not_picked":["Runic Dome","Eternal Feather"],"picked":"Sozu"},{"not_picked":["Pandora\u0027s Box","Coffee Dripper"],"picked":"Orrery"}],"items_purged_floors":[],"is_endless":false,"potions_floor_spawned":[5,7,20,27,29,31,33,35,36,42],"ascension_level":0}