{"gold_per_floor":[99,99,22,22,22,22,22,22,22,22,22,22,22,22,22,22,22,22,22,22,22,22,22,22,22,22,22,22,22,22,22,22,22],"floor_reached":33,"playtime":2043,"items_purged":[],"score":237,"play_id":"e1cae527-ed63-4131-a7fa-8da5cb58977b","local_time":"20180811165027","is_ascension_mode":false,"campfire_choices":[{"data":"Neutralize","floor":6,"key":"SMITH"},{"data":"Catalyst","floor":8,"key":"SMITH"},{"data":"Survivor","floor":11,"key":"SMITH"},{"data":"Noxious Fumes","floor":15,"key":"SMITH"},{"data":"Noxious Fumes","floor":23,"key":"SMITH"},{"data":"Crippling Poison","floor":25,"key":"SMITH"},{"floor":29,"key":"REST"},{"floor":32,"key":"REST"}],"neow_cost":"NONE","seed_source_timestamp":421927812785,"circlet_count":0,"master_deck":["Defend_G","Defend_G","Defend_G","Defend_G","Defend_G","Strike_G","Strike_G","Strike_G","Strike_G","Survivor+1","Neutralize+1","Catalyst+1","PiercingWail","Distraction","Noxious Fumes+1","Malaise","Noxious Fumes+1","Acrobatics","Bane","Crippling Poison+1","Deadly Poison"],"relics":["Ectoplasm"],"potions_floor_usage":[18,21,24,24,28,28,31,31],"damage_taken":[{"damage":3,"enemies":"Small Slimes","floor":1,"turns":4},{"damage":0,"enemies":"Cultist","floor":2,"turns":4},{"damage":0,"enemies":"2 Louse","floor":13,"turns":4},{"damage":7,"enemies":"Blue Slaver","floor":14,"turns":5},{"damage":4,"enemies":"The Guardian","floor":16,"turns":11},{"damage":19,"enemies":"Chosen","floor":18,"turns":5},{"damage":2,"enemies":"Shell Parasite","floor":21,"turns":8},{"damage":1,"enemies":"Centurion and Healer","floor":22,"turns":6},{"damage":12,"enemies":"Snecko","floor":24,"turns":7},{"damage":20,"enemies":"Snake Plant","floor":27,"turns":3},{"damage":14,"enemies":"Centurion and Healer","floor":28,"turns":5},{"damage":44,"enemies":"3 Cultists","floor":31,"turns":6},{"damage":47,"enemies":"Automaton","floor":33,"turns":8}],"seed_played":"5251047777403126654","potions_obtained":[{"floor":12,"key":"GamblersBrew"},{"floor":12,"key":"Regen Potion"},{"floor":12,"key":"EntropicBrew"},{"floor":24,"key":"Dexterity Potion"},{"floor":27,"key":"EssenceOfSteel"}],"is_trial":false,"path_per_floor":["M","M","$","?","?","R","T","R","T","$","R","?","M","M","R","B",null,"M","?","$","M","M","R","M","R","T","M","M","R","?","M","R"],"character_chosen":"THE_SILENT","items_purchased":["Distraction"],"campfire_rested":2,"item_purchase_floors":[3],"current_hp_per_floor":[67,67,67,67,67,67,67,67,67,67,67,67,67,60,60,56,70,51,51,51,64,63,63,51,51,51,31,17,38,70,26,47,0],"gold":22,"neow_bonus":"BOSS_RELIC","is_prod":false,"is_daily":false,"chose_seed":false,"campfire_upgraded":6,"win_rate":0,"timestamp":1534020627,"path_taken":["M","M","$","?","?","R","?","R","T","?","R","?","M","M","R","BOSS","M","?","$","M","M","R","M","R","T","M","M","R","?","?","R","BOSS"],"build_version":"2018-08-09","purchased_purges":0,"victory":false,"max_hp_per_floor":[70,70,70,70,70,70,70,70,70,70,70,70,70,70,70,70,70,70,70,70,70,70,70,70,70,70,70,70,70,70,70,70,70],"card_choices":[{"not_picked":["Deadly Poison","Riddle With Holes"],"picked":"Catalyst","floor":1},{"not_picked":["Dagger Throw","Underhanded Strike"],"picked":"PiercingWail","floor":2},{"not_picked":["PiercingWail","Backstab"],"picked":"Caltrops","floor":13},{"not_picked":["Concentrate","Sucker Punch"],"picked":"Noxious Fumes","floor":14},{"not_picked":["Storm of Steel","Grand Finale"],"picked":"Malaise","floor":16},{"not_picked":["Outmaneuver","Bane"],"picked":"Noxious Fumes","floor":18},{"not_picked":["Blade Dance","Distraction"],"picked":"Acrobatics","floor":21},{"not_picked":["Underhanded Strike+1","Acrobatics+1"],"picked":"Bane","floor":22},{"not_picked":["Poisoned Stab","Heel Hook+1"],"picked":"Crippling Poison","floor":24},{"not_picked":["Dagger Throw+1","Dagger Spray"],"picked":"Deadly Poison","floor":27},{"not_picked":["Quick Slash","Flying Knee","Masterful Stab"],"picked":"SKIP","floor":28},{"not_picked":["Bane+1","Endless Agony+1","Underhanded Strike"],"picked":"SKIP","floor":31}],"player_experience":2098353,"relics_obtained":[],"event_choices":[{"event_name":"Purifier","player_choice":"One Purge","floor":4,"damage_taken":0},{"event_name":"Golden Idol","player_choice":"Ignored","floor":5,"damage_taken":0},{"event_name":"The Lab","player_choice":"Got Potions","floor":12,"damage_taken":0},{"event_name":"Beggar","player_choice":"Ignored","floor":19,"damage_taken":0},{"event_name":"Bonfire Elementals","player_choice":"UNCOMMON","floor":30,"damage_taken":0}],"is_beta":false,"boss_relics":[{"not_picked":[]}],"items_purged_floors":[],"is_endless":false,"potions_floor_spawned":[14,16,24,27],"killed_by":"Automaton","ascension_level":0}