{"gold_per_floor":[112,131,25,45,59,59,59,71,71,71,71,71,88,110,110,209,209,222,137,137,237,255,255,269,269,296,296,296,329,16,33,33,135,135,148,166,1165,518,518,548,548,572,572,584,584,34,34,53,53,53],"floor_reached":51,"playtime":5953,"items_purged":["Strike_B","Normality","Normality"],"score":708,"play_id":"7f3fceb5-ca43-474f-a15f-d5d5cce57a3d","local_time":"20181019013644","is_ascension_mode":false,"campfire_choices":[{"data":"Consume","floor":6,"key":"SMITH"},{"data":"Zap","floor":12,"key":"SMITH"},{"data":"Electrodynamics","floor":15,"key":"SMITH"},{"data":"Electrodynamics","floor":23,"key":"SMITH"},{"data":"Hologram","floor":25,"key":"SMITH"},{"data":"Apotheosis","floor":32,"key":"SMITH"},{"data":"Seek","floor":41,"key":"SMITH"},{"data":"Machine Learning","floor":45,"key":"SMITH"},{"data":"Parasite","floor":49,"key":"PURGE"}],"neow_cost":"NONE","seed_source_timestamp":376013731217204,"circlet_count":0,"master_deck":["Strike_B+1","Defend_B","Defend_B","Zap+1","Dualcast+1","Cold Snap","Ball Lightning","Consume+1","FTL","Electrodynamics+1","Glacier","Hologram+1","Coolheaded+1","Conserve Battery+1","Electrodynamics+1","Coolheaded+1","Self Repair+1","Hologram","Loop","Force Field","Apotheosis+1","Defragment","Machine Learning+1","Reinforced Body+1","Consume+1","Conserve Battery","Redo+1","Loop","Seek+1","Secret Technique","Go for the Eyes"],"relics":["Cracked Core","Bag of Marbles","Dodecahedron","Bottled Flame","Odd Mushroom","Eternal Feather","Shuriken","Happy Flower","Meat on the Bone","Question Card","Astrolabe","DollysMirror","Pantograph","Peace Pipe","War Paint","Incense Burner","Art of War"],"potions_floor_usage":[16,29,31,40,40,50,50,50],"damage_taken":[{"damage":1,"enemies":"Jaw Worm","floor":1,"turns":4},{"damage":4,"enemies":"Cultist","floor":2,"turns":3},{"damage":0,"enemies":"2 Louse","floor":4,"turns":2},{"damage":6,"enemies":"Large Slime","floor":5,"turns":3},{"damage":0,"enemies":"Gremlin Gang","floor":8,"turns":3},{"damage":0,"enemies":"3 Louse","floor":13,"turns":1},{"damage":9,"enemies":"The Mushroom Lair","floor":14,"turns":2},{"damage":0,"enemies":"Slime Boss","floor":16,"turns":4},{"damage":13,"enemies":"2 Thieves","floor":18,"turns":3},{"damage":0,"enemies":"Spheric Guardian","floor":22,"turns":3},{"damage":12,"enemies":"Snake Plant","floor":24,"turns":6},{"damage":8,"enemies":"Gremlin Leader","floor":29,"turns":3},{"damage":6,"enemies":"Chosen and Byrds","floor":31,"turns":5},{"damage":7,"enemies":"Automaton","floor":33,"turns":14},{"damage":0,"enemies":"3 Darklings","floor":35,"turns":1},{"damage":11,"enemies":"Orb Walker","floor":36,"turns":4},{"damage":10,"enemies":"Nemesis","floor":40,"turns":11},{"damage":7,"enemies":"Spire Growth","floor":44,"turns":6},{"damage":0,"enemies":"Writhing Mass","floor":48,"turns":9},{"damage":13,"enemies":"Awakened One","floor":50,"turns":19}],"seed_played":"-6367389544466671764","potions_obtained":[{"floor":4,"key":"Weak Potion"},{"floor":5,"key":"Weak Potion"},{"floor":14,"key":"FearPotion"},{"floor":29,"key":"Weak Potion"},{"floor":40,"key":"Explosive Potion"}],"is_trial":false,"path_per_floor":["M","M","$","M","M","R","?","M","T","$","T","R","M","?","R","B",null,"M","?","?","?","M","R","M","R","T","T","?","E","$","M","R","B",null,"M","M","?","$","?","E","R","T","T","M","R","$","?","M","R","B"],"character_chosen":"DEFECT","items_purchased":["Consume","FTL","Apotheosis","Defragment","DollysMirror","Pantograph","Explosive Potion","Explosive Potion","Secret Technique","Fire Potion","Art of War","Go for the Eyes"],"campfire_rested":0,"item_purchase_floors":[3,3,30,30,38,38,38,38,46,46,46,46],"current_hp_per_floor":[74,70,70,70,64,64,49,49,49,49,49,49,49,40,40,40,75,62,62,62,62,62,74,72,75,75,75,75,67,67,71,75,75,75,75,74,74,74,74,74,75,75,75,75,75,75,85,85,82,79],"gold":53,"neow_bonus":"RANDOM_COMMON_RELIC","is_prod":false,"is_daily":false,"chose_seed":false,"campfire_upgraded":8,"win_rate":0,"timestamp":1539927404,"path_taken":["M","M","$","M","M","R","?","M","T","$","?","R","?","?","R","BOSS","M","?","?","?","?","R","M","R","T","?","?","E","$","M","R","BOSS","M","M","?","$","?","E","R","?","T","M","R","$","?","M","R","BOSS"],"build_version":"2018-10-18","purchased_purges":3,"victory":true,"max_hp_per_floor":[75,75,75,75,75,75,75,75,75,75,75,75,75,75,75,75,75,75,75,75,75,75,75,75,75,75,75,75,75,75,75,75,75,75,75,75,75,75,75,75,75,75,75,75,75,75,85,85,82,82],"card_choices":[{"not_picked":["Turbo","Beam Cell"],"picked":"Cold Snap","floor":1},{"not_picked":["Steam Power","Steam"],"picked":"Ball Lightning","floor":2},{"not_picked":["Coolheaded","Sweeping Beam"],"picked":"Electrodynamics","floor":4},{"not_picked":["Sweeping Beam","Leap"],"picked":"Glacier","floor":5},{"not_picked":["Beam Cell","Streamline"],"picked":"Hologram","floor":8},{"not_picked":["Compile Driver","Beam Cell"],"picked":"Coolheaded","floor":13},{"not_picked":["Beam Cell","Turbo"],"picked":"Conserve Battery","floor":14},{"not_picked":["Hyperbeam","Multi-Cast"],"picked":"Electrodynamics","floor":16},{"not_picked":["Gash","Consume+1"],"picked":"Coolheaded+1","floor":18},{"not_picked":["FTL","Chaos"],"picked":"Self Repair+1","floor":22},{"not_picked":["Redo","Rebound"],"picked":"Hologram","floor":24},{"not_picked":["Barrage","Heatsinks+1"],"picked":"Force Field","floor":29},{"not_picked":["Hyperbeam","Coolheaded","Beam Cell","Reinforced Body"],"picked":"SKIP","floor":31},{"not_picked":["Hyperbeam","Thunder Strike","Meteor Strike"],"picked":"Machine Learning","floor":33},{"not_picked":["Hologram+1","Aggregate","Darkness"],"picked":"Conserve Battery","floor":35},{"not_picked":["Steam Power","Streamline","Reinforced Body"],"picked":"Redo+1","floor":36},{"not_picked":["Scrape+1","Hello World","Beam Cell"],"picked":"Seek","floor":40},{"not_picked":["Compile Driver","Steam","Doom and Gloom+1","Hologram"],"picked":"SKIP","floor":44},{"not_picked":["Compile Driver+1","Rebound+1","Consume","Hello World"],"picked":"SKIP","floor":48}],"player_experience":3102828,"relics_obtained":[{"floor":9,"key":"Dodecahedron"},{"floor":11,"key":"Bottled Flame"},{"floor":14,"key":"Odd Mushroom"},{"floor":26,"key":"Happy Flower"},{"floor":27,"key":"Meat on the Bone"},{"floor":29,"key":"Question Card"},{"floor":40,"key":"Peace Pipe"},{"floor":42,"key":"War Paint"},{"floor":43,"key":"Incense Burner"}],"event_choices":[{"damage_healed":0,"gold_gain":0,"player_choice":"Entered Light","damage_taken":15,"max_hp_gain":0,"max_hp_loss":0,"event_name":"Shining Light","floor":7,"gold_loss":0,"cards_upgraded":["Dualcast","Strike_B"]},{"damage_healed":0,"gold_gain":0,"player_choice":"Fought Mushrooms","damage_taken":0,"max_hp_gain":0,"max_hp_loss":0,"event_name":"Mushrooms","floor":14,"gold_loss":0},{"damage_healed":0,"gold_gain":0,"player_choice":"Obtained Relic","damage_taken":0,"relics_obtained":["Shuriken"],"max_hp_gain":0,"max_hp_loss":0,"event_name":"Addict","floor":19,"gold_loss":85},{"cards_removed":["Strike_B"],"damage_healed":0,"gold_gain":0,"player_choice":"Purged","damage_taken":0,"max_hp_gain":0,"max_hp_loss":0,"event_name":"Purifier","floor":20,"gold_loss":0},{"damage_healed":0,"gold_gain":100,"player_choice":"Pray","damage_taken":0,"max_hp_gain":0,"max_hp_loss":0,"event_name":"Golden Shrine","floor":21,"gold_loss":0},{"damage_healed":0,"gold_gain":0,"player_choice":"Read","damage_taken":0,"max_hp_gain":0,"max_hp_loss":0,"event_name":"The Library","floor":28,"gold_loss":0,"cards_obtained":["Loop"]},{"damage_healed":0,"gold_gain":999,"player_choice":"Gold","damage_taken":0,"max_hp_gain":0,"max_hp_loss":0,"event_name":"MindBloom","floor":37,"gold_loss":0,"cards_obtained":["Normality","Normality"]},{"damage_healed":0,"gold_gain":0,"player_choice":"Ignored","damage_taken":0,"max_hp_gain":0,"max_hp_loss":0,"event_name":"Tomb of Lord Red Mask","floor":39,"gold_loss":0},{"cards_removed":["Hyperbeam"],"damage_healed":0,"gold_gain":0,"player_choice":"Offered Rare","damage_taken":0,"max_hp_gain":10,"max_hp_loss":0,"event_name":"Bonfire Elementals","floor":47,"gold_loss":0}],"is_beta":false,"boss_relics":[{"not_picked":["FrozenCore","Calling Bell"],"picked":"Eternal Feather"},{"not_picked":["Runic Pyramid","Pandora\u0027s Box"],"picked":"Astrolabe"}],"items_purged_floors":[30,38,46],"is_endless":false,"potions_floor_spawned":[4,5,14,29,40],"ascension_level":0}