{"gold_per_floor":[114,126,126,137,147,147,177,252,298,2,2,36,51,51,51,128,128,139,139,149,159,169,169,203,128,128,143,143,60,95,115,115,189,189,209,227,227,246,346,346,679,679,679,706,706],"floor_reached":45,"playtime":3329,"items_purged":["Strike_B"],"score":1039,"play_id":"a4caa8d1-dd02-432b-adc3-6c8dd47779c6","local_time":"20190203180820","is_ascension_mode":true,"campfire_choices":[{"data":"Zap","floor":6.0,"key":"SMITH"},{"data":"Defragment","floor":11.0,"key":"SMITH"},{"floor":15.0,"key":"REST"},{"data":"Biased Cognition","floor":23,"key":"SMITH"},{"floor":28,"key":"REST"},{"data":"Multi-Cast","floor":32,"key":"SMITH"},{"data":"Static Discharge","floor":40,"key":"SMITH"},{"floor":42,"key":"REST"}],"neow_cost":"NONE","seed_source_timestamp":180620936650857,"circlet_count":0,"master_deck":["AscendersBane","Defend_B","Defend_B","Zap+1","Cold Snap","Undo","Ball Lightning","Defragment+1","Ball Lightning+1","Leap","Genetic Algorithm","Biased Cognition+1","Blizzard+1","Steam+1","Barrage+1","Cold Snap+1","Doom and Gloom+1","Compile Driver+1","Undo","Doom and Gloom+1","Hello World","White Noise","Multi-Cast+1","Seek","Glacier","Static Discharge+1","Redo","Defragment+1","Leap+1","Coolheaded","Multi-Cast","Conserve Battery+1","Loop+1"],"special_seed":0,"relics":["Cracked Core","Molten Egg 2","Orichalcum","Regal Pillow","DataDisk","Astrolabe","Letter Opener","Unceasing Top","Art of War","Orrery","Turnip","Old Coin","Darkstone Periapt"],"potions_floor_usage":[20,21,24,24,30,33,33,41,44],"damage_taken":[{"damage":1.0,"enemies":"2 Louse","floor":1.0,"turns":3.0},{"damage":10.0,"enemies":"Jaw Worm","floor":2.0,"turns":4.0},{"damage":0.0,"enemies":"Cultist","floor":4.0,"turns":3.0},{"damage":0.0,"enemies":"Looter","floor":5.0,"turns":4.0},{"damage":14.0,"enemies":"Lagavulin","floor":7.0,"turns":10.0},{"damage":6.0,"enemies":"Gremlin Nob","floor":12.0,"turns":3.0},{"damage":10.0,"enemies":"Exordium Thugs","floor":13.0,"turns":4.0},{"damage":19.0,"enemies":"Slime Boss","floor":16.0,"turns":6.0},{"damage":0.0,"enemies":"Chosen","floor":18.0,"turns":4.0},{"damage":4,"enemies":"Shell Parasite","floor":20,"turns":5},{"damage":2,"enemies":"Cultist and Chosen","floor":21,"turns":6},{"damage":7,"enemies":"Snecko","floor":22,"turns":4},{"damage":37,"enemies":"Gremlin Leader","floor":24,"turns":6},{"damage":10,"enemies":"Snake Plant","floor":27,"turns":4},{"damage":0,"enemies":"Book of Stabbing","floor":30,"turns":6},{"damage":20,"enemies":"Sentry and Sphere","floor":31,"turns":4},{"damage":44,"enemies":"Collector","floor":33,"turns":13},{"damage":0,"enemies":"Orb Walker","floor":35,"turns":2},{"damage":0,"enemies":"3 Shapes","floor":36,"turns":6},{"damage":15,"enemies":"Maw","floor":38,"turns":7},{"damage":0,"enemies":"Mind Bloom Boss Battle","floor":39,"turns":5},{"damage":43,"enemies":"Reptomancer","floor":41,"turns":8},{"damage":13,"enemies":"Nemesis","floor":44,"turns":10},{"damage":33,"enemies":"4 Shapes","floor":45,"turns":3}],"seed_played":"-5697185389925911185","potions_obtained":[{"floor":5.0,"key":"Swift Potion"},{"floor":7.0,"key":"SkillPotion"},{"floor":13.0,"key":"Explosive Potion"},{"floor":20,"key":"Dexterity Potion"},{"floor":21,"key":"Block Potion"},{"floor":24,"key":"SteroidPotion"},{"floor":27,"key":"Regen Potion"},{"floor":30,"key":"Swift Potion"},{"floor":31,"key":"EssenceOfSteel"},{"floor":36,"key":"Explosive Potion"},{"floor":39,"key":"PowerPotion"},{"floor":44,"key":"Energy Potion"}],"is_trial":false,"path_per_floor":["M","M","?","M","M","R","E","?","T","$","R","E","M","$","R","B",null,"M","?","M","M","M","R","E","?","T","M","R","$","E","M","R","B",null,"M","M","?","M","?","R","E","R","T","E","M"],"character_chosen":"DEFECT","items_purchased":["Ball Lightning+1","Regal Pillow","White Noise"],"campfire_rested":3,"item_purchase_floors":[10,10,29],"current_hp_per_floor":[70,60,65,65,65,65,51,40,40,40,40,34,24,24,63,44,73,73,73,69,67,60,60,23,23,23,13,52,52,67,47,47,3,63,63,63,63,48,48,48,5,44,44,31,0],"gold":706,"neow_bonus":"TEN_PERCENT_HP_BONUS","is_prod":false,"is_daily":false,"chose_seed":false,"campfire_upgraded":5,"win_rate":0,"timestamp":1549246100,"path_taken":["M","M","?","M","M","R","E","?","T","?","R","E","M","$","R","BOSS","M","?","M","?","M","R","E","?","T","M","R","?","E","M","R","BOSS","M","?","?","M","?","R","E","R","T","E","M"],"build_version":"2019-01-23","purchased_purges":1,"victory":false,"max_hp_per_floor":[78,78,83,83,83,83,83,83,83,83,83,83,83,83,83,83,83,83,83,83,83,83,83,83,83,83,83,83,83,83,83,83,83,83,83,83,83,83,83,83,83,83,83,83,83],"card_choices":[{"not_picked":["Turbo","Fusion"],"picked":"Cold Snap","floor":1.0},{"not_picked":["Go for the Eyes","Amplify","Redo"],"picked":"SKIP","floor":2.0},{"not_picked":["Redo","Steam"],"picked":"Undo","floor":4.0},{"not_picked":["Creative AI","White Noise"],"picked":"Ball Lightning","floor":5.0},{"not_picked":["Scrape","Sweeping Beam"],"picked":"Defragment","floor":7.0},{"not_picked":["Streamline+1","Scrape+1"],"picked":"Leap","floor":12.0},{"not_picked":["Heatsinks","Hologram"],"picked":"Genetic Algorithm","floor":13.0},{"not_picked":["Electrodynamics","Amplify"],"picked":"Biased Cognition","floor":16.0},{"not_picked":["Ball Lightning+1","Force Field"],"picked":"Cold Snap+1","floor":18.0},{"not_picked":["Coolheaded","Scrape+1"],"picked":"Doom and Gloom+1","floor":20},{"not_picked":["Hologram","Conserve Battery","Turbo"],"picked":"SKIP","floor":21},{"not_picked":["Turbo","Melter+1","Steam"],"picked":"SKIP","floor":22},{"not_picked":["Sweeping Beam+1","Steam Power"],"picked":"Compile Driver+1","floor":24},{"not_picked":["Beam Cell+1","Stack"],"picked":"Hello World","floor":27},{"not_picked":["Tempest","Auto Shields"],"picked":"Ball Lightning+1","floor":30},{"not_picked":["Heatsinks","Steam"],"picked":"Multi-Cast","floor":31},{"not_picked":["Fission","All For One+1"],"picked":"Seek","floor":33},{"not_picked":["Doom and Gloom+1","Tempest"],"picked":"Glacier","floor":34},{"not_picked":["BootSequence","Beam Cell+1"],"picked":"Static Discharge","floor":34},{"not_picked":["Consume","Hologram"],"picked":"Redo","floor":34},{"not_picked":["Coolheaded","Rip and Tear+1"],"picked":"Defragment+1","floor":35},{"not_picked":["Chaos","Auto Shields"],"picked":"Leap+1","floor":36},{"not_picked":["Aggregate","Hologram"],"picked":"Coolheaded","floor":38},{"not_picked":["Stack","Beam Cell+1"],"picked":"Multi-Cast","floor":39},{"not_picked":["Undo","Sweeping Beam+1"],"picked":"Conserve Battery+1","floor":41},{"not_picked":["Auto Shields","Gash+1"],"picked":"Loop+1","floor":44}],"player_experience":492694,"relics_obtained":[{"floor":7.0,"key":"Molten Egg 2"},{"floor":9.0,"key":"Orichalcum"},{"floor":12.0,"key":"DataDisk"},{"floor":24,"key":"Letter Opener"},{"floor":26,"key":"Unceasing Top"},{"floor":30,"key":"Art of War"},{"floor":39,"key":"Turnip"},{"floor":41,"key":"Old Coin"},{"floor":44,"key":"Darkstone Periapt"}],"event_choices":[{"damage_healed":0.0,"max_hp_gain":5.0,"max_hp_loss":0.0,"gold_gain":0.0,"event_name":"Big Fish","player_choice":"Donut","floor":3.0,"gold_loss":0.0,"damage_taken":0.0},{"damage_healed":0.0,"max_hp_gain":0.0,"max_hp_loss":0.0,"gold_gain":75.0,"event_name":"World of Goop","player_choice":"Gather Gold","floor":8.0,"gold_loss":0.0,"damage_taken":11.0},{"cards_removed":["Dualcast"],"damage_healed":0.0,"max_hp_gain":0.0,"max_hp_loss":0.0,"gold_gain":0.0,"event_name":"Purifier","player_choice":"Purged","floor":19.0,"gold_loss":0.0,"damage_taken":0.0},{"damage_healed":0,"gold_gain":0,"cards_transformed":["Defend_B","Defend_B"],"player_choice":"Transformed Cards","damage_taken":0,"max_hp_gain":0,"max_hp_loss":0,"event_name":"Designer","floor":25,"gold_loss":75,"cards_obtained":["Undo","Doom and Gloom"]},{"cards_removed":["Ball Lightning"],"damage_healed":0,"gold_gain":0,"player_choice":"Removed Attack","damage_taken":0,"max_hp_gain":0,"max_hp_loss":0,"event_name":"Falling","floor":37,"gold_loss":0},{"damage_healed":0,"gold_gain":0,"player_choice":"Fight","damage_taken":0,"max_hp_gain":0,"max_hp_loss":0,"event_name":"MindBloom","floor":39,"gold_loss":0}],"is_beta":false,"boss_relics":[{"not_picked":["Runic Pyramid","Nuclear Battery"],"picked":"Astrolabe"},{"not_picked":["Tiny House","Empty Cage"],"picked":"Orrery"}],"items_purged_floors":[10],"is_endless":false,"potions_floor_spawned":[5,7,13,20,21,24,27,30,31,36,39,44],"killed_by":"4 Shapes","ascension_level":17}