{"gold_per_floor":[119,119,135,154,168,168,178,178,230,230,258,277,291,324,324,429,429,449,449,449,469,24,24,24,24,24,24,24,36,61,74,74,74],"floor_reached":33,"playtime":1244,"items_purged":[],"score":277,"play_id":"8fc54735-3216-44cd-b094-fc59321241ac","local_time":"20181021011132","is_ascension_mode":false,"campfire_choices":[{"data":"Neutralize","floor":6.0,"key":"SMITH"},{"data":"Dagger Throw","floor":8.0,"key":"SMITH"},{"data":"Riddle With Holes","floor":15.0,"key":"SMITH"},{"data":"Glass Knife","floor":23.0,"key":"SMITH"},{"data":"Sucker Punch","floor":28,"key":"SMITH"},{"floor":32,"key":"REST"}],"neow_cost":"NONE","seed_source_timestamp":537279179983817,"circlet_count":0,"master_deck":["Defend_G","Defend_G","Defend_G+1","Defend_G","Defend_G","Strike_G","Strike_G","Strike_G","Strike_G","Strike_G","Survivor","Neutralize+1","Slice+1","Sucker Punch+1","PiercingWail","Dagger Throw+1","Backstab","Tools of the Trade","Riddle With Holes+1","Underhanded Strike","Glass Knife+1","Dagger Spray","Deadly Poison","Bane","Leg Sweep","RitualDagger","Eviscerate","Caltrops+1"],"special_seed":0,"relics":["Ring of the Snake","Omamori","Oddly Smooth Stone","Orrery","Necronomicon","Tough Bandages","Lantern","Darkstone Periapt","Happy Flower","Vajra"],"potions_floor_usage":[29,31],"damage_taken":[{"damage":1.0,"enemies":"Cultist","floor":1.0,"turns":4.0},{"damage":1.0,"enemies":"Jaw Worm","floor":3.0,"turns":5.0},{"damage":0.0,"enemies":"Small Slimes","floor":4.0,"turns":3.0},{"damage":1.0,"enemies":"2 Fungi Beasts","floor":5.0,"turns":5.0},{"damage":6.0,"enemies":"3 Louse","floor":7.0,"turns":4.0},{"damage":6.0,"enemies":"Lagavulin","floor":11.0,"turns":6.0},{"damage":5.0,"enemies":"Blue Slaver","floor":12.0,"turns":3.0},{"damage":2.0,"enemies":"Large Slime","floor":13.0,"turns":6.0},{"damage":10.0,"enemies":"Gremlin Nob","floor":14.0,"turns":4.0},{"damage":21.0,"enemies":"Hexaghost","floor":16.0,"turns":11.0},{"damage":7.0,"enemies":"Shell Parasite","floor":18.0,"turns":5.0},{"damage":5.0,"enemies":"3 Byrds","floor":21.0,"turns":4.0},{"damage":3,"enemies":"Centurion and Healer","floor":29,"turns":3},{"damage":18,"enemies":"Book of Stabbing","floor":30,"turns":6},{"damage":0,"enemies":"Chosen and Byrds","floor":31,"turns":4},{"damage":17,"enemies":"Collector","floor":33,"turns":6}],"seed_played":"6630725032216292142","potions_obtained":[{"floor":1.0,"key":"Strength Potion"},{"floor":3.0,"key":"SkillPotion"},{"floor":7.0,"key":"GhostInAJar"},{"floor":11.0,"key":"GhostInAJar"},{"floor":31,"key":"EntropicBrew"}],"is_trial":false,"path_per_floor":["M","?","M","M","M","R","M","R","T","?","E","M","M","E","R","B",null,"M","?","?","M","$","R","$","?","T","?","R","M","E","M","R"],"character_chosen":"THE_SILENT","items_purchased":["Tough Bandages","Lantern"],"campfire_rested":1,"item_purchase_floors":[22,22],"current_hp_per_floor":[76,81,80,80,79,79,73,73,73,57,51,46,44,34,34,13,82,75,59,53,48,48,48,48,48,48,48,48,45,27,27,51,34],"gold":74,"neow_bonus":"TEN_PERCENT_HP_BONUS","is_prod":false,"is_daily":false,"chose_seed":false,"campfire_upgraded":5,"win_rate":0,"timestamp":1540080692,"path_taken":["M","?","M","M","M","R","M","R","T","?","E","M","M","E","R","BOSS","M","?","?","M","$","R","$","?","T","?","R","M","E","M","R","BOSS"],"build_version":"2018-10-18","purchased_purges":0,"victory":false,"max_hp_per_floor":[77,82,82,82,82,82,82,82,82,82,82,82,82,82,82,82,82,82,82,82,82,82,82,82,82,82,82,82,82,82,82,82,82],"card_choices":[{"not_picked":["Caltrops","Flechettes"],"picked":"Slice","floor":1.0},{"not_picked":["Outmaneuver","Eviscerate"],"picked":"Sucker Punch","floor":3.0},{"not_picked":["Flying Knee","Setup"],"picked":"PiercingWail","floor":4.0},{"not_picked":["Underhanded Strike","Deflect"],"picked":"Dagger Throw","floor":5.0},{"not_picked":["Prepared","Deadly Poison"],"picked":"Accuracy","floor":7.0},{"not_picked":["Skewer","Finisher"],"picked":"Backstab","floor":11.0},{"not_picked":["Flying Knee","Dagger Throw"],"picked":"Tools of the Trade","floor":12.0},{"not_picked":["Bouncing Flask","Caltrops"],"picked":"Riddle With Holes","floor":13.0},{"not_picked":["Quick Slash","Backflip"],"picked":"Underhanded Strike","floor":14.0},{"not_picked":["Burst","Bullet Time"],"picked":"Glass Knife","floor":16.0},{"not_picked":["Blur","Bane"],"picked":"Dagger Spray","floor":17.0},{"not_picked":["Tactician","Acrobatics"],"picked":"Deadly Poison","floor":17.0},{"not_picked":["Flechettes","Deadly Poison"],"picked":"Bane","floor":17.0},{"not_picked":["Skewer","Quick Slash"],"picked":"Leg Sweep","floor":18.0},{"not_picked":["Bane","Finisher","Dagger Spray"],"picked":"SKIP","floor":21.0},{"not_picked":["Masterful Stab","Burst","Quick Slash"],"picked":"SKIP","floor":29},{"not_picked":["Setup","PiercingWail"],"picked":"Caltrops+1","floor":30},{"not_picked":["Dodge and Roll","Deadly Poison","Bane"],"picked":"SKIP","floor":31}],"player_experience":724770,"relics_obtained":[{"floor":9.0,"key":"Omamori"},{"floor":14.0,"key":"Oddly Smooth Stone"},{"floor":19.0,"key":"Necronomicon"},{"floor":26.0,"key":"Happy Flower"},{"floor":30,"key":"Vajra"}],"event_choices":[{"damage_healed":0.0,"max_hp_gain":5.0,"max_hp_loss":0.0,"gold_gain":0.0,"event_name":"Big Fish","player_choice":"Donut","floor":2.0,"gold_loss":0.0,"damage_taken":0.0},{"damage_healed":0.0,"max_hp_gain":0.0,"max_hp_loss":0.0,"gold_gain":0.0,"event_name":"Shining Light","player_choice":"Entered Light","floor":10.0,"gold_loss":0.0,"damage_taken":16.0,"cards_upgraded":["Defend_G","Slice"]},{"damage_healed":0.0,"max_hp_gain":0.0,"max_hp_loss":0.0,"gold_gain":0.0,"event_name":"Cursed Tome","player_choice":"Obtained Book","floor":19.0,"gold_loss":0.0,"damage_taken":16.0},{"damage_healed":0.0,"max_hp_gain":0.0,"max_hp_loss":0.0,"gold_gain":0.0,"event_name":"Nest","player_choice":"Joined the Cult","floor":20.0,"gold_loss":0.0,"damage_taken":6.0,"cards_obtained":["RitualDagger"]},{"damage_healed":0.0,"max_hp_gain":0.0,"max_hp_loss":0.0,"gold_gain":0.0,"event_name":"Addict","player_choice":"Stole Relic","floor":25.0,"gold_loss":0.0,"damage_taken":0.0,"relics_obtained":["Darkstone Periapt"],"cards_obtained":["Shame"]},{"damage_healed":0,"gold_gain":0,"cards_transformed":["Accuracy"],"player_choice":"Transformed","damage_taken":0,"max_hp_gain":0,"max_hp_loss":0,"event_name":"Transmorgrifier","floor":27,"gold_loss":0,"cards_obtained":["Eviscerate"]}],"is_beta":false,"boss_relics":[{"not_picked":["Busted Crown","HoveringKite"],"picked":"Orrery"}],"items_purged_floors":[],"is_endless":false,"potions_floor_spawned":[1,3,7,11,13,31],"killed_by":"Collector","ascension_level":0}