{"gold_per_floor":[115,133,152,170,186,211,241,251,251,269,299,299,325,344,344,446,446,457,474,18,18,18,50,50,78,78,18,52,62,62,78,78,182,182,200,200,220,239,239,274,274,27,50,63,77,77,91,105,105,105],"floor_reached":51,"playtime":4088,"items_purged":[],"score":1042,"play_id":"37b4bcd4-3498-414e-94c3-6daf05772229","local_time":"20181024122557","is_ascension_mode":true,"campfire_choices":[{"data":"Setup","floor":12,"key":"SMITH"},{"floor":15,"key":"REST"},{"data":"Noxious Fumes","floor":24,"key":"SMITH"},{"floor":32,"key":"REST"},{"floor":41,"key":"REST"},{"floor":46,"key":"REST"},{"floor":49,"key":"REST"}],"neow_cost":"NONE","seed_source_timestamp":318899348396438,"circlet_count":0,"master_deck":["Survivor","Neutralize","Quick Slash","Blade Dance+1","Finisher","Dash","Blade Dance","Sucker Punch","Setup+1","All Out Attack","Dagger Spray","Leg Sweep","Heel Hook","Dagger Spray","Backflip","Dash","Infinite Blades","Blade Dance","Corpse Explosion","Noxious Fumes+1","After Image","Quick Slash","Deflect+1","Bite","Bite","Bite","Bite","Bite","Well Laid Plans","Wraith Form v2","Prepared","Madness","Madness","Cloak And Dagger+1","PanicButton","Backflip","Parasite","Blur","Terror"],"relics":["Pandora\u0027s Box","Strawberry","Tiny Chest","Orichalcum","Juzu Bracelet","The Courier","Busted Crown","PreservedInsect","Gremlin Horn","War Paint","MutagenicStrength","StoneCalendar","Blood Vial","Pear","Boot","Fusion Hammer","Oddly Smooth Stone","Paper Crane","Lantern"],"potions_floor_usage":[11,16,25,33,40,40,45,47,50,50,50],"damage_taken":[{"damage":0,"enemies":"2 Louse","floor":1,"turns":2},{"damage":0,"enemies":"Small Slimes","floor":2,"turns":2},{"damage":0,"enemies":"Jaw Worm","floor":3,"turns":3},{"damage":0,"enemies":"2 Fungi Beasts","floor":4,"turns":3},{"damage":4,"enemies":"Looter","floor":5,"turns":3},{"damage":15,"enemies":"Lagavulin","floor":6,"turns":6},{"damage":17,"enemies":"Large Slime","floor":8,"turns":5},{"damage":0,"enemies":"2 Fungi Beasts","floor":10,"turns":2},{"damage":6,"enemies":"Gremlin Nob","floor":11,"turns":3},{"damage":9,"enemies":"Lagavulin","floor":13,"turns":7},{"damage":9,"enemies":"3 Louse","floor":14,"turns":2},{"damage":22,"enemies":"The Guardian","floor":16,"turns":9},{"damage":10,"enemies":"2 Thieves","floor":18,"turns":3},{"damage":12,"enemies":"Spheric Guardian","floor":19,"turns":4},{"damage":0,"enemies":"Gremlin Leader","floor":23,"turns":3},{"damage":0,"enemies":"Slavers","floor":25,"turns":3},{"damage":32,"enemies":"Book of Stabbing","floor":28,"turns":4},{"damage":2,"enemies":"Chosen and Byrds","floor":29,"turns":3},{"damage":10,"enemies":"Snake Plant","floor":31,"turns":3},{"damage":67,"enemies":"Automaton","floor":33,"turns":9},{"damage":9,"enemies":"3 Darklings","floor":35,"turns":3},{"damage":13,"enemies":"Orb Walker","floor":37,"turns":4},{"damage":32,"enemies":"Jaw Worm Horde","floor":38,"turns":4},{"damage":8,"enemies":"Nemesis","floor":40,"turns":4},{"damage":8,"enemies":"4 Shapes","floor":44,"turns":2},{"damage":24,"enemies":"Writhing Mass","floor":45,"turns":6},{"damage":12,"enemies":"Spire Growth","floor":47,"turns":5},{"damage":27,"enemies":"4 Shapes","floor":48,"turns":5},{"damage":31,"enemies":"Time Eater","floor":50,"turns":13}],"seed_played":"3083778484174837231","potions_obtained":[{"floor":2,"key":"AttackPotion"},{"floor":4,"key":"SkillPotion"},{"floor":8,"key":"FearPotion"},{"floor":11,"key":"FearPotion"},{"floor":14,"key":"Strength Potion"},{"floor":18,"key":"Dexterity Potion"},{"floor":29,"key":"SpeedPotion"},{"floor":31,"key":"Fruit Juice"},{"floor":38,"key":"SpeedPotion"},{"floor":45,"key":"SteroidPotion"},{"floor":47,"key":"Weak Potion"},{"floor":48,"key":"GhostInAJar"}],"is_trial":false,"path_per_floor":["M","M","M","M","M","E","?","M","T","M","E","R","E","M","R","B",null,"M","M","$","?","?","E","R","E","T","$","E","M","?","M","R","B",null,"M","?","M","M","?","E","R","$","T","M","M","R","M","M","R","B"],"character_chosen":"THE_SILENT","items_purchased":["PreservedInsect","Gremlin Horn","War Paint","Well Laid Plans","Paper Crane","Block Potion"],"campfire_rested":5,"item_purchase_floors":[20,20,20,27,42,42],"current_hp_per_floor":[63,63,63,63,59,51,48,31,31,31,25,25,16,7,30,8,60,50,38,38,38,38,44,44,48,58,58,36,40,40,38,56,2,52,49,40,33,9,9,9,29,29,29,23,11,31,27,10,30,7],"gold":105,"neow_bonus":"BOSS_RELIC","is_prod":false,"is_daily":false,"chose_seed":false,"campfire_upgraded":2,"win_rate":0,"timestamp":1540409157,"path_taken":["M","M","M","M","M","E","?","M","T","M","E","R","E","M","R","BOSS","M","M","$","?","?","E","R","E","T","$","E","M","?","M","R","BOSS","M","?","M","M","?","E","R","$","T","M","M","R","M","M","R","BOSS"],"build_version":"2018-10-18","purchased_purges":0,"victory":true,"max_hp_per_floor":[70,70,70,70,70,77,77,77,77,77,77,77,77,77,77,77,77,77,77,77,77,53,53,53,53,63,63,63,63,63,63,63,68,68,68,68,68,68,68,68,68,68,68,68,68,68,68,68,68,68],"card_choices":[{"not_picked":["Footwork","Tactician"],"picked":"Leg Sweep","floor":1},{"not_picked":["Riddle With Holes","Outmaneuver"],"picked":"Heel Hook","floor":2},{"not_picked":["Outmaneuver","Slice"],"picked":"Dagger Spray","floor":3},{"not_picked":["Bane","Acrobatics"],"picked":"Backflip","floor":4},{"not_picked":["Bane","Deadly Poison","Poisoned Stab"],"picked":"SKIP","floor":5},{"not_picked":["Blade Dance","After Image"],"picked":"Dash","floor":6},{"not_picked":["Slice","Dodge and Roll"],"picked":"Infinite Blades","floor":8},{"not_picked":["Skewer","All Out Attack"],"picked":"Blade Dance","floor":10},{"not_picked":["Dodge and Roll","Underhanded Strike"],"picked":"Corpse Explosion","floor":11},{"not_picked":["Distraction","Footwork"],"picked":"Noxious Fumes","floor":13},{"not_picked":["Deadly Poison","Bane","Distraction"],"picked":"SKIP","floor":14},{"not_picked":["Tools of the Trade","Burst"],"picked":"After Image","floor":16},{"not_picked":[],"picked":"Quick Slash","floor":18},{"not_picked":[],"picked":"Deflect","floor":19},{"not_picked":["Noxious Fumes"],"picked":"SKIP","floor":23},{"not_picked":["Dagger Spray"],"picked":"SKIP","floor":25},{"not_picked":["Blur"],"picked":"SKIP","floor":28},{"not_picked":["Slice+1"],"picked":"SKIP","floor":29},{"not_picked":["Dash"],"picked":"SKIP","floor":31},{"not_picked":[],"picked":"Wraith Form v2","floor":33},{"not_picked":[],"picked":"Prepared","floor":35},{"not_picked":["Cloak And Dagger"],"picked":"SKIP","floor":37},{"not_picked":[],"picked":"Cloak And Dagger+1","floor":38},{"not_picked":[],"picked":"PanicButton","floor":39},{"not_picked":[],"picked":"Backflip","floor":40},{"not_picked":["Underhanded Strike"],"picked":"SKIP","floor":44},{"not_picked":[],"picked":"Blur","floor":45},{"not_picked":[],"picked":"Terror","floor":47},{"not_picked":["Slice+1"],"picked":"SKIP","floor":48}],"player_experience":45497,"relics_obtained":[{"floor":6,"key":"Strawberry"},{"floor":9,"key":"Orichalcum"},{"floor":11,"key":"Juzu Bracelet"},{"floor":13,"key":"The Courier"},{"floor":23,"key":"StoneCalendar"},{"floor":25,"key":"Blood Vial"},{"floor":26,"key":"Pear"},{"floor":28,"key":"Boot"},{"floor":40,"key":"Oddly Smooth Stone"},{"floor":43,"key":"Lantern"}],"event_choices":[{"damage_healed":0,"gold_gain":0,"player_choice":"Success","damage_taken":3,"relics_obtained":["Tiny Chest"],"max_hp_gain":0,"max_hp_loss":0,"event_name":"Scrap Ooze","floor":7,"gold_loss":0},{"damage_healed":0,"gold_gain":0,"player_choice":"Inject Mutagens","damage_taken":0,"relics_obtained":["MutagenicStrength"],"max_hp_gain":0,"max_hp_loss":0,"event_name":"Drug Dealer","floor":21,"gold_loss":0},{"damage_healed":0,"gold_gain":0,"player_choice":"Became a vampire","damage_taken":0,"max_hp_gain":0,"max_hp_loss":24,"event_name":"Vampires","floor":22,"gold_loss":0,"cards_obtained":["Bite","Bite","Bite","Bite","Bite"]},{"cards_removed":["Flechettes"],"damage_healed":0,"gold_gain":0,"player_choice":"Elegance","damage_taken":0,"max_hp_gain":0,"max_hp_loss":0,"event_name":"Back to Basics","floor":30,"gold_loss":0},{"damage_healed":0,"gold_gain":0,"player_choice":"Embrace Madness","damage_taken":9,"max_hp_gain":0,"max_hp_loss":0,"event_name":"Winding Halls","floor":36,"gold_loss":0,"cards_obtained":["Madness","Madness"]},{"damage_healed":0,"gold_gain":0,"player_choice":"Memory 1","damage_taken":0,"max_hp_gain":0,"max_hp_loss":0,"event_name":"SensoryStone","floor":39,"gold_loss":0}],"is_beta":false,"boss_relics":[{"not_picked":["Eternal Feather","HoveringKite"],"picked":"Busted Crown"},{"not_picked":["Runic Dome","Empty Cage"],"picked":"Fusion Hammer"}],"items_purged_floors":[],"is_endless":false,"potions_floor_spawned":[2,4,8,11,14,18,29,31,38,45,47,48],"ascension_level":6}