{"gold_per_floor":[111,122,122,297,148,148,183,197,197,224,235,235,255,270,270,370,370,384,384,395,318,337,337,337],"floor_reached":24,"playtime":1597,"items_purged":["Doubt"],"score":281,"play_id":"db0f3e97-96b6-4213-b779-cbeceac70f2d","local_time":"20180714145507","is_ascension_mode":true,"campfire_choices":[{"data":"Conserve Battery","floor":6,"key":"SMITH"},{"floor":12,"key":"REST"},{"floor":15,"key":"REST"},{"floor":23,"key":"REST"}],"neow_cost":"NONE","seed_source_timestamp":11411620857621,"circlet_count":0,"master_deck":["Strike_B","Strike_B","Strike_B","Defend_B","Defend_B","Defend_B","Defend_B+1","Zap+1","Dualcast","Conserve Battery+1","Redo","Leap+1","Conserve Battery","Fusion","Turbo","Ball Lightning","Ball Lightning","Creative AI","Rebound+1","Loop","Conserve Battery","J.A.X.","Ball Lightning"],"relics":["Cracked Core","Thread and Needle","Symbiotic Virus","War Paint","Inserter"],"potions_floor_usage":[7,7,16,22],"damage_taken":[{"damage":19,"enemies":"Small Slimes","floor":1,"turns":4},{"damage":0,"enemies":"Jaw Worm","floor":2,"turns":3},{"damage":13,"enemies":"3 Sentries","floor":7,"turns":4},{"damage":0,"enemies":"2 Louse","floor":8,"turns":2},{"damage":41,"enemies":"Gremlin Nob","floor":10,"turns":5},{"damage":0,"enemies":"Blue Slaver","floor":11,"turns":4},{"damage":0,"enemies":"Red Slaver","floor":13,"turns":3},{"damage":5,"enemies":"Gremlin Gang","floor":14,"turns":4},{"damage":16,"enemies":"The Guardian","floor":16,"turns":9},{"damage":19,"enemies":"Shell Parasite","floor":18,"turns":6},{"damage":18,"enemies":"Spheric Guardian","floor":20,"turns":4},{"damage":7,"enemies":"Centurion and Healer","floor":22,"turns":6},{"damage":52,"enemies":"Snake Plant","floor":24,"turns":5}],"seed_played":"8968934081182526183","potions_obtained":[{"floor":1,"key":"Dexterity Potion"},{"floor":2,"key":"AttackPotion"},{"floor":8,"key":"SteroidPotion"},{"floor":10,"key":"SteroidPotion"},{"floor":20,"key":"Block Potion"}],"is_trial":false,"path_per_floor":["M","M","?","?","$","R","E","M","T","E","M","R","M","M","R","B",null,"M","?","M","?","M","R"],"character_chosen":"DEFECT","items_purchased":["FocusPotion"],"campfire_rested":3,"item_purchase_floors":[5],"current_hp_per_floor":[49,49,74,74,74,74,61,61,61,20,20,42,42,37,59,43,67,48,48,30,30,23,45,0],"gold":337,"neow_bonus":"UPGRADE_CARD","is_prod":false,"is_daily":false,"chose_seed":false,"campfire_upgraded":1,"win_rate":0,"timestamp":1531594507,"path_taken":["M","M","?","?","$","R","E","?","T","E","?","R","M","M","R","BOSS","M","?","M","?","M","R","M"],"build_version":"2018-07-12","purchased_purges":1,"victory":false,"max_hp_per_floor":[75,75,75,75,75,75,75,75,75,75,75,75,75,75,75,75,75,75,75,75,75,75,75,75],"card_choices":[{"not_picked":["Melter","Compile Driver"],"picked":"Conserve Battery","floor":1},{"not_picked":["Hologram","Compile Driver"],"picked":"Redo","floor":2},{"not_picked":["Reboot","Gash"],"picked":"Leap","floor":7},{"not_picked":["Beam Cell","Undo"],"picked":"Conserve Battery","floor":8},{"not_picked":["Rebound","Go for the Eyes"],"picked":"Fusion","floor":10},{"not_picked":["Barrage","Auto Shields"],"picked":"Turbo","floor":11},{"not_picked":["Hologram","Streamline"],"picked":"Ball Lightning","floor":13},{"not_picked":["Compile Driver","Loop"],"picked":"Ball Lightning","floor":14},{"not_picked":["Fission","Meteor Strike"],"picked":"Creative AI","floor":16},{"not_picked":["Blizzard","Steam"],"picked":"Rebound+1","floor":18},{"not_picked":["Sweeping Beam","Gash"],"picked":"Conserve Battery","floor":20},{"not_picked":["Beam Cell+1","Heatsinks"],"picked":"Ball Lightning","floor":22}],"player_experience":361251,"relics_obtained":[{"floor":7,"key":"Thread and Needle"},{"floor":9,"key":"Symbiotic Virus"},{"floor":10,"key":"War Paint"}],"event_choices":[{"event_name":"Big Fish","player_choice":"Banana","floor":3,"damage_taken":0},{"event_name":"Liars Game","player_choice":"agreed","floor":4,"damage_taken":0},{"event_name":"Transmorgrifier","player_choice":"Transform","floor":19,"damage_taken":0},{"event_name":"Drug Dealer","player_choice":"Got JAXXED","floor":21,"damage_taken":0}],"boss_relics":[{"not_picked":["Coffee Dripper","Busted Crown"],"picked":"Inserter"}],"items_purged_floors":[5],"is_endless":false,"potions_floor_spawned":[1,2,8,10,20],"killed_by":"Snake Plant","ascension_level":7}