{"gold_per_floor":[111,111,111,128,74,107,107,127,152,168,168,168,194,208,208,312,312,324,337,337,354,180,209,209,227,227,246,246,461,461,476,476,572,572,589,608,621,351,369,369,383,403,403,403,403,96,115,135,135,135],"floor_reached":51,"playtime":1824,"items_purged":["Strike_B"],"score":758,"play_id":"f7ee7ef6-fe20-40bd-a02f-54e2135f7c4f","local_time":"20181208143320","is_ascension_mode":false,"campfire_choices":[{"data":"Defragment","floor":11,"key":"SMITH"},{"data":"Defragment","floor":15,"key":"SMITH"},{"data":"Rainbow","floor":24,"key":"SMITH"},{"data":"Defragment","floor":28,"key":"SMITH"},{"data":"Dualcast","floor":32,"key":"SMITH"},{"floor":40,"key":"REST"},{"floor":45,"key":"REST"},{"data":"Defragment","floor":49,"key":"SMITH"}],"neow_cost":"NONE","seed_source_timestamp":832043584780976,"circlet_count":0,"master_deck":["Strike_B+1","Strike_B","Strike_B+1","Defend_B","Zap","Dualcast+1","Coolheaded+1","Conserve Battery+1","Defragment+1","Rainbow+1","Defragment+1","Seek","Cold Snap","Defragment+1","Conserve Battery","Go for the Eyes+1","Undo","Thunder Strike+1","Double Energy+1","Chaos+1","Glacier+1","Steam+1","Tempest+1","Defragment+1","Defragment+1","Ball Lightning+1","Cold Snap+1","Defragment","Conserve Battery","Defragment+1"],"relics":["Cracked Core","Lantern","Oddly Smooth Stone","War Paint","Whetstone","Nuclear Battery","Anchor","Molten Egg 2","Mercury Hourglass","Old Coin","Astrolabe","DollysMirror","Ancient Tea Set","Bottled Tornado"],"potions_floor_usage":[19,27,42,47,50,50],"damage_taken":[{"damage":2,"enemies":"Jaw Worm","floor":1,"turns":4},{"damage":1,"enemies":"2 Louse","floor":4,"turns":2},{"damage":15,"enemies":"Lagavulin","floor":6,"turns":13},{"damage":0,"enemies":"Cultist","floor":8,"turns":4},{"damage":0,"enemies":"Blue Slaver","floor":10,"turns":3},{"damage":7,"enemies":"3 Sentries","floor":13,"turns":7},{"damage":10,"enemies":"Exordium Wildlife","floor":14,"turns":3},{"damage":0,"enemies":"The Guardian","floor":16,"turns":9},{"damage":4,"enemies":"2 Thieves","floor":18,"turns":4},{"damage":0,"enemies":"3 Byrds","floor":19,"turns":3},{"damage":0,"enemies":"Cultist and Chosen","floor":21,"turns":6},{"damage":14,"enemies":"Slavers","floor":23,"turns":6},{"damage":0,"enemies":"Centurion and Healer","floor":25,"turns":6},{"damage":0,"enemies":"3 Cultists","floor":27,"turns":5},{"damage":6,"enemies":"Snecko","floor":31,"turns":4},{"damage":4,"enemies":"Champ","floor":33,"turns":11},{"damage":39,"enemies":"3 Darklings","floor":35,"turns":7},{"damage":0,"enemies":"Orb Walker","floor":36,"turns":4},{"damage":23,"enemies":"Sphere and 2 Shapes","floor":37,"turns":5},{"damage":0,"enemies":"Spire Growth","floor":39,"turns":5},{"damage":5,"enemies":"3 Darklings","floor":41,"turns":3},{"damage":7,"enemies":"Sphere and 2 Shapes","floor":42,"turns":5},{"damage":0,"enemies":"Transient","floor":47,"turns":5},{"damage":0,"enemies":"4 Shapes","floor":48,"turns":3},{"damage":11,"enemies":"Time Eater","floor":50,"turns":10}],"seed_played":"5374627732194032563","potions_obtained":[{"floor":6,"key":"Energy Potion"},{"floor":8,"key":"SneckoOil"},{"floor":13,"key":"FocusPotion"},{"floor":14,"key":"SpeedPotion"},{"floor":25,"key":"Regen Potion"},{"floor":27,"key":"SpeedPotion"},{"floor":31,"key":"Weak Potion"},{"floor":39,"key":"Regen Potion"},{"floor":41,"key":"Regen Potion"},{"floor":48,"key":"AttackPotion"}],"is_trial":false,"path_per_floor":["M","$","?","M","$","E","?","M","T","M","R","?","E","M","R","B",null,"M","M","$","M","$","E","R","M","T","M","R","?","?","M","R","B",null,"M","M","M","$","M","R","M","M","T","?","R","$","M","M","R","B",null],"character_chosen":"DEFECT","items_purchased":["Conserve Battery","Conserve Battery","Anchor","DollysMirror","Bottled Tornado","Conserve Battery"],"campfire_rested":2,"item_purchase_floors":[5,22,22,38,46,46],"current_hp_per_floor":[73,73,78,77,77,62,62,62,62,62,62,62,55,45,45,45,80,76,76,76,76,76,62,62,62,62,76,76,76,76,70,70,66,80,41,41,18,18,18,42,37,44,44,44,68,68,80,80,80,69],"gold":135,"neow_bonus":"RANDOM_COMMON_RELIC","is_prod":false,"is_daily":false,"chose_seed":false,"campfire_upgraded":6,"win_rate":0,"timestamp":1544279600,"path_taken":["M","$","?","M","$","E","?","M","T","M","R","?","E","M","R","BOSS","M","M","$","M","$","E","R","M","T","M","R","?","?","M","R","BOSS","M","M","M","$","M","R","M","M","T","?","R","$","M","M","R","BOSS"],"build_version":"2018-12-06","purchased_purges":1,"victory":true,"max_hp_per_floor":[75,75,80,80,80,80,80,80,80,80,80,80,80,80,80,80,80,80,80,80,80,80,80,80,80,80,80,80,80,80,80,80,80,80,80,80,80,80,80,80,80,80,80,80,80,80,80,80,80,80],"card_choices":[{"not_picked":["Self Repair","Tempest"],"picked":"Coolheaded","floor":1},{"not_picked":["Self Repair","Compile Driver","Beam Cell"],"picked":"SKIP","floor":4},{"not_picked":["Compile Driver","Force Field"],"picked":"Defragment","floor":6},{"not_picked":["Steam","Leap","Streamline"],"picked":"SKIP","floor":8},{"not_picked":["Stack","Beam Cell"],"picked":"Ball Lightning","floor":10},{"not_picked":["Gash","Barrage"],"picked":"Rainbow","floor":13},{"not_picked":["Skim","Redo"],"picked":"Defragment","floor":14},{"not_picked":["Reboot","Biased Cognition"],"picked":"Seek","floor":16},{"not_picked":["Coolheaded","Beam Cell+1","Rip and Tear"],"picked":"SKIP","floor":18},{"not_picked":["Beam Cell","Recycle"],"picked":"Cold Snap","floor":19},{"not_picked":["Self Repair","Sweeping Beam"],"picked":"Defragment","floor":21},{"not_picked":["Steam","Multi-Cast"],"picked":"Go for the Eyes","floor":23},{"not_picked":["Melter+1","Beam Cell+1"],"picked":"Undo","floor":25},{"not_picked":["Beam Cell+1","Aggregate","Redo+1"],"picked":"SKIP","floor":27},{"not_picked":["Compile Driver+1","Coolheaded","Skim"],"picked":"SKIP","floor":31},{"not_picked":["Reboot","Amplify"],"picked":"Thunder Strike+1","floor":33},{"not_picked":["Coolheaded","Tempest"],"picked":"Steam+1","floor":35},{"not_picked":["Sweeping Beam+1","Tempest+1","Streamline+1"],"picked":"SKIP","floor":36},{"not_picked":["Sweeping Beam+1","Streamline+1"],"picked":"Tempest+1","floor":36},{"not_picked":["Gash+1","Undo"],"picked":"Defragment","floor":37},{"not_picked":["Compile Driver+1","Steam Power+1"],"picked":"Ball Lightning+1","floor":39},{"not_picked":["Rebound+1","Turbo"],"picked":"Cold Snap+1","floor":41},{"not_picked":["Buffer","Leap+1"],"picked":"Defragment","floor":42},{"not_picked":["Cold Snap+1","Ball Lightning+1"],"picked":"Defragment+1","floor":47},{"not_picked":["Leap","Turbo","Coolheaded"],"picked":"SKIP","floor":48}],"player_experience":867460,"relics_obtained":[{"floor":6,"key":"Oddly Smooth Stone"},{"floor":9,"key":"War Paint"},{"floor":13,"key":"Whetstone"},{"floor":23,"key":"Molten Egg 2"},{"floor":26,"key":"Mercury Hourglass"},{"floor":43,"key":"Ancient Tea Set"}],"event_choices":[{"damage_healed":0,"gold_gain":0,"player_choice":"Donut","damage_taken":0,"max_hp_gain":5,"max_hp_loss":0,"event_name":"Big Fish","floor":3,"gold_loss":0},{"damage_healed":0,"gold_gain":0,"player_choice":"Leave","damage_taken":0,"max_hp_gain":0,"max_hp_loss":0,"event_name":"The Cleric","floor":7,"gold_loss":0},{"damage_healed":0,"gold_gain":0,"player_choice":"Bought 0 Potions","damage_taken":0,"max_hp_gain":0,"max_hp_loss":0,"event_name":"The Woman in Blue","floor":12,"gold_loss":0},{"damage_healed":0,"gold_gain":0,"player_choice":"Obtained Relic","damage_taken":0,"relics_obtained":["Old Coin"],"max_hp_gain":0,"max_hp_loss":0,"event_name":"Addict","floor":29,"gold_loss":85},{"damage_healed":0,"gold_gain":0,"player_choice":"Ignored","damage_taken":0,"max_hp_gain":0,"max_hp_loss":0,"event_name":"Ghosts","floor":30,"gold_loss":0},{"cards_removed":["Ball Lightning"],"damage_healed":0,"gold_gain":0,"player_choice":"Removed Attack","damage_taken":0,"max_hp_gain":0,"max_hp_loss":0,"event_name":"Falling","floor":44,"gold_loss":0}],"is_beta":false,"boss_relics":[{"not_picked":["Empty Cage","Black Star"],"picked":"Nuclear Battery"},{"not_picked":["Pandora\u0027s Box","Velvet Choker"],"picked":"Astrolabe"}],"items_purged_floors":[38],"is_endless":false,"potions_floor_spawned":[6,8,13,14,25,27,31,33,39,41,48],"ascension_level":0}