{"gold_per_floor":[117,192,212,212,212,212,22,22,22,39,52,52,66,80,80,185,185,199,199,199],"floor_reached":20,"playtime":655,"items_purged":["Strike_G"],"score":164,"play_id":"6567d165-36ae-4d4a-b132-098cf36d50c1","local_time":"20181007183451","is_ascension_mode":false,"campfire_choices":[{"data":"Neutralize","floor":6.0,"key":"SMITH"},{"data":"Dagger Spray","floor":8.0,"key":"SMITH"},{"data":"Dagger Spray","floor":12.0,"key":"SMITH"},{"floor":15.0,"key":"REST"}],"neow_cost":"","seed_source_timestamp":0,"circlet_count":0,"master_deck":["Defend_G","Defend_G","Defend_G","Defend_G","Defend_G","Strike_G","Strike_G","Strike_G","Survivor","Neutralize+1","Dagger Spray+1","Dagger Throw","Noxious Fumes","Bouncing Flask","Acrobatics","Dagger Spray+1","Bouncing Flask","Tools of the Trade"],"special_seed":0,"relics":["Ring of the Snake","NlothsMask","Velvet Choker"],"potions_floor_usage":[],"damage_taken":[{"damage":0.0,"enemies":"Cultist","floor":1.0,"turns":4.0},{"damage":2.0,"enemies":"2 Louse","floor":3.0,"turns":2.0},{"damage":3.0,"enemies":"Jaw Worm","floor":10.0,"turns":4.0},{"damage":4.0,"enemies":"Looter","floor":11.0,"turns":4.0},{"damage":0.0,"enemies":"3 Louse","floor":13.0,"turns":1.0},{"damage":7.0,"enemies":"Exordium Thugs","floor":14.0,"turns":3.0},{"damage":20.0,"enemies":"Hexaghost","floor":16.0,"turns":8.0},{"damage":13,"enemies":"Shell Parasite","floor":18,"turns":5},{"damage":22,"enemies":"Colosseum Slavers","floor":20,"turns":5},{"damage":35,"enemies":"Colosseum Nobs","floor":20,"turns":3}],"seed_played":"1673849110763492160","potions_obtained":[{"floor":1.0,"key":"Dexterity Potion"},{"floor":11.0,"key":"Ancient Potion"}],"is_trial":false,"path_per_floor":["M","?","M","?","?","R","$","R","T","M","M","R","M","M","R","B",null,"M","?"],"character_chosen":"THE_SILENT","items_purchased":["Noxious Fumes","Bouncing Flask"],"campfire_rested":1,"item_purchase_floors":[7,7],"current_hp_per_floor":[70,59,57,50,50,50,50,50,50,47,43,43,43,36,57,37,70,57,57,0],"gold":199,"neow_bonus":"","is_prod":false,"is_daily":false,"chose_seed":false,"campfire_upgraded":3,"win_rate":0.0,"timestamp":1538908491,"path_taken":["M","?","M","?","?","R","$","R","T","M","M","R","M","?","R","BOSS","M","?","?"],"build_version":"2018-10-04v2","purchased_purges":1,"victory":false,"max_hp_per_floor":[70,70,70,70,70,70,70,70,70,70,70,70,70,70,70,70,70,70,70,70],"card_choices":[{"not_picked":["Masterful Stab","Deadly Poison"],"picked":"Dagger Spray","floor":1.0},{"not_picked":["Deadly Poison","Slice"],"picked":"Dagger Throw","floor":3.0},{"not_picked":["Skewer","Finisher"],"picked":"Acrobatics","floor":10.0},{"not_picked":["Deadly Poison","Blade Dance"],"picked":"Dagger Spray","floor":11.0},{"not_picked":["Dodge and Roll","Underhanded Strike"],"picked":"Bouncing Flask","floor":13.0},{"not_picked":["Outmaneuver","Deadly Poison","PiercingWail"],"picked":"SKIP","floor":14.0},{"not_picked":["Die Die Die","Venomology"],"picked":"Tools of the Trade","floor":16.0},{"not_picked":["Dodge and Roll","Deflect","Flying Knee+1"],"picked":"SKIP","floor":18}],"player_experience":3788,"relics_obtained":[],"event_choices":[{"event_name":"World of Goop","player_choice":"Gather Gold","floor":2.0,"damage_taken":0.0},{"event_name":"Golden Wing","player_choice":"Card Removal","floor":4.0,"damage_taken":0.0},{"event_name":"FaceTrader","player_choice":"Trade","floor":5.0,"damage_taken":0.0},{"event_name":"Ghosts","player_choice":"Ignored","floor":19,"damage_taken":0},{"event_name":"Colosseum","player_choice":"Fight","floor":20,"damage_taken":0},{"event_name":"Colosseum","player_choice":"Fought Nobs","floor":20,"damage_taken":0}],"is_beta":false,"boss_relics":[{"not_picked":["Calling Bell","Orrery"],"picked":"Velvet Choker"}],"items_purged_floors":[7],"is_endless":false,"potions_floor_spawned":[1,11,20],"killed_by":"Colosseum Nobs","ascension_level":0}