{"gold_per_floor":[115,115,126,142,161,161,174,207,207,382,398,398,245,279,279,279],"floor_reached":16,"playtime":365,"items_purged":["Doubt"],"score":112,"play_id":"cfa24f97-ead0-4a30-9c6a-0c76c0987352","local_time":"20190106140343","is_ascension_mode":false,"campfire_choices":[{"data":"Dualcast","floor":6.0,"key":"SMITH"},{"data":"Zap","floor":15.0,"key":"SMITH"}],"neow_cost":"NONE","seed_source_timestamp":0,"circlet_count":0,"master_deck":["Strike_B","Strike_B+1","Strike_B","Strike_B","Defend_B","Defend_B","Defend_B+1","Defend_B","Zap+1","Dualcast+1","Ball Lightning","Conserve Battery","Conserve Battery","Coolheaded","Auto Shields"],"special_seed":0,"relics":["Cracked Core","Art of War","Darkstone Periapt","Orichalcum"],"potions_floor_usage":[],"damage_taken":[{"damage":10.0,"enemies":"Small Slimes","floor":1.0,"turns":4.0},{"damage":0.0,"enemies":"2 Louse","floor":3.0,"turns":1.0},{"damage":6.0,"enemies":"Jaw Worm","floor":4.0,"turns":2.0},{"damage":4.0,"enemies":"2 Fungi Beasts","floor":5.0,"turns":4.0},{"damage":8.0,"enemies":"Exordium Thugs","floor":7.0,"turns":3.0},{"damage":11.0,"enemies":"Lagavulin","floor":8.0,"turns":5.0},{"damage":0.0,"enemies":"Blue Slaver","floor":11.0,"turns":4.0},{"damage":7.0,"enemies":"3 Sentries","floor":14.0,"turns":7.0},{"damage":0,"enemies":"Slime Boss","floor":16,"turns":1}],"seed_played":"826836505712878649","potions_obtained":[{"floor":4.0,"key":"FearPotion"},{"floor":7.0,"key":"SteroidPotion"}],"is_trial":false,"path_per_floor":["M","$","M","M","M","R","M","E","T","?","M","?","$","E","R","B"],"character_chosen":"DEFECT","items_purchased":["Auto Shields"],"campfire_rested":0,"item_purchase_floors":[13],"current_hp_per_floor":[72,72,72,66,62,62,54,43,43,49,49,31,31,24,24,24],"gold":279,"neow_bonus":"TEN_PERCENT_HP_BONUS","is_prod":false,"is_daily":false,"chose_seed":false,"campfire_upgraded":2,"win_rate":0,"timestamp":1546783423,"path_taken":["M","$","M","M","M","R","M","E","T","?","M","?","$","E","R","BOSS"],"build_version":"2019-01-03v4","purchased_purges":1,"victory":false,"max_hp_per_floor":[82,82,82,82,82,82,82,82,82,88,88,88,88,88,88,88],"card_choices":[{"not_picked":["Rebound","Redo","Barrage"],"picked":"SKIP","floor":1.0},{"not_picked":["Steam Power","Stack"],"picked":"Ball Lightning","floor":3.0},{"not_picked":["Leap","Barrage","Steam"],"picked":"SKIP","floor":4.0},{"not_picked":["Ball Lightning","Tempest"],"picked":"Conserve Battery","floor":5.0},{"not_picked":["Streamline","Sweeping Beam"],"picked":"Conserve Battery","floor":7.0},{"not_picked":["Scrape","Hyperbeam"],"picked":"Coolheaded","floor":8.0},{"not_picked":["Double Energy","Scrape","Blizzard"],"picked":"SKIP","floor":11.0},{"not_picked":["Sweeping Beam","Leap","Redo"],"picked":"SKIP","floor":14.0}],"player_experience":947913,"relics_obtained":[{"floor":8.0,"key":"Art of War"},{"floor":9.0,"key":"Darkstone Periapt"},{"floor":14.0,"key":"Orichalcum"}],"event_choices":[{"damage_healed":0.0,"max_hp_gain":0.0,"max_hp_loss":0.0,"gold_gain":175.0,"event_name":"Liars Game","player_choice":"AGREE","floor":10.0,"gold_loss":0.0,"damage_taken":0.0,"cards_obtained":["Doubt"]},{"damage_healed":0.0,"max_hp_gain":0.0,"max_hp_loss":0.0,"gold_gain":0.0,"event_name":"Shining Light","player_choice":"Entered Light","floor":12.0,"gold_loss":0.0,"damage_taken":18.0,"cards_upgraded":["Strike_B","Defend_B"]}],"is_beta":false,"boss_relics":[],"items_purged_floors":[13],"is_endless":false,"potions_floor_spawned":[4,7],"killed_by":"Slime Boss","ascension_level":0}