{"gold_per_floor":[217,19,94,94,43,72,72,88,88,108,108,108,119,137,137,241,241,254,254,268,367,367,367,401,418,441,441,125,125,57,73,73,174,174,185,204,204,204,223,223,223,236,236,26,26,39,39,52,52,52],"floor_reached":51,"playtime":1625,"items_purged":["Strike_B"],"score":715,"play_id":"2af15799-cef9-414d-bd12-d6b5005ca958","local_time":"20181103001926","is_ascension_mode":false,"campfire_choices":[{"data":"Dualcast","floor":7.0,"key":"SMITH"},{"data":"White Noise","floor":12.0,"key":"SMITH"},{"data":"Go for the Eyes","floor":15.0,"key":"SMITH"},{"data":"Creative AI","floor":23.0,"key":"SMITH"},{"floor":27.0,"key":"REST"},{"floor":32.0,"key":"REST"},{"floor":40,"key":"REST"},{"data":"Defragment","floor":45,"key":"SMITH"},{"floor":49,"key":"REST"}],"neow_cost":"NONE","seed_source_timestamp":1660589383003288,"circlet_count":0,"master_deck":["Defend_B","Defend_B","Defend_B","Zap+1","Dualcast+1","Ball Lightning","Apotheosis+1","Go for the Eyes+1","Cold Snap","White Noise+1","Melter","Conserve Battery","BootSequence","Creative AI+1","Sunder+1","Auto Shields","Stack+1","White Noise","White Noise","Coolheaded+1","Seek","Defragment+1","Electrodynamics","Capacitor+1"],"special_seed":0,"relics":["Cracked Core","War Paint","Pantograph","Sozu","Dream Catcher","Singing Bowl","Bag of Preparation","Cables","Empty Cage","Matryoshka"],"potions_floor_usage":[48,50,50],"damage_taken":[{"damage":7.0,"enemies":"2 Louse","floor":1.0,"turns":3.0},{"damage":3.0,"enemies":"Lagavulin","floor":6.0,"turns":5.0},{"damage":0.0,"enemies":"Jaw Worm","floor":8.0,"turns":2.0},{"damage":0.0,"enemies":"Cultist","floor":10.0,"turns":2.0},{"damage":5.0,"enemies":"Blue Slaver","floor":13.0,"turns":3.0},{"damage":1.0,"enemies":"Exordium Wildlife","floor":14.0,"turns":3.0},{"damage":0.0,"enemies":"Slime Boss","floor":16.0,"turns":6.0},{"damage":0.0,"enemies":"Spheric Guardian","floor":18.0,"turns":1.0},{"damage":4.0,"enemies":"Shell Parasite","floor":20.0,"turns":3.0},{"damage":15.0,"enemies":"Book of Stabbing","floor":24.0,"turns":5.0},{"damage":17.0,"enemies":"Centurion and Healer","floor":25.0,"turns":7.0},{"damage":5.0,"enemies":"Shelled Parasite and Fungi","floor":31.0,"turns":5.0},{"damage":44.0,"enemies":"Collector","floor":33.0,"turns":12.0},{"damage":14.0,"enemies":"3 Darklings","floor":35.0,"turns":6.0},{"damage":0.0,"enemies":"Orb Walker","floor":36.0,"turns":3.0},{"damage":0,"enemies":"Sphere and 2 Shapes","floor":39,"turns":4},{"damage":0,"enemies":"Spire Growth","floor":42,"turns":4},{"damage":16,"enemies":"4 Shapes","floor":46,"turns":4},{"damage":11,"enemies":"Transient","floor":48,"turns":5},{"damage":17,"enemies":"Donu and Deca","floor":50,"turns":7}],"seed_played":"-3396235725425394669","potions_obtained":[{"floor":10.0,"key":"Ancient Potion"},{"floor":13.0,"key":"Block Potion"},{"floor":16.0,"key":"Dexterity Potion"}],"is_trial":false,"path_per_floor":["M","$","?","?","$","E","R","M","T","M","$","R","M","M","R","B",null,"M","$","M","?","T","R","E","M","T","R","$","?","$","M","R","B",null,"M","M","?","?","M","R","$","M","T","$","R","M","?","M","R","B",null],"character_chosen":"DEFECT","items_purchased":["Apotheosis","Go for the Eyes","Cold Snap","White Noise","Cables","White Noise","Electrodynamics"],"campfire_rested":4,"item_purchase_floors":[2,2,5,28,28,30,44],"current_hp_per_floor":[68,68,57,50,50,47,47,47,47,47,47,47,42,41,41,66,75,75,75,71,71,71,71,56,39,39,63,63,63,63,58,79,35,79,67,69,71,71,71,83,83,85,85,85,85,69,69,60,88,72],"gold":52,"neow_bonus":"HUNDRED_GOLD","is_prod":false,"is_daily":false,"chose_seed":false,"campfire_upgraded":5,"win_rate":0,"timestamp":1541204366,"path_taken":["M","$","?","?","?","E","R","M","T","M","$","R","M","M","R","BOSS","M","$","?","?","?","R","E","M","T","R","?","?","$","M","R","BOSS","M","M","?","?","M","R","$","M","T","$","R","M","?","?","R","BOSS"],"build_version":"2018-11-01","purchased_purges":1,"victory":true,"max_hp_per_floor":[75,75,75,75,75,75,75,75,75,75,75,75,75,75,75,75,75,75,75,75,75,75,75,75,75,75,77,77,77,77,77,79,79,79,81,83,85,81,81,83,83,85,85,85,85,85,85,87,89,89],"card_choices":[{"not_picked":["Rebound","Coolheaded"],"picked":"Ball Lightning","floor":1.0},{"not_picked":["Sweeping Beam","Recycle","Rebound"],"picked":"SKIP","floor":6.0},{"not_picked":["Sweeping Beam","Ball Lightning"],"picked":"White Noise","floor":8.0},{"not_picked":["Barrage","Rebound"],"picked":"Melter","floor":10.0},{"not_picked":["Gash","BootSequence"],"picked":"Conserve Battery","floor":13.0},{"not_picked":["Cold Snap","Static Discharge"],"picked":"BootSequence","floor":14.0},{"not_picked":["Biased Cognition","Fission"],"picked":"Creative AI","floor":16.0},{"not_picked":["Go for the Eyes","Rebound"],"picked":"Sunder+1","floor":18.0},{"not_picked":["Skim","Hologram"],"picked":"Lockon+1","floor":20.0},{"not_picked":["Stack","Blizzard"],"picked":"Auto Shields","floor":24.0},{"not_picked":["Coolheaded","FTL"],"picked":"Stack+1","floor":25.0},{"not_picked":["Darkness","Scrape+1","Lockon+1"],"picked":"Singing Bowl","floor":27.0},{"not_picked":["Conserve Battery","Turbo"],"picked":"Coolheaded+1","floor":31.0},{"not_picked":["All For One","Barrage","Ball Lightning"],"picked":"Singing Bowl","floor":32.0},{"not_picked":["Core Surge","Biased Cognition"],"picked":"Seek","floor":33.0},{"not_picked":["Streamline","Ball Lightning","Auto Shields"],"picked":"Singing Bowl","floor":35.0},{"not_picked":["FTL+1","Static Discharge","Darkness+1"],"picked":"Singing Bowl","floor":36.0},{"not_picked":["Violence","HandOfGreed","Purity"],"picked":"Singing Bowl","floor":37.0},{"not_picked":["FTL+1","Scrape+1"],"picked":"Defragment","floor":39},{"not_picked":["Ball Lightning+1","Turbo+1","Scrape"],"picked":"Singing Bowl","floor":40},{"not_picked":["Steam","Sunder+1","Heatsinks+1"],"picked":"Singing Bowl","floor":42},{"not_picked":["Turbo+1","Sweeping Beam+1"],"picked":"Capacitor+1","floor":46},{"not_picked":["Turbo","Steam Power+1","Auto Shields+1"],"picked":"Singing Bowl","floor":48},{"not_picked":["Cold Snap+1","Leap+1","Go for the Eyes+1"],"picked":"Singing Bowl","floor":49}],"player_experience":756567,"relics_obtained":[{"floor":6.0,"key":"War Paint"},{"floor":9.0,"key":"Pantograph"},{"floor":22.0,"key":"Dream Catcher"},{"floor":24.0,"key":"Singing Bowl"},{"floor":26.0,"key":"Bag of Preparation"},{"floor":43,"key":"Matryoshka"}],"event_choices":[{"damage_healed":0.0,"max_hp_gain":0.0,"max_hp_loss":0.0,"gold_gain":75.0,"event_name":"World of Goop","player_choice":"Gather Gold","floor":3.0,"gold_loss":0.0,"damage_taken":11.0},{"cards_removed":["Strike_B"],"damage_healed":0.0,"max_hp_gain":0.0,"max_hp_loss":0.0,"gold_gain":0.0,"event_name":"Golden Wing","player_choice":"Card Removal","floor":4.0,"gold_loss":0.0,"damage_taken":7.0},{"damage_healed":0.0,"max_hp_gain":0.0,"max_hp_loss":0.0,"gold_gain":99.0,"event_name":"Nest","player_choice":"Stole From Cult","floor":21.0,"gold_loss":0.0,"damage_taken":0.0},{"cards_removed":["Strike_B"],"damage_healed":0.0,"max_hp_gain":0.0,"max_hp_loss":0.0,"gold_gain":0.0,"event_name":"Back to Basics","player_choice":"Elegance","floor":29.0,"gold_loss":0.0,"damage_taken":0.0},{"damage_healed":0.0,"max_hp_gain":0.0,"max_hp_loss":0.0,"gold_gain":0.0,"event_name":"SensoryStone","player_choice":"Memory 1","floor":37.0,"gold_loss":0.0,"damage_taken":0.0},{"damage_healed":0.0,"max_hp_gain":0.0,"max_hp_loss":4.0,"gold_gain":0.0,"event_name":"Winding Halls","player_choice":"Max HP","floor":38.0,"gold_loss":0.0,"damage_taken":0.0},{"cards_removed":["Lockon"],"damage_healed":0,"gold_gain":0,"player_choice":"Removed Attack","damage_taken":0,"max_hp_gain":0,"max_hp_loss":0,"event_name":"Falling","floor":47,"gold_loss":0}],"is_beta":false,"boss_relics":[{"not_picked":["Orrery","FrozenCore"],"picked":"Sozu"},{"not_picked":["Eternal Feather","Runic Dome"],"picked":"Empty Cage"}],"items_purged_floors":[44],"is_endless":false,"potions_floor_spawned":[10,13,16,24,25,42,48],"ascension_level":0}