{"gold_per_floor":[117,117,67,42,57,57,68,93,120,120,120,120,134,152,152,152],"floor_reached":16,"playtime":829,"items_purged":[],"score":115,"play_id":"3c90694e-dfab-4893-a32d-01cb0b7746f9","local_time":"20180708190347","is_ascension_mode":true,"campfire_choices":[{"floor":6,"key":"REST"},{"floor":10,"key":"REST"},{"floor":12,"key":"REST"},{"floor":15,"key":"REST"}],"neow_cost":"NONE","seed_source_timestamp":32757846751969,"circlet_count":0,"master_deck":["Strike_B","Strike_B","Strike_B","Defend_B","Defend_B","Defend_B","Zap","Dualcast","Fission","Redo","Compile Driver","Cold Snap","Consume","Thunder Strike","Go for the Eyes"],"relics":["Cracked Core","Happy Flower","Bag of Marbles","Centennial Puzzle","FaceOfCleric"],"potions_floor_usage":[14,16],"damage_taken":[{"damage":4,"enemies":"Small Slimes","floor":1,"turns":4},{"damage":18,"enemies":"2 Louse","floor":5,"turns":3},{"damage":2,"enemies":"Jaw Worm","floor":7,"turns":3},{"damage":49,"enemies":"Lagavulin","floor":8,"turns":7},{"damage":15,"enemies":"3 Louse","floor":13,"turns":3},{"damage":6,"enemies":"2 Fungi Beasts","floor":14,"turns":2},{"damage":66,"enemies":"Hexaghost","floor":16,"turns":11}],"seed_played":"1128142897349597973","potions_obtained":[{"floor":1,"key":"SteroidPotion"},{"floor":5,"key":"GamblersBrew"},{"floor":13,"key":"Explosive Potion"}],"is_trial":false,"path_per_floor":["M","?","?","$","M","R","M","E","T","R","?","R","M","M","R"],"character_chosen":"DEFECT","items_purchased":["Compile Driver"],"campfire_rested":4,"item_purchase_floors":[4],"current_hp_per_floor":[71,59,59,59,41,63,61,12,12,34,34,56,42,37,60,0],"gold":152,"neow_bonus":"TRANSFORM_CARD","is_prod":false,"is_daily":false,"chose_seed":false,"campfire_upgraded":0,"win_rate":0,"timestamp":1531091027,"path_taken":["M","?","?","$","M","R","M","E","T","R","?","R","M","M","R","BOSS"],"build_version":"2018-07-05","purchased_purges":0,"victory":false,"max_hp_per_floor":[75,75,75,75,75,75,75,75,75,75,75,75,76,77,77,77],"card_choices":[{"not_picked":["Hello World","Genetic Algorithm"],"picked":"Redo","floor":1},{"not_picked":["Sweeping Beam","Stack"],"picked":"Cold Snap","floor":5},{"not_picked":["Barrage","Static Discharge"],"picked":"Consume","floor":7},{"not_picked":["Redo","Rebound"],"picked":"Thunder Strike","floor":8},{"not_picked":["Genetic Algorithm","Blizzard"],"picked":"Go for the Eyes","floor":13},{"not_picked":["Sweeping Beam","Doom and Gloom","Redo"],"picked":"SKIP","floor":14}],"player_experience":315846,"relics_obtained":[{"floor":8,"key":"Bag of Marbles"},{"floor":9,"key":"Centennial Puzzle"}],"event_choices":[{"event_name":"Scrap Ooze","player_choice":"success","floor":2,"damage_taken":12},{"event_name":"The Cleric","player_choice":"Card Removal","floor":3,"damage_taken":0},{"event_name":"FaceTrader","player_choice":"Trade","floor":11,"damage_taken":0}],"boss_relics":[],"items_purged_floors":[],"is_endless":false,"potions_floor_spawned":[1,5,13],"killed_by":"Hexaghost","ascension_level":3}