{"gold_per_floor":[10,24,39,39,39,39,49,49,125,125,31,49,66,77,77,77],"floor_reached":16,"playtime":694,"items_purged":[],"score":188,"play_id":"48dfb7ca-3da6-407e-b688-f10ce3dbc3d0","local_time":"20180913235657","is_ascension_mode":true,"campfire_choices":[{"floor":6,"key":"REST"},{"data":"Fiend Fire","floor":8,"key":"SMITH"},{"data":"Armaments","floor":10,"key":"SMITH"},{"data":"Whirlwind","floor":15,"key":"SMITH"}],"neow_cost":"NO_GOLD","seed_source_timestamp":449999171084050,"circlet_count":0,"master_deck":["Strike_R","Strike_R","Strike_R","Strike_R","Strike_R","Defend_R","Defend_R","Defend_R","Defend_R","Bash","AscendersBane","Fiend Fire+1","Armaments+1","Cleave","Cleave","Impervious","Dual Wield","Disarm","Whirlwind+1","Metallicize"],"relics":["Burning Blood","Centennial Puzzle","Mummified Hand"],"potions_floor_usage":[16,16],"damage_taken":[{"damage":6,"enemies":"Jaw Worm","floor":1,"turns":4},{"damage":1,"enemies":"Cultist","floor":2,"turns":4},{"damage":10,"enemies":"Small Slimes","floor":3,"turns":3},{"damage":3,"enemies":"2 Fungi Beasts","floor":7,"turns":3},{"damage":0,"enemies":"Large Slime","floor":12,"turns":2},{"damage":6,"enemies":"Exordium Wildlife","floor":13,"turns":3},{"damage":0,"enemies":"Looter","floor":14,"turns":2},{"damage":71,"enemies":"Slime Boss","floor":16,"turns":11}],"seed_played":"2144142822955670351","potions_obtained":[{"floor":2,"key":"LiquidBronze"},{"floor":7,"key":"SkillPotion"}],"is_trial":false,"path_per_floor":["M","M","M","?","?","R","M","R","T","R","$","M","M","M","R"],"character_chosen":"IRONCLAD","items_purchased":["Dual Wield"],"campfire_rested":1,"item_purchase_floors":[11],"current_hp_per_floor":[68,73,69,58,23,45,48,48,48,48,48,54,54,60,60,0],"gold":77,"neow_bonus":"THREE_RARE_CARDS","is_prod":false,"is_daily":false,"chose_seed":false,"campfire_upgraded":3,"win_rate":0,"timestamp":1536897417,"path_taken":["M","M","M","?","?","R","M","R","T","R","$","M","M","M","R","BOSS"],"build_version":"2018-09-06","purchased_purges":0,"victory":false,"max_hp_per_floor":[75,75,75,75,75,75,75,75,75,75,75,75,75,75,75,75],"card_choices":[{"not_picked":["Impervious","Offering"],"picked":"Fiend Fire","floor":0},{"not_picked":["Body Slam","Headbutt"],"picked":"Armaments","floor":1},{"not_picked":["Body Slam","Disarm"],"picked":"Cleave","floor":2},{"not_picked":["Clothesline","Fire Breathing"],"picked":"Cleave","floor":3},{"not_picked":["Clothesline","Sword Boomerang"],"picked":"Impervious","floor":7},{"not_picked":["Sword Boomerang","Burning Pact"],"picked":"Disarm","floor":12},{"not_picked":["Clash","True Grit"],"picked":"Whirlwind","floor":13},{"not_picked":["Searing Blow","Body Slam"],"picked":"Metallicize","floor":14}],"player_experience":2728284,"relics_obtained":[{"floor":9,"key":"Mummified Hand"}],"event_choices":[{"event_name":"Wheel of Change","player_choice":"Damage","floor":4,"damage_taken":0},{"event_name":"Scrap Ooze","player_choice":"success","floor":5,"damage_taken":35}],"is_beta":false,"boss_relics":[],"items_purged_floors":[],"is_endless":false,"potions_floor_spawned":[2,7,13,14],"killed_by":"Slime Boss","ascension_level":20}