{"gold_per_floor":[112,112,62,62,62,62,9,9,34,65,65,83,97,113,113,211,211,227,238,200,200,214,249,249,249,249,282,313,332,332,332],"floor_reached":31,"playtime":772,"items_purged":[],"score":271,"play_id":"bc08774c-f56e-4ddf-9fe0-37281b8d231a","local_time":"20181223180031","is_ascension_mode":false,"campfire_choices":[{"data":"1","floor":6.0,"key":"LIFT"},{"data":"Rainbow","floor":8.0,"key":"SMITH"},{"data":"2","floor":11.0,"key":"LIFT"},{"data":"3","floor":15.0,"key":"LIFT"},{"data":"Defragment","floor":24.0,"key":"SMITH"},{"floor":30,"key":"REST"}],"neow_cost":"NONE","seed_source_timestamp":2141461698279690,"circlet_count":0,"master_deck":["Strike_B","Strike_B","Defend_B","Defend_B","Defend_B","Defend_B+1","Zap+1","Dualcast","Rainbow+1","Conserve Battery","Auto Shields","Go for the Eyes","BootSequence","Echo Form","Defragment+1","Capacitor","Streamline+1","Rainbow+1","Hologram+1"],"special_seed":0,"relics":["Cracked Core","Girya","Orichalcum","Vajra","Cursed Key","Toxic Egg 2","Red Mask"],"potions_floor_usage":[],"damage_taken":[{"damage":0.0,"enemies":"Small Slimes","floor":1.0,"turns":2.0},{"damage":10.0,"enemies":"3 Sentries","floor":10.0,"turns":8.0},{"damage":1.0,"enemies":"2 Louse","floor":12.0,"turns":3.0},{"damage":0.0,"enemies":"Cultist","floor":13.0,"turns":3.0},{"damage":0.0,"enemies":"Blue Slaver","floor":14.0,"turns":3.0},{"damage":22.0,"enemies":"Slime Boss","floor":16.0,"turns":11.0},{"damage":11.0,"enemies":"2 Thieves","floor":18.0,"turns":4.0},{"damage":0.0,"enemies":"Chosen","floor":19.0,"turns":5.0},{"damage":6.0,"enemies":"Colosseum Slavers","floor":21.0,"turns":5.0},{"damage":7.0,"enemies":"Snake Plant","floor":22.0,"turns":4.0},{"damage":11.0,"enemies":"Book of Stabbing","floor":23.0,"turns":6.0},{"damage":16,"enemies":"Gremlin Leader","floor":27,"turns":7},{"damage":15,"enemies":"Masked Bandits","floor":28,"turns":4},{"damage":5,"enemies":"Snecko","floor":29,"turns":5}],"seed_played":"6760552842615146346","potions_obtained":[{"floor":1.0,"key":"FocusPotion"},{"floor":16.0,"key":"Block Potion"},{"floor":27,"key":"EssenceOfSteel"},{"floor":28,"key":"Strength Potion"}],"is_trial":false,"path_per_floor":["M","?","?","?","T","R","$","R","T","E","R","M","M","M","R","B",null,"M","M","$","?","M","E","R","?","T","E","?","M","R","$"],"character_chosen":"DEFECT","items_purchased":["Conserve Battery","Capacitor"],"campfire_rested":1,"item_purchase_floors":[7,20],"current_hp_per_floor":[75,68,68,53,53,53,53,53,53,43,43,42,42,42,42,20,75,64,64,64,58,51,40,40,40,40,24,9,4,26,26],"gold":332,"neow_bonus":"ONE_RANDOM_RARE_CARD","is_prod":false,"is_daily":false,"chose_seed":false,"campfire_upgraded":2,"win_rate":0,"timestamp":1545588031,"path_taken":["M","?","?","?","?","R","$","R","T","E","R","M","?","M","R","BOSS","M","M","$","?","M","E","R","?","T","E","?","M","R","$"],"build_version":"2018-12-20","purchased_purges":0,"victory":false,"max_hp_per_floor":[75,75,75,75,75,75,75,75,75,75,75,75,75,75,75,75,75,75,75,75,75,75,75,75,75,75,75,75,75,75,75],"card_choices":[{"not_picked":["Chaos","Barrage","Aggregate"],"picked":"SKIP","floor":1.0},{"not_picked":["Rebound","Stack"],"picked":"Auto Shields","floor":10.0},{"not_picked":["Sweeping Beam","Redo"],"picked":"Go for the Eyes","floor":12.0},{"not_picked":["Rainbow","Auto Shields"],"picked":"BootSequence","floor":13.0},{"not_picked":["Go for the Eyes","Redo","Static Discharge"],"picked":"SKIP","floor":14.0},{"not_picked":["Buffer","Creative AI"],"picked":"Echo Form","floor":16.0},{"not_picked":["Hologram+1","Storm","Compile Driver+1"],"picked":"SKIP","floor":18.0},{"not_picked":["Cold Snap+1","Capacitor+1"],"picked":"Defragment","floor":19.0},{"not_picked":["Consume","Rebound+1"],"picked":"Streamline+1","floor":22.0},{"not_picked":["Beam Cell","Compile Driver+1"],"picked":"Rainbow","floor":23.0},{"not_picked":["Creative AI","Redo+1"],"picked":"Hologram+1","floor":27},{"not_picked":["Self Repair","Gash+1","Streamline+1"],"picked":"SKIP","floor":29}],"player_experience":909026,"relics_obtained":[{"floor":5.0,"key":"Girya"},{"floor":9.0,"key":"Orichalcum"},{"floor":10.0,"key":"Vajra"},{"floor":23.0,"key":"Toxic Egg 2"},{"floor":28,"key":"Red Mask"}],"event_choices":[{"cards_removed":["Strike_B"],"damage_healed":0.0,"max_hp_gain":0.0,"max_hp_loss":0.0,"gold_gain":0.0,"event_name":"Golden Wing","player_choice":"Card Removal","floor":2.0,"gold_loss":0.0,"damage_taken":7.0},{"cards_removed":["Strike_B"],"damage_healed":0.0,"max_hp_gain":0.0,"max_hp_loss":0.0,"gold_gain":0.0,"event_name":"The Cleric","player_choice":"Card Removal","floor":3.0,"gold_loss":50.0,"damage_taken":0.0},{"damage_healed":0.0,"max_hp_gain":0.0,"max_hp_loss":0.0,"gold_gain":0.0,"event_name":"Shining Light","player_choice":"Entered Light","floor":4.0,"gold_loss":0.0,"damage_taken":15.0,"cards_upgraded":["Defend_B","Zap"]},{"damage_healed":0.0,"max_hp_gain":0.0,"max_hp_loss":0.0,"gold_gain":0.0,"event_name":"Colosseum","player_choice":"Fight","floor":21.0,"gold_loss":0.0,"damage_taken":0.0},{"damage_healed":0.0,"max_hp_gain":0.0,"max_hp_loss":0.0,"gold_gain":0.0,"event_name":"Colosseum","player_choice":"Fled From Nobs","floor":21.0,"gold_loss":0.0,"damage_taken":0.0},{"damage_healed":0,"gold_gain":0,"player_choice":"Fought Bandits","damage_taken":0,"max_hp_gain":0,"max_hp_loss":0,"event_name":"Masked Bandits","floor":28,"gold_loss":0}],"is_beta":false,"boss_relics":[{"not_picked":["Black Star","Coffee Dripper"],"picked":"Cursed Key"}],"items_purged_floors":[],"is_endless":false,"potions_floor_spawned":[1,16,21,27,28,29],"ascension_level":0}