{"gold_per_floor":[113,128,143,14,32,32,61,61,117,137,37,53,76,76,76,179,179,104,104,104,104,104,104,104,104,104,104,104,104,104,104,104,104,104,104],"floor_reached":35,"playtime":989,"items_purged":["Defend_B","Strike_B"],"score":375,"play_id":"1a38a2f9-dd68-4299-afe7-955b8cf2d0fc","local_time":"20190208001302","is_ascension_mode":false,"campfire_choices":[{"data":"Defragment","floor":6.0,"key":"SMITH"},{"data":"Go for the Eyes","floor":8.0,"key":"SMITH"},{"data":"Buffer","floor":15.0,"key":"SMITH"},{"data":"Rainbow","floor":23.0,"key":"SMITH"},{"data":"Dualcast","floor":27.0,"key":"SMITH"},{"floor":30.0,"key":"REST"},{"floor":32.0,"key":"REST"}],"neow_cost":"NONE","seed_source_timestamp":3904002912163795,"circlet_count":0,"master_deck":["Strike_B","Strike_B","Strike_B","Defend_B","Defend_B","Defend_B","Zap","Dualcast+1","Conserve Battery","Defragment+1","Cold Snap","Conserve Battery","Go for the Eyes+1","Chill","Ball Lightning","Buffer+1","Core Surge","Coolheaded","Rainbow+1","Decay","Auto Shields+1"],"special_seed":0,"relics":["Cracked Core","Bag of Marbles","DataDisk","Tiny Chest","Odd Mushroom","Oddly Smooth Stone","Ectoplasm","Juzu Bracelet","MawBank","Dream Catcher","Blue Candle","Nuclear Battery"],"potions_floor_usage":[],"damage_taken":[{"damage":0.0,"enemies":"Cultist","floor":1.0,"turns":3.0},{"damage":0.0,"enemies":"Small Slimes","floor":2.0,"turns":2.0},{"damage":0.0,"enemies":"2 Louse","floor":3.0,"turns":2.0},{"damage":0.0,"enemies":"2 Fungi Beasts","floor":5.0,"turns":3.0},{"damage":14.0,"enemies":"Gremlin Nob","floor":7.0,"turns":3.0},{"damage":0.0,"enemies":"Gremlin Gang","floor":10.0,"turns":4.0},{"damage":0.0,"enemies":"Large Slime","floor":12.0,"turns":4.0},{"damage":0.0,"enemies":"The Mushroom Lair","floor":13.0,"turns":4.0},{"damage":8.0,"enemies":"Slime Boss","floor":16.0,"turns":10.0},{"damage":6.0,"enemies":"2 Thieves","floor":18.0,"turns":4.0},{"damage":1.0,"enemies":"Chosen","floor":21.0,"turns":4.0},{"damage":6.0,"enemies":"Snake Plant","floor":24.0,"turns":4.0},{"damage":51.0,"enemies":"Gremlin Leader","floor":28.0,"turns":11.0},{"damage":8.0,"enemies":"Centurion and Healer","floor":29.0,"turns":7.0},{"damage":35.0,"enemies":"Automaton","floor":33.0,"turns":14.0},{"damage":0,"enemies":"3 Darklings","floor":35,"turns":1}],"seed_played":"5989215317168877207","potions_obtained":[{"floor":1.0,"key":"Fruit Juice"},{"floor":12.0,"key":"SpeedPotion"},{"floor":16.0,"key":"PowerPotion"},{"floor":28.0,"key":"Fire Potion"},{"floor":33.0,"key":"GamblersBrew"}],"is_trial":false,"path_per_floor":["M","M","M","$","M","R","E","R","T","M","$","M","?","?","R","B",null,"M","T","?","M","?","R","M","?","T","R","E","M","R","?","R","B",null,"M"],"character_chosen":"DEFECT","items_purchased":["Conserve Battery"],"campfire_rested":2,"item_purchase_floors":[4],"current_hp_per_floor":[80,80,80,80,80,80,66,66,66,66,66,66,66,66,66,58,80,74,74,74,73,73,73,67,67,67,67,16,8,32,17,42,7,85,85],"gold":104,"neow_bonus":"RANDOM_COMMON_RELIC","is_prod":false,"is_daily":false,"chose_seed":false,"campfire_upgraded":5,"win_rate":0,"timestamp":1549584782,"path_taken":["M","M","M","$","M","R","E","R","T","?","$","M","?","?","R","BOSS","M","?","?","M","?","R","M","?","T","R","E","M","R","?","R","BOSS","M"],"build_version":"2019-01-23","purchased_purges":2,"victory":false,"max_hp_per_floor":[80,80,80,80,80,80,80,80,80,80,80,80,80,80,80,80,80,80,80,80,80,80,80,80,80,80,80,80,80,80,85,85,85,85,85],"card_choices":[{"not_picked":["White Noise","Steam"],"picked":"Conserve Battery","floor":1.0},{"not_picked":["Force Field","Cold Snap"],"picked":"Defragment","floor":2.0},{"not_picked":["Turbo","Static Discharge"],"picked":"Cold Snap","floor":3.0},{"not_picked":["Leap","FTL"],"picked":"Go for the Eyes","floor":5.0},{"not_picked":["Leap","Sweeping Beam"],"picked":"Chill","floor":7.0},{"not_picked":["Force Field","Compile Driver"],"picked":"Ball Lightning","floor":10.0},{"not_picked":["Barrage","Redo"],"picked":"Buffer","floor":12.0},{"not_picked":["Multi-Cast","All For One"],"picked":"Core Surge","floor":16.0},{"not_picked":["Sweeping Beam","Scrape+1"],"picked":"Coolheaded","floor":18.0},{"not_picked":["Compile Driver+1","Stack"],"picked":"Rainbow","floor":21.0},{"not_picked":["Genetic Algorithm+1","Streamline","Rebound"],"picked":"SKIP","floor":24.0},{"not_picked":["Stack+1","Scrape"],"picked":"Auto Shields+1","floor":28.0},{"not_picked":["Reprogram","Redo","Auto Shields"],"picked":"SKIP","floor":29.0}],"player_experience":1021381,"relics_obtained":[{"floor":7.0,"key":"DataDisk"},{"floor":9.0,"key":"Tiny Chest"},{"floor":13.0,"key":"Odd Mushroom"},{"floor":19.0,"key":"Juzu Bracelet"},{"floor":26.0,"key":"Dream Catcher"},{"floor":28.0,"key":"Blue Candle"}],"event_choices":[{"damage_healed":0.0,"max_hp_gain":0.0,"max_hp_loss":0.0,"gold_gain":0.0,"event_name":"Mushrooms","player_choice":"Fought Mushrooms","floor":13.0,"gold_loss":0.0,"damage_taken":0.0},{"damage_healed":0.0,"max_hp_gain":0.0,"max_hp_loss":0.0,"gold_gain":0.0,"event_name":"WeMeetAgain","player_choice":"Gave Potion","floor":14.0,"gold_loss":0.0,"damage_taken":0.0,"relics_obtained":["Oddly Smooth Stone"]},{"damage_healed":0.0,"max_hp_gain":0.0,"max_hp_loss":0.0,"gold_gain":0.0,"event_name":"Vampires","player_choice":"Ignored","floor":20.0,"gold_loss":0.0,"damage_taken":0.0},{"damage_healed":0.0,"max_hp_gain":0.0,"max_hp_loss":0.0,"gold_gain":0.0,"event_name":"Wheel of Change","player_choice":"Cursed","floor":22.0,"gold_loss":0.0,"damage_taken":0.0,"cards_obtained":["Decay"]},{"damage_healed":0.0,"max_hp_gain":0.0,"max_hp_loss":0.0,"gold_gain":0.0,"event_name":"The Mausoleum","player_choice":"Opened","floor":25.0,"gold_loss":0.0,"damage_taken":0.0,"relics_obtained":["MawBank"]},{"damage_healed":0.0,"max_hp_gain":5.0,"max_hp_loss":0.0,"gold_gain":0.0,"event_name":"Forgotten Altar","player_choice":"Shed Blood","floor":31.0,"gold_loss":0.0,"damage_taken":20.0}],"is_beta":false,"boss_relics":[{"not_picked":["Coffee Dripper","Fusion Hammer"],"picked":"Ectoplasm"},{"not_picked":["Busted Crown","Astrolabe"],"picked":"Nuclear Battery"}],"items_purged_floors":[4,11],"is_endless":false,"potions_floor_spawned":[1,12,16,28,33],"killed_by":"3 Darklings","ascension_level":0}