{"gold_per_floor":[114,39,58,1,1,1,29,29,29,54,54,117,130,148,148,221,221,240,253,253,75,75,75,93,127,127,127,147,173,190,289,289,289],"floor_reached":33,"playtime":808,"items_purged":["Clumsy"],"score":558,"play_id":"460c2138-244a-48f6-8631-8246370fa80d","local_time":"20190210214850","is_ascension_mode":true,"campfire_choices":[{"data":"Immolate","floor":6.0,"key":"SMITH"},{"data":"Bash","floor":8.0,"key":"SMITH"},{"data":"Inflame","floor":11.0,"key":"SMITH"},{"data":"Defend_R","floor":15.0,"key":"SMITH"},{"floor":23.0,"key":"REST"},{"data":"Defend_R","floor":32,"key":"SMITH"}],"neow_cost":"CURSE","seed_source_timestamp":18718880474900,"circlet_count":0,"master_deck":["AscendersBane","Strike_R","Strike_R","Strike_R","Strike_R","Strike_R","Defend_R+1","Defend_R+1","Defend_R+1","Defend_R+1","Bash+1","Immolate+1","Inflame+1","Shrug It Off","Master of Strategy","Body Slam+1"],"special_seed":0,"relics":["Burning Blood","Anchor","Orichalcum","Regal Pillow","War Paint","Tiny Chest","Mark of Pain","Self Forming Clay","Ornamental Fan","Meat on the Bone","Potion Belt","Calipers"],"potions_floor_usage":[33],"damage_taken":[{"damage":0.0,"enemies":"Small Slimes","floor":1.0,"turns":2.0},{"damage":1.0,"enemies":"Cultist","floor":3.0,"turns":3.0},{"damage":5.0,"enemies":"3 Sentries","floor":7.0,"turns":3.0},{"damage":10.0,"enemies":"Gremlin Nob","floor":10.0,"turns":3.0},{"damage":0.0,"enemies":"3 Sentries","floor":12.0,"turns":3.0},{"damage":0.0,"enemies":"Jaw Worm","floor":13.0,"turns":3.0},{"damage":3.0,"enemies":"Red Slaver","floor":14.0,"turns":3.0},{"damage":51.0,"enemies":"The Guardian","floor":16.0,"turns":11.0},{"damage":13.0,"enemies":"Spheric Guardian","floor":18.0,"turns":4.0},{"damage":13.0,"enemies":"3 Byrds","floor":19.0,"turns":4.0},{"damage":7.0,"enemies":"Centurion and Healer","floor":24.0,"turns":5.0},{"damage":28.0,"enemies":"Slavers","floor":25.0,"turns":5.0},{"damage":6.0,"enemies":"Snake Plant","floor":28.0,"turns":2.0},{"damage":5,"enemies":"Gremlin Leader","floor":29,"turns":5},{"damage":5,"enemies":"Snecko","floor":30,"turns":4},{"damage":57,"enemies":"Champ","floor":33,"turns":10}],"seed_played":"-213881937534228683","potions_obtained":[{"floor":10.0,"key":"Explosive Potion"},{"floor":12.0,"key":"Fire Potion"},{"floor":18.0,"key":"Weak Potion"},{"floor":19.0,"key":"GamblersBrew"},{"floor":25.0,"key":"SpeedPotion"}],"is_trial":false,"path_per_floor":["M","$","M","?","$","R","E","R","T","E","R","E","M","M","R","B",null,"M","M","T","$","?","R","M","E","T","T","M","E","M","?","R","B"],"character_chosen":"IRONCLAD","items_purchased":["Master of Strategy"],"campfire_rested":1,"item_purchase_floors":[21],"current_hp_per_floor":[74,74,75,75,75,75,75,75,75,71,71,75,75,75,75,30,64,57,50,50,50,36,75,74,52,52,52,52,53,54,54,54,0],"gold":289,"neow_bonus":"THREE_RARE_CARDS","is_prod":false,"is_daily":false,"chose_seed":false,"campfire_upgraded":5,"win_rate":0,"timestamp":1549828130,"path_taken":["M","$","M","?","?","R","E","R","T","E","R","E","M","M","R","BOSS","M","M","?","$","?","R","M","E","T","?","M","E","?","?","R","BOSS"],"build_version":"2019-01-23","purchased_purges":1,"victory":false,"max_hp_per_floor":[75,75,75,75,75,75,75,75,75,75,75,75,75,75,75,75,75,75,75,75,75,80,80,80,80,80,80,80,80,80,80,80,80],"card_choices":[{"not_picked":["Juggernaut","Limit Break"],"picked":"Immolate","floor":0.0},{"not_picked":["True Grit","Rupture","Combust"],"picked":"SKIP","floor":1.0},{"not_picked":["Flex","Cleave","Pommel Strike"],"picked":"SKIP","floor":3.0},{"not_picked":["Iron Wave","Ghostly Armor"],"picked":"Inflame","floor":7.0},{"not_picked":["Exhume","Carnage","Uppercut"],"picked":"SKIP","floor":10.0},{"not_picked":["Perfected Strike","Flex","Heavy Blade"],"picked":"SKIP","floor":12.0},{"not_picked":["Warcry","Carnage","Rupture"],"picked":"SKIP","floor":13.0},{"not_picked":["Wild Strike","Clash","Body Slam"],"picked":"SKIP","floor":14.0},{"not_picked":["Blood for Blood","Perfected Strike","Havoc+1"],"picked":"SKIP","floor":18.0},{"not_picked":["Rupture","Heavy Blade"],"picked":"Shrug It Off","floor":19.0},{"not_picked":["Heavy Blade","Spot Weakness"],"picked":"Body Slam+1","floor":24.0},{"not_picked":["Rupture","Armaments","Reaper"],"picked":"SKIP","floor":25.0},{"not_picked":["Headbutt","Pummel","Flex"],"picked":"SKIP","floor":28.0},{"not_picked":["Intimidate","True Grit","Armaments"],"picked":"SKIP","floor":29},{"not_picked":["Pommel Strike","Wild Strike+1","Thunderclap"],"picked":"SKIP","floor":30}],"player_experience":703904,"relics_obtained":[{"floor":7.0,"key":"Orichalcum"},{"floor":9.0,"key":"Regal Pillow"},{"floor":10.0,"key":"War Paint"},{"floor":12.0,"key":"Tiny Chest"},{"floor":20.0,"key":"Self Forming Clay"},{"floor":25.0,"key":"Ornamental Fan"},{"floor":26.0,"key":"Meat on the Bone"},{"floor":27.0,"key":"Potion Belt"},{"floor":29,"key":"Calipers"}],"event_choices":[{"damage_healed":0.0,"max_hp_gain":0.0,"max_hp_loss":0.0,"gold_gain":0.0,"event_name":"WeMeetAgain","player_choice":"Paid Gold","floor":4.0,"gold_loss":57.0,"damage_taken":0.0,"relics_obtained":["Anchor"]},{"damage_healed":0.0,"max_hp_gain":5.0,"max_hp_loss":0.0,"gold_gain":0.0,"event_name":"Forgotten Altar","player_choice":"Shed Blood","floor":22.0,"gold_loss":0.0,"damage_taken":19.0},{"damage_healed":0,"gold_gain":99,"player_choice":"Stole From Cult","damage_taken":0,"max_hp_gain":0,"max_hp_loss":0,"event_name":"Nest","floor":31,"gold_loss":0}],"is_beta":false,"boss_relics":[{"not_picked":["Black Blood","Ectoplasm"],"picked":"Mark of Pain"}],"items_purged_floors":[2],"is_endless":false,"potions_floor_spawned":[10,12,18,19,25],"killed_by":"Champ","ascension_level":14}