{"gold_per_floor":[416,366,441,441,441,441,451,451,451,464,112,124,24,24,24,122,122,133,146,161,173,184,184,59,74,74,74,74,104,104,117,117,222,222,222,237,253,253,253,253,103,103,103,103,103,123,149,149],"floor_reached":48,"playtime":1986,"items_purged":["Strike_G","Strike_G","Strike_G","Strike_G"],"score":475,"play_id":"4eaaee38-7b0e-4d54-8347-17bd1d4b8124","local_time":"20190209223635","is_ascension_mode":false,"campfire_choices":[{"data":"Bouncing Flask","floor":6,"key":"SMITH"},{"data":"Bouncing Flask","floor":8,"key":"SMITH"},{"data":"Neutralize","floor":15,"key":"SMITH"},{"floor":23,"key":"REST"},{"floor":27,"key":"REST"},{"data":"Venomology","floor":30,"key":"SMITH"},{"floor":32,"key":"REST"},{"floor":40,"key":"REST"},{"data":"A Thousand Cuts","floor":42,"key":"SMITH"},{"floor":44,"key":"RECALL"}],"neow_cost":"PERCENT_DAMAGE","seed_source_timestamp":709148272990201,"circlet_count":0,"master_deck":["Defend_G","Defend_G","Defend_G","Defend_G","Defend_G","Survivor","Neutralize+1","Bouncing Flask+1","Bouncing Flask+1","Well Laid Plans+1","Dash","Venomology+1","Dagger Spray","Prepared","Poisoned Stab","Skewer+1","Catalyst+1","Noxious Fumes+1","Blur","Footwork+1","A Thousand Cuts+1","Sucker Punch","Heel Hook+1","Parasite"],"relics":["Ring of the Snake","Old Coin","Regal Pillow","Sundial","Gremlin Horn","Orrery","Ornamental Fan","Tiny Chest","Philosopher\u0027s Stone","Thread and Needle"],"potions_floor_usage":[16,16,19,20,20,21,21,22,25,31,35,37,37,37,46,47,47],"damage_taken":[{"damage":0,"enemies":"2 Louse","floor":1,"turns":3},{"damage":0,"enemies":"Small Slimes","floor":7,"turns":3},{"damage":1,"enemies":"Jaw Worm","floor":10,"turns":4},{"damage":14,"enemies":"Exordium Thugs","floor":12,"turns":4},{"damage":1,"enemies":"The Guardian","floor":16,"turns":7},{"damage":17,"enemies":"3 Byrds","floor":18,"turns":5},{"damage":0,"enemies":"Spheric Guardian","floor":19,"turns":2},{"damage":30,"enemies":"Centurion and Healer","floor":20,"turns":6},{"damage":3,"enemies":"Cultist and Chosen","floor":21,"turns":6},{"damage":33,"enemies":"Chosen and Byrds","floor":22,"turns":5},{"damage":21,"enemies":"Snake Plant","floor":25,"turns":4},{"damage":17,"enemies":"Sentry and Sphere","floor":31,"turns":5},{"damage":67,"enemies":"Collector","floor":33,"turns":8},{"damage":35,"enemies":"3 Darklings","floor":35,"turns":4},{"damage":0,"enemies":"3 Shapes","floor":36,"turns":5},{"damage":20,"enemies":"Spire Growth","floor":37,"turns":6},{"damage":23,"enemies":"3 Darklings","floor":46,"turns":5},{"damage":12,"enemies":"Reptomancer","floor":47,"turns":5},{"damage":33,"enemies":"Writhing Mass","floor":48,"turns":3}],"seed_played":"5238035773581449854","potions_obtained":[{"floor":1,"key":"SkillPotion"},{"floor":12,"key":"SkillPotion"},{"floor":18,"key":"Regen Potion"},{"floor":19,"key":"FearPotion"},{"floor":20,"key":"Block Potion"},{"floor":37,"key":"GhostInAJar"},{"floor":46,"key":"SpeedPotion"}],"is_trial":false,"path_per_floor":["M","?","?","?","?","R","M","R","T","M","$","M","$","?","R","B",null,"M","M","M","M","M","R","$","M","T","R","$","?","R","M","R","B",null,"M","M","M","?","?","R","$","R","T","R","$","M","E","M"],"character_chosen":"THE_SILENT","items_purchased":["Well Laid Plans","Gremlin Horn"],"campfire_rested":4,"item_purchase_floors":[11,11],"current_hp_per_floor":[49,49,38,35,58,58,58,58,58,57,57,43,43,43,43,42,70,53,53,38,35,2,38,38,17,17,53,53,53,53,36,70,3,70,35,35,15,15,15,51,51,51,51,51,51,28,16,0],"gold":149,"neow_bonus":"ONE_RARE_RELIC","is_prod":false,"is_daily":false,"chose_seed":false,"campfire_upgraded":5,"win_rate":0,"timestamp":1549722995,"path_taken":["M","?","?","?","?","R","M","R","T","M","$","?","$","?","R","BOSS","M","M","M","?","M","R","$","M","T","R","?","?","R","M","R","BOSS","M","M","M","?","?","R","?","R","T","R","$","M","E","?"],"build_version":"2019-01-23","purchased_purges":4,"victory":false,"max_hp_per_floor":[70,70,70,70,70,70,70,70,70,70,70,70,70,70,70,70,70,70,70,70,70,70,70,70,70,70,70,70,70,70,70,70,70,70,70,70,70,70,70,70,70,70,70,70,70,70,70,70],"card_choices":[{"not_picked":["Crippling Poison","Slice"],"picked":"Bouncing Flask","floor":1},{"not_picked":["Calculated Gamble","Deflect"],"picked":"Bouncing Flask","floor":7},{"not_picked":["Acrobatics","Underhanded Strike","Blade Dance"],"picked":"SKIP","floor":10},{"not_picked":["Caltrops","Prepared"],"picked":"Dash","floor":12},{"not_picked":["Doppelganger","Night Terror"],"picked":"Venomology","floor":16},{"not_picked":["Prepared","Underhanded Strike"],"picked":"Dagger Spray","floor":17},{"not_picked":["All Out Attack","Quick Slash"],"picked":"Prepared","floor":17},{"not_picked":["Concentrate","Predator+1"],"picked":"Poisoned Stab","floor":18},{"not_picked":["Masterful Stab+1","Blade Dance"],"picked":"Skewer+1","floor":19},{"not_picked":["Dodge and Roll","Infinite Blades","Acrobatics"],"picked":"SKIP","floor":20},{"not_picked":["Dash","Flying Knee"],"picked":"Catalyst+1","floor":21},{"not_picked":["Glass Knife","Blur+1"],"picked":"Noxious Fumes+1","floor":22},{"not_picked":["Sucker Punch","Outmaneuver"],"picked":"Blur","floor":25},{"not_picked":["Escape Plan","Accuracy+1"],"picked":"Footwork+1","floor":31},{"not_picked":["Venomology","Grand Finale"],"picked":"A Thousand Cuts","floor":33},{"not_picked":["Flechettes","Underhanded Strike"],"picked":"Sucker Punch","floor":36},{"not_picked":["Flying Knee+1","Outmaneuver","Distraction"],"picked":"SKIP","floor":37},{"not_picked":["Blade Dance","Underhanded Strike+1","Accuracy+1"],"picked":"SKIP","floor":46},{"not_picked":["Deflect+1","Setup"],"picked":"Heel Hook+1","floor":47}],"player_experience":216337,"relics_obtained":[{"floor":9,"key":"Sundial"},{"floor":26,"key":"Ornamental Fan"},{"floor":47,"key":"Thread and Needle"}],"event_choices":[{"cards_removed":["Strike_G"],"damage_healed":0,"gold_gain":0,"player_choice":"Card Removal","damage_taken":0,"max_hp_gain":0,"max_hp_loss":0,"event_name":"The Cleric","floor":2,"gold_loss":50},{"damage_healed":0,"gold_gain":75,"player_choice":"Gather Gold","damage_taken":11,"max_hp_gain":0,"max_hp_loss":0,"event_name":"World of Goop","floor":3,"gold_loss":0},{"damage_healed":0,"gold_gain":0,"player_choice":"Success","damage_taken":3,"relics_obtained":["Regal Pillow"],"max_hp_gain":0,"max_hp_loss":0,"event_name":"Scrap Ooze","floor":4,"gold_loss":0},{"damage_healed":23,"gold_gain":0,"player_choice":"Banana","damage_taken":0,"max_hp_gain":0,"max_hp_loss":0,"event_name":"Big Fish","floor":5,"gold_loss":0},{"damage_healed":0,"gold_gain":0,"player_choice":"Upgraded","damage_taken":0,"max_hp_gain":0,"max_hp_loss":0,"event_name":"Upgrade Shrine","floor":14,"gold_loss":0,"cards_upgraded":["Well Laid Plans"]},{"damage_healed":0,"gold_gain":0,"player_choice":"Opened","damage_taken":0,"relics_obtained":["Tiny Chest"],"max_hp_gain":0,"max_hp_loss":0,"event_name":"The Mausoleum","floor":29,"gold_loss":0},{"damage_healed":0,"gold_gain":0,"player_choice":"Ignored","damage_taken":0,"max_hp_gain":0,"max_hp_loss":0,"event_name":"Tomb of Lord Red Mask","floor":38,"gold_loss":0},{"damage_healed":0,"gold_gain":0,"player_choice":"Ignored","damage_taken":0,"max_hp_gain":0,"max_hp_loss":0,"event_name":"Mysterious Sphere","floor":39,"gold_loss":0}],"is_beta":false,"boss_relics":[{"not_picked":["Black Star","HoveringKite"],"picked":"Orrery"},{"not_picked":["Runic Pyramid","Astrolabe"],"picked":"Philosopher\u0027s Stone"}],"items_purged_floors":[11,13,24,41],"is_endless":false,"potions_floor_spawned":[1,12,18,19,20,37,46],"killed_by":"Writhing Mass","ascension_level":0}