{"gold_per_floor":[114,114,133,148,167,167,195,212,266,266],"floor_reached":10,"playtime":332,"items_purged":[],"score":137,"play_id":"f460331c-88da-49de-b9d7-b7b141a3d09c","local_time":"20190210230859","is_ascension_mode":true,"campfire_choices":[{"data":"Bash","floor":6.0,"key":"SMITH"}],"neow_cost":"NONE","seed_source_timestamp":269347621334546,"circlet_count":0,"master_deck":["AscendersBane","Strike_R","Strike_R","Strike_R","Strike_R","Strike_R","Defend_R","Defend_R","Defend_R","Defend_R","Bash+1","Offering","Anger","Headbutt","Whirlwind","Battle Trance","Ghostly Armor"],"special_seed":0,"relics":["Burning Blood","Mummified Hand","Oddly Smooth Stone"],"potions_floor_usage":[],"damage_taken":[{"damage":13.0,"enemies":"Jaw Worm","floor":1.0,"turns":3.0},{"damage":12.0,"enemies":"Cultist","floor":3.0,"turns":4.0},{"damage":6.0,"enemies":"Small Slimes","floor":4.0,"turns":2.0},{"damage":7.0,"enemies":"Exordium Wildlife","floor":5.0,"turns":3.0},{"damage":41.0,"enemies":"3 Sentries","floor":7.0,"turns":7.0},{"damage":12.0,"enemies":"Blue Slaver","floor":8.0,"turns":3.0},{"damage":10,"enemies":"Gremlin Gang","floor":10,"turns":1}],"seed_played":"1849172877064274188","potions_obtained":[{"floor":8.0,"key":"Ancient Potion"}],"is_trial":false,"path_per_floor":["M","?","M","M","M","R","E","M","T","M"],"character_chosen":"IRONCLAD","items_purchased":[],"campfire_rested":0,"item_purchase_floors":[],"current_hp_per_floor":[61,57,51,51,50,50,15,9,9,0],"gold":266,"neow_bonus":"ONE_RANDOM_RARE_CARD","is_prod":false,"is_daily":false,"chose_seed":false,"campfire_upgraded":1,"win_rate":0,"timestamp":1549858139,"path_taken":["M","?","?","M","M","R","E","M","T","M"],"build_version":"2019-01-23","purchased_purges":0,"victory":false,"max_hp_per_floor":[75,75,75,75,75,75,75,75,75,75],"card_choices":[{"not_picked":["Flex","Heavy Blade"],"picked":"Anger","floor":1.0},{"not_picked":["Armaments","Sword Boomerang"],"picked":"Headbutt","floor":3.0},{"not_picked":["Clothesline","True Grit"],"picked":"Whirlwind","floor":4.0},{"not_picked":["Sentinel","Thunderclap","Flex"],"picked":"SKIP","floor":5.0},{"not_picked":["Anger","Body Slam"],"picked":"Battle Trance","floor":7.0},{"not_picked":["Metallicize","Carnage"],"picked":"Ghostly Armor","floor":8.0}],"player_experience":446705,"relics_obtained":[{"floor":7.0,"key":"Mummified Hand"},{"floor":9.0,"key":"Oddly Smooth Stone"}],"event_choices":[{"damage_healed":0.0,"max_hp_gain":0.0,"max_hp_loss":0.0,"gold_gain":0.0,"event_name":"The Woman in Blue","player_choice":"Bought 0 Potions","floor":2.0,"gold_loss":0.0,"damage_taken":0.0}],"is_beta":false,"boss_relics":[],"items_purged_floors":[],"is_endless":false,"potions_floor_spawned":[8],"killed_by":"Gremlin Gang","ascension_level":19}