{"gold_per_floor":[110,127,141,156,176,176,203,203,203,220,236,236,250,277,277,376,376,390,390,409,121,140,171,185,217,244,244,273,273,273,284,284,384,384,399,52,0,0,0,0,0,13,40,58,58,71,71,85,85,85],"floor_reached":51,"playtime":3735,"items_purged":["Defend_G"],"score":1082,"play_id":"44fddc96-7c5b-4087-8885-1724c1429898","local_time":"20181026124603","is_ascension_mode":true,"campfire_choices":[{"data":"Sucker Punch","floor":6,"key":"SMITH"},{"data":"Catalyst","floor":8,"key":"SMITH"},{"floor":12,"key":"REST"},{"floor":15,"key":"REST"},{"floor":27,"key":"REST"},{"floor":29,"key":"REST"},{"floor":32,"key":"REST"},{"floor":40,"key":"REST"},{"floor":45,"key":"REST"},{"floor":49,"key":"REST"}],"neow_cost":"NONE","seed_source_timestamp":0,"circlet_count":0,"master_deck":["Defend_G+1","Strike_G+1","Strike_G+1","Strike_G+1","Strike_G+1","Strike_G+1","Survivor+1","Neutralize+1","Dagger Throw+1","Endless Agony+1","Sucker Punch+1","Catalyst+1","Sucker Punch+1","Acrobatics+1","Poisoned Stab+1","Bane+1","Quick Slash+1","Slice+1","Adrenaline+1","Underhanded Strike+1","Ghostly+1","Ghostly+1","Ghostly+1","Ghostly+1","Ghostly+1","Underhanded Strike+1","Dash+1","Riddle With Holes+1","Malaise+1","Quick Slash+1","Quick Slash+1","Quick Slash+1","Dagger Throw+1","Terror+1","Bouncing Flask+1","Night Terror+1","Envenom+1","Expertise+1","A Thousand Cuts+1","Choke+1","Acrobatics+1","Flash of Steel+1","Prepared","Concentrate+1","Backflip+1"],"special_seed":0,"relics":["Runic Dome","Art of War","Molten Egg 2","War Paint","Fusion Hammer","Bottled Lightning","Orichalcum","Boot","Letter Opener","Astrolabe","Happy Flower","Red Mask","Mark of the Bloom","Bag of Preparation"],"potions_floor_usage":[11,16,25,28,33,50,50,50],"damage_taken":[{"damage":0,"enemies":"Jaw Worm","floor":1,"turns":4},{"damage":0,"enemies":"Small Slimes","floor":2,"turns":4},{"damage":0,"enemies":"Cultist","floor":3,"turns":3},{"damage":4,"enemies":"Large Slime","floor":4,"turns":6},{"damage":3,"enemies":"Blue Slaver","floor":5,"turns":4},{"damage":24,"enemies":"3 Sentries","floor":7,"turns":9},{"damage":6,"enemies":"3 Louse","floor":10,"turns":4},{"damage":2,"enemies":"Exordium Wildlife","floor":11,"turns":3},{"damage":0,"enemies":"Looter","floor":13,"turns":1},{"damage":20,"enemies":"Lagavulin","floor":14,"turns":6},{"damage":18,"enemies":"The Guardian","floor":16,"turns":7},{"damage":6,"enemies":"Spheric Guardian","floor":18,"turns":3},{"damage":0,"enemies":"Chosen","floor":20,"turns":4},{"damage":0,"enemies":"Snake Plant","floor":22,"turns":5},{"damage":13,"enemies":"Slavers","floor":23,"turns":6},{"damage":21,"enemies":"Centurion and Healer","floor":24,"turns":4},{"damage":0,"enemies":"Book of Stabbing","floor":25,"turns":5},{"damage":2,"enemies":"Slavers","floor":28,"turns":4},{"damage":0,"enemies":"Shelled Parasite and Fungi","floor":31,"turns":3},{"damage":0,"enemies":"Collector","floor":33,"turns":7},{"damage":0,"enemies":"3 Darklings","floor":35,"turns":5},{"damage":1,"enemies":"3 Shapes","floor":42,"turns":5},{"damage":0,"enemies":"3 Darklings","floor":44,"turns":3},{"damage":0,"enemies":"4 Shapes","floor":46,"turns":3},{"damage":0,"enemies":"Sphere and 2 Shapes","floor":48,"turns":3},{"damage":29,"enemies":"Awakened One","floor":50,"turns":11}],"seed_played":"-3157644126744171251","potions_obtained":[{"floor":5,"key":"Poison Potion"},{"floor":7,"key":"Dexterity Potion"},{"floor":10,"key":"Explosive Potion"},{"floor":11,"key":"GhostInAJar"},{"floor":18,"key":"Explosive Potion"},{"floor":25,"key":"FearPotion"},{"floor":31,"key":"Poison Potion"},{"floor":35,"key":"GhostInAJar"}],"is_trial":false,"path_per_floor":["M","M","M","M","M","R","E","R","T","M","M","R","M","E","R","B",null,"M","?","M","$","M","E","M","E","T","R","E","R","?","M","R","B",null,"M","$","?","?","?","R","$","M","T","M","R","M","$","M","R","B"],"character_chosen":"THE_SILENT","items_purchased":["Dash+1","Riddle With Holes+1","Malaise","Acrobatics","GhostInAJar","Happy Flower"],"campfire_rested":8,"item_purchase_floors":[21,21,21,36,36,36],"current_hp_per_floor":[63,63,63,59,56,56,32,32,32,26,24,45,45,25,46,28,60,54,35,35,35,35,22,1,1,1,11,9,19,31,31,35,35,35,35,35,35,35,35,35,35,34,34,34,34,34,34,34,34,5],"gold":85,"neow_bonus":"BOSS_RELIC","is_prod":false,"is_daily":false,"chose_seed":false,"campfire_upgraded":2,"win_rate":0,"timestamp":1540583163,"path_taken":["M","M","M","M","M","R","E","R","T","M","M","R","M","E","R","BOSS","M","?","?","$","M","E","M","E","T","R","E","R","?","M","R","BOSS","M","$","?","?","?","R","?","M","T","?","R","M","$","M","R","BOSS"],"build_version":"2018-10-25v2","purchased_purges":1,"victory":true,"max_hp_per_floor":[70,70,70,70,70,70,70,70,70,70,70,70,70,70,70,70,70,70,35,35,35,35,35,35,35,35,35,35,35,35,35,35,35,35,35,35,35,35,35,35,35,35,35,35,35,35,35,35,35,35],"card_choices":[{"not_picked":["Quick Slash","Dodge and Roll"],"picked":"Dagger Throw","floor":1},{"not_picked":["Deadly Poison","Flechettes"],"picked":"Endless Agony","floor":2},{"not_picked":["Well Laid Plans","Masterful Stab"],"picked":"Sucker Punch","floor":3},{"not_picked":["Deadly Poison","Slice"],"picked":"Catalyst","floor":4},{"not_picked":["Outmaneuver","Phantasmal Killer"],"picked":"Sucker Punch","floor":5},{"not_picked":["Slice","Bane"],"picked":"Acrobatics","floor":7},{"not_picked":["Endless Agony+1","Dagger Spray+1"],"picked":"Poisoned Stab+1","floor":10},{"not_picked":["Cloak And Dagger","Backflip"],"picked":"Bane+1","floor":11},{"not_picked":["Bullet Time","Cloak And Dagger"],"picked":"Quick Slash+1","floor":13},{"not_picked":["Infinite Blades","Deadly Poison"],"picked":"Slice+1","floor":14},{"not_picked":["Night Terror","Glass Knife+1"],"picked":"Adrenaline","floor":16},{"not_picked":["Poisoned Stab+1","Dagger Throw+1"],"picked":"Underhanded Strike+1","floor":18},{"not_picked":["Deflect","Finisher+1"],"picked":"Underhanded Strike+1","floor":20},{"not_picked":["Accuracy","Outmaneuver"],"picked":"Quick Slash+1","floor":22},{"not_picked":["Concentrate","Heel Hook+1"],"picked":"Quick Slash+1","floor":23},{"not_picked":["Dagger Spray+1","Bane+1"],"picked":"Quick Slash+1","floor":24},{"not_picked":["Corpse Explosion","Footwork+1"],"picked":"Dagger Throw+1","floor":25},{"not_picked":["Noxious Fumes","Burst"],"picked":"Terror+1","floor":28},{"not_picked":["Accuracy","Reflex"],"picked":"Bouncing Flask+1","floor":31},{"not_picked":["Adrenaline","Unload+1"],"picked":"Night Terror","floor":33},{"not_picked":["Quick Slash+1","Masterful Stab+1"],"picked":"Choke+1","floor":35},{"not_picked":["Panache","Mayhem"],"picked":"Flash of Steel+1","floor":39},{"not_picked":["Sucker Punch+1","Reflex+1","Flying Knee+1"],"picked":"SKIP","floor":42},{"not_picked":["A Thousand Cuts","Sucker Punch+1"],"picked":"Prepared","floor":44},{"not_picked":["Setup","Flying Knee+1"],"picked":"Concentrate+1","floor":46},{"not_picked":["Cloak And Dagger+1","Dodge and Roll"],"picked":"Backflip+1","floor":48}],"player_experience":55045,"relics_obtained":[{"floor":7,"key":"Art of War"},{"floor":9,"key":"Molten Egg 2"},{"floor":14,"key":"War Paint"},{"floor":23,"key":"Bottled Lightning"},{"floor":25,"key":"Orichalcum"},{"floor":26,"key":"Boot"},{"floor":28,"key":"Letter Opener"},{"floor":43,"key":"Bag of Preparation"}],"event_choices":[{"damage_healed":0,"gold_gain":0,"player_choice":"Became a Ghost","damage_taken":0,"max_hp_gain":0,"max_hp_loss":35,"event_name":"Ghosts","floor":19,"gold_loss":0,"cards_obtained":["Ghostly","Ghostly","Ghostly","Ghostly","Ghostly"]},{"damage_healed":12,"gold_gain":0,"player_choice":"Heal","damage_taken":0,"max_hp_gain":0,"max_hp_loss":0,"event_name":"The Library","floor":30,"gold_loss":0},{"damage_healed":0,"gold_gain":0,"player_choice":"Paid","damage_taken":0,"relics_obtained":["Red Mask"],"max_hp_gain":0,"max_hp_loss":0,"event_name":"Tomb of Lord Red Mask","floor":37,"gold_loss":52},{"damage_healed":0,"gold_gain":0,"player_choice":"Upgrade","damage_taken":0,"relics_obtained":["Mark of the Bloom"],"max_hp_gain":0,"max_hp_loss":0,"event_name":"MindBloom","floor":38,"gold_loss":0,"cards_upgraded":["Strike_G","Strike_G","Strike_G","Strike_G","Strike_G","Neutralize","Dagger Throw","Endless Agony","Sucker Punch","Acrobatics","Adrenaline","Ghostly","Ghostly","Ghostly","Ghostly","Ghostly","Malaise","Night Terror","Acrobatics"]},{"damage_healed":0,"gold_gain":0,"player_choice":"Memory 1","damage_taken":0,"max_hp_gain":0,"max_hp_loss":0,"event_name":"SensoryStone","floor":39,"gold_loss":0}],"is_beta":false,"boss_relics":[{"not_picked":["Runic Pyramid","Coffee Dripper"],"picked":"Fusion Hammer"},{"not_picked":["Busted Crown","Snecko Eye"],"picked":"Astrolabe"}],"items_purged_floors":[36],"is_endless":false,"potions_floor_spawned":[5,7,10,11,14,18,20,25,31,35],"ascension_level":7}