{"gold_per_floor":[109,127,197,210,222,222,254,254,254,254,289,302,302,321,321,321],"floor_reached":16,"playtime":771,"items_purged":[],"score":224,"play_id":"292c3c16-2491-4eb5-9cd3-2b934f4b2f18","local_time":"20181228113833","is_ascension_mode":true,"campfire_choices":[{"data":"Masterful Stab","floor":6,"key":"SMITH"},{"floor":8,"key":"REST"},{"data":"Neutralize","floor":10,"key":"SMITH"},{"floor":15,"key":"REST"}],"neow_cost":"NONE","seed_source_timestamp":955482042524489,"circlet_count":0,"master_deck":["AscendersBane","Defend_G","Defend_G","Defend_G","Defend_G","Defend_G","Strike_G","Strike_G","Strike_G","Strike_G","Strike_G","Survivor","Neutralize+1","Masterful Stab+1","Dagger Spray","Backflip","Quick Slash","Caltrops"],"relics":["Ring of the Snake","Ancient Tea Set","Anchor","Kunai"],"potions_floor_usage":[5,7,16,16],"damage_taken":[{"damage":3,"enemies":"Jaw Worm","floor":1,"turns":4},{"damage":3,"enemies":"Small Slimes","floor":2,"turns":5},{"damage":0,"enemies":"2 Louse","floor":4,"turns":2},{"damage":0,"enemies":"Large Slime","floor":5,"turns":4},{"damage":54,"enemies":"Lagavulin","floor":7,"turns":9},{"damage":22,"enemies":"3 Sentries","floor":11,"turns":10},{"damage":0,"enemies":"Looter","floor":12,"turns":3},{"damage":0,"enemies":"2 Fungi Beasts","floor":14,"turns":2},{"damage":26,"enemies":"Hexaghost","floor":16,"turns":11}],"seed_played":"1329553542209573282","potions_obtained":[{"floor":1,"key":"Dexterity Potion"},{"floor":2,"key":"AttackPotion"},{"floor":11,"key":"SpeedPotion"},{"floor":14,"key":"Weak Potion"}],"is_trial":false,"path_per_floor":["M","M","?","M","M","R","E","R","T","R","E","M","?","M","R","B"],"character_chosen":"THE_SILENT","items_purchased":[],"campfire_rested":2,"item_purchase_floors":[],"current_hp_per_floor":[62,59,59,59,59,59,5,26,26,26,4,4,4,4,25,0],"gold":321,"neow_bonus":"TEN_PERCENT_HP_BONUS","is_prod":false,"is_daily":false,"chose_seed":false,"campfire_upgraded":2,"win_rate":0,"timestamp":1546025913,"path_taken":["M","M","?","M","M","R","E","R","T","R","E","M","?","M","R","BOSS"],"build_version":"2018-12-20","purchased_purges":0,"victory":false,"max_hp_per_floor":[72,72,72,72,72,72,72,72,72,72,72,72,72,72,72,72],"card_choices":[{"not_picked":["Bane","Catalyst","Blur"],"picked":"SKIP","floor":1},{"not_picked":["Concentrate","Quick Slash"],"picked":"Masterful Stab","floor":2},{"not_picked":["Blur","Flechettes","Slice"],"picked":"SKIP","floor":4},{"not_picked":["Blade Dance","Underhanded Strike"],"picked":"Dagger Spray","floor":5},{"not_picked":["Infinite Blades","Dagger Throw"],"picked":"Backflip","floor":7},{"not_picked":["Reflex","Tactician"],"picked":"Quick Slash","floor":11},{"not_picked":["Dagger Throw","Quick Slash","Blur"],"picked":"SKIP","floor":12},{"not_picked":["Concentrate","All Out Attack"],"picked":"Caltrops","floor":14}],"player_experience":248099,"relics_obtained":[{"floor":7,"key":"Ancient Tea Set"},{"floor":9,"key":"Anchor"},{"floor":11,"key":"Kunai"}],"event_choices":[{"damage_healed":0,"gold_gain":70,"player_choice":"Gained Gold","damage_taken":0,"max_hp_gain":0,"max_hp_loss":0,"event_name":"Golden Wing","floor":3,"gold_loss":0},{"damage_healed":0,"gold_gain":0,"player_choice":"Ignored","damage_taken":0,"max_hp_gain":0,"max_hp_loss":0,"event_name":"Shining Light","floor":13,"gold_loss":0}],"is_beta":false,"boss_relics":[],"items_purged_floors":[],"is_endless":false,"potions_floor_spawned":[1,2,11,14],"killed_by":"Hexaghost","ascension_level":20}