{"gold_per_floor":[115,115,40,40,40,40,57,82,82,82,94,149,149,169,169,169],"floor_reached":16,"playtime":488,"items_purged":["Strike_R"],"score":98,"play_id":"bfcf4959-fabd-4c5e-8329-71dbe6336515","local_time":"20190209230439","is_ascension_mode":false,"campfire_choices":[{"data":"Bash","floor":6,"key":"SMITH"},{"floor":10,"key":"REST"},{"data":"Shrug It Off","floor":15,"key":"SMITH"}],"neow_cost":"NONE","seed_source_timestamp":712335877105160,"circlet_count":0,"master_deck":["Strike_R","Strike_R","Defend_R","Defend_R","Defend_R","Defend_R","Bash+1","Shrug It Off+1"],"relics":["Burning Blood","Omamori","Orichalcum","The Courier"],"potions_floor_usage":[8,12,16],"damage_taken":[{"damage":6,"enemies":"Jaw Worm","floor":1,"turns":3},{"damage":7,"enemies":"2 Louse","floor":7,"turns":3},{"damage":55,"enemies":"3 Sentries","floor":8,"turns":18},{"damage":0,"enemies":"Cultist","floor":11,"turns":3},{"damage":35,"enemies":"Lagavulin Event","floor":12,"turns":6},{"damage":17,"enemies":"3 Louse","floor":14,"turns":6},{"damage":50,"enemies":"The Guardian","floor":16,"turns":13}],"seed_played":"-5102108127270857251","potions_obtained":[{"floor":1,"key":"Swift Potion"},{"floor":7,"key":"Ancient Potion"},{"floor":11,"key":"Strength Potion"}],"is_trial":false,"path_per_floor":["M","?","$","?","?","R","M","E","T","R","M","?","?","M","R","B"],"character_chosen":"IRONCLAD","items_purchased":[],"campfire_rested":1,"item_purchase_floors":[],"current_hp_per_floor":[80,80,80,80,80,80,79,30,30,54,60,31,57,46,46,0],"gold":169,"neow_bonus":"RANDOM_COMMON_RELIC","is_prod":false,"is_daily":false,"chose_seed":false,"campfire_upgraded":2,"win_rate":0,"timestamp":1549724679,"path_taken":["M","?","$","?","?","R","M","E","T","R","?","?","?","M","R","BOSS"],"build_version":"2019-01-23","purchased_purges":1,"victory":false,"max_hp_per_floor":[80,80,80,80,80,80,80,80,80,80,80,80,80,80,80,80],"card_choices":[{"not_picked":["Combust","Bloodletting","Armaments"],"picked":"SKIP","floor":1},{"not_picked":["Ghostly Armor","Bloodletting","Clothesline"],"picked":"SKIP","floor":7},{"not_picked":["Dual Wield","Intimidate","Twin Strike"],"picked":"SKIP","floor":8},{"not_picked":["Thunderclap","Headbutt"],"picked":"Shrug It Off","floor":11},{"not_picked":["Intimidate","Hemokinesis","Twin Strike"],"picked":"SKIP","floor":14}],"player_experience":219490,"relics_obtained":[{"floor":8,"key":"Orichalcum"}],"event_choices":[{"cards_removed":["Strike_R"],"damage_healed":0,"gold_gain":0,"player_choice":"Forget","damage_taken":0,"max_hp_gain":0,"max_hp_loss":0,"event_name":"Living Wall","floor":2,"gold_loss":0},{"damage_healed":0,"gold_gain":0,"player_choice":"Leave","damage_taken":0,"max_hp_gain":0,"max_hp_loss":0,"event_name":"The Cleric","floor":4,"gold_loss":0},{"cards_removed":["Strike_R"],"damage_healed":0,"gold_gain":0,"player_choice":"Card Removal","damage_taken":0,"max_hp_gain":0,"max_hp_loss":0,"event_name":"Wheel of Change","floor":5,"gold_loss":0},{"damage_healed":0,"gold_gain":30,"player_choice":"Searched \u00273\u0027 times","damage_taken":0,"relics_obtained":["The Courier"],"max_hp_gain":0,"max_hp_loss":0,"event_name":"Dead Adventurer","floor":12,"gold_loss":0},{"damage_healed":26,"gold_gain":0,"player_choice":"Banana","damage_taken":0,"max_hp_gain":0,"max_hp_loss":0,"event_name":"Big Fish","floor":13,"gold_loss":0}],"is_beta":false,"boss_relics":[],"items_purged_floors":[3],"is_endless":false,"potions_floor_spawned":[1,7,11],"killed_by":"The Guardian","ascension_level":0}