{"gold_per_floor":[111,123,48,48,59,59,59,59,82,82,107,118,131,161,161,233,233,173,173,173,173,11,11,11,11,11,11,11,11,11,11,11,11],"floor_reached":33,"playtime":2672,"items_purged":["Strike_G"],"score":510,"play_id":"9e61c51f-bed8-4e0e-b782-b749607be48d","local_time":"20190209102146","is_ascension_mode":true,"campfire_choices":[{"data":"Riddle With Holes","floor":6,"key":"SMITH"},{"data":"Dagger Spray","floor":8,"key":"SMITH"},{"floor":10,"key":"REST"},{"floor":15,"key":"REST"},{"data":"Wraith Form v2","floor":23,"key":"SMITH"},{"data":"After Image","floor":27,"key":"SMITH"},{"data":"Footwork","floor":28,"key":"SMITH"},{"data":"Footwork","floor":32,"key":"SMITH"}],"neow_cost":"NONE","seed_source_timestamp":344172566373600,"circlet_count":0,"master_deck":["AscendersBane","Defend_G+1","Defend_G","Defend_G","Defend_G","Defend_G","Strike_G","Strike_G+1","Strike_G","Strike_G","Survivor","Neutralize+1","Dagger Spray+1","Cloak And Dagger","Riddle With Holes+1","After Image+1","Endless Agony","Footwork+1","Well Laid Plans","Wraith Form v2+1","Footwork+1","Dodge and Roll"],"relics":["Ring of the Snake","Orichalcum","WingedGreaves","Potion Belt","Ectoplasm","Pear","Oddly Smooth Stone"],"potions_floor_usage":[11,14,18,29,33],"damage_taken":[{"damage":1,"enemies":"Cultist","floor":1,"turns":5},{"damage":10,"enemies":"Jaw Worm","floor":2,"turns":6},{"damage":0,"enemies":"2 Louse","floor":5,"turns":2},{"damage":15,"enemies":"Lagavulin","floor":11,"turns":7},{"damage":0,"enemies":"2 Fungi Beasts","floor":12,"turns":2},{"damage":5,"enemies":"Lots of Slimes","floor":13,"turns":4},{"damage":16,"enemies":"Gremlin Nob","floor":14,"turns":4},{"damage":29,"enemies":"Slime Boss","floor":16,"turns":12},{"damage":5,"enemies":"2 Thieves","floor":18,"turns":4},{"damage":10,"enemies":"Chosen","floor":19,"turns":8},{"damage":24,"enemies":"Colosseum Slavers","floor":20,"turns":7},{"damage":14,"enemies":"Snake Plant","floor":25,"turns":7},{"damage":0,"enemies":"Chosen and Byrds","floor":29,"turns":7},{"damage":1,"enemies":"Centurion and Healer","floor":31,"turns":9},{"damage":94,"enemies":"Champ","floor":33,"turns":29}],"seed_played":"1541404037890732039","potions_obtained":[{"floor":2,"key":"Poison Potion"},{"floor":13,"key":"Weak Potion"},{"floor":16,"key":"Strength Potion"},{"floor":25,"key":"Strength Potion"},{"floor":29,"key":"Energy Potion"}],"is_trial":false,"path_per_floor":["M","M","$","?","M","R","?","R","T","R","E","M","M","E","R","B",null,"M","M","?","?","$","R","$","M","T","R","R","M","T","M","R","B"],"character_chosen":"THE_SILENT","items_purchased":["Wraith Form v2"],"campfire_rested":2,"item_purchase_floors":[22],"current_hp_per_floor":[64,54,54,32,32,32,32,32,32,53,38,38,33,17,38,9,56,51,41,17,72,72,72,72,58,68,68,68,68,68,67,67,0],"gold":11,"neow_bonus":"TEN_PERCENT_HP_BONUS","is_prod":false,"is_daily":false,"chose_seed":false,"campfire_upgraded":6,"win_rate":0,"timestamp":1549704106,"path_taken":["M","M","$","?","M","R","?","R","T","R","E","M","M","E","R","BOSS","M","?","?","?","$","R","$","M","T","R","R","?","?","M","R","BOSS"],"build_version":"2019-01-23","purchased_purges":1,"victory":false,"max_hp_per_floor":[72,72,72,72,72,72,72,72,72,72,72,72,72,72,72,72,72,72,72,72,72,72,72,72,72,82,82,82,82,82,82,82,82],"card_choices":[{"not_picked":["Deadly Poison","Flying Knee"],"picked":"Dagger Spray","floor":1},{"not_picked":["Heel Hook","Deflect"],"picked":"Cloak And Dagger","floor":2},{"not_picked":["Reflex","Calculated Gamble"],"picked":"Riddle With Holes","floor":5},{"not_picked":["Tools of the Trade","Backflip"],"picked":"After Image","floor":11},{"not_picked":["Dagger Spray","Outmaneuver","Bouncing Flask"],"picked":"SKIP","floor":12},{"not_picked":["Distraction","Setup"],"picked":"Endless Agony","floor":13},{"not_picked":["Crippling Poison","Quick Slash"],"picked":"Footwork","floor":14},{"not_picked":["Outmaneuver","Accuracy"],"picked":"Well Laid Plans","floor":18},{"not_picked":["Flying Knee","Deadly Poison","Outmaneuver"],"picked":"SKIP","floor":19},{"not_picked":["Accuracy","Acrobatics"],"picked":"Footwork","floor":25},{"not_picked":["Flying Knee","Bane","Bouncing Flask"],"picked":"SKIP","floor":29},{"not_picked":["Doppelganger","Flechettes"],"picked":"Dodge and Roll","floor":31}],"player_experience":495744,"relics_obtained":[{"floor":9,"key":"Orichalcum"},{"floor":11,"key":"WingedGreaves"},{"floor":14,"key":"Potion Belt"},{"floor":26,"key":"Pear"},{"floor":30,"key":"Oddly Smooth Stone"}],"event_choices":[{"damage_healed":0,"gold_gain":0,"player_choice":"Entered Light","damage_taken":22,"max_hp_gain":0,"max_hp_loss":0,"event_name":"Shining Light","floor":4,"gold_loss":0,"cards_upgraded":["Defend_G","Strike_G"]},{"damage_healed":0,"gold_gain":0,"player_choice":"Upgraded","damage_taken":0,"max_hp_gain":0,"max_hp_loss":0,"event_name":"Upgrade Shrine","floor":7,"gold_loss":0,"cards_upgraded":["Neutralize"]},{"damage_healed":0,"gold_gain":0,"player_choice":"Fight","damage_taken":0,"max_hp_gain":0,"max_hp_loss":0,"event_name":"Colosseum","floor":20,"gold_loss":0},{"damage_healed":0,"gold_gain":0,"player_choice":"Fled From Nobs","damage_taken":0,"max_hp_gain":0,"max_hp_loss":0,"event_name":"Colosseum","floor":20,"gold_loss":0},{"damage_healed":55,"gold_gain":0,"player_choice":"Full Heal","damage_taken":0,"max_hp_gain":0,"max_hp_loss":0,"event_name":"Wheel of Change","floor":21,"gold_loss":0}],"is_beta":false,"boss_relics":[{"not_picked":["Orrery","Velvet Choker"],"picked":"Ectoplasm"}],"items_purged_floors":[3],"is_endless":false,"potions_floor_spawned":[2,13,16,20,25,29],"killed_by":"Champ","ascension_level":20}