{"gold_per_floor":[116,116,66,83,98,98,98,133,133,146,146,161,181,201,201,201],"floor_reached":16,"playtime":378,"items_purged":[],"score":129,"play_id":"65c1bb47-47a6-4814-9123-6ec98d6a3151","local_time":"20181205181147","is_ascension_mode":false,"campfire_choices":[{"data":"Dualcast","floor":6.0,"key":"SMITH"},{"data":"Zap","floor":11,"key":"SMITH"},{"data":"Cold Snap","floor":15,"key":"SMITH"}],"neow_cost":"NONE","seed_source_timestamp":587382218403285,"circlet_count":0,"master_deck":["Strike_B","Strike_B","Strike_B+1","Strike_B","Defend_B","Defend_B+1","Defend_B","Zap+1","Dualcast+1","Cold Snap+1","Conserve Battery"],"special_seed":0,"relics":["Cracked Core","Pear","Bag of Marbles"],"potions_floor_usage":[16],"damage_taken":[{"damage":3.0,"enemies":"Small Slimes","floor":1.0,"turns":3.0},{"damage":3.0,"enemies":"Jaw Worm","floor":4.0,"turns":3.0},{"damage":0.0,"enemies":"2 Louse","floor":5.0,"turns":2.0},{"damage":34.0,"enemies":"Gremlin Nob","floor":8.0,"turns":5.0},{"damage":10,"enemies":"Blue Slaver","floor":10,"turns":2},{"damage":4,"enemies":"Lots of Slimes","floor":12,"turns":4},{"damage":0,"enemies":"3 Louse","floor":13,"turns":3},{"damage":8,"enemies":"Exordium Thugs","floor":14,"turns":5},{"damage":10,"enemies":"Hexaghost","floor":16,"turns":10}],"seed_played":"-5500330295405588670","potions_obtained":[{"floor":5.0,"key":"Weak Potion"},{"floor":10,"key":"Ancient Potion"},{"floor":13,"key":"Weak Potion"}],"is_trial":false,"path_per_floor":["M","?","$","M","M","R","?","E","T","M","R","M","M","M","R","B"],"character_chosen":"DEFECT","items_purchased":["Conserve Battery"],"campfire_rested":0,"item_purchase_floors":[3],"current_hp_per_floor":[72,57,57,54,54,54,59,35,35,25,25,21,21,13,13,3],"gold":201,"neow_bonus":"REMOVE_CARD","is_prod":false,"is_daily":false,"chose_seed":false,"campfire_upgraded":3,"win_rate":0,"timestamp":1544033507,"path_taken":["M","?","$","M","M","R","?","E","T","M","R","M","M","M","R","BOSS"],"build_version":"2018-11-15","purchased_purges":0,"victory":false,"max_hp_per_floor":[75,75,75,75,75,75,80,90,90,90,90,90,90,90,90,90],"card_choices":[{"not_picked":["Stack","Turbo"],"picked":"Cold Snap","floor":1.0},{"not_picked":["Heatsinks","FTL","Hologram"],"picked":"SKIP","floor":4.0},{"not_picked":["Beam Cell","Hologram","Cold Snap"],"picked":"SKIP","floor":5.0},{"not_picked":["Compile Driver","Leap","Aggregate"],"picked":"SKIP","floor":8.0},{"not_picked":["Gash","Creative AI","Steam Power"],"picked":"SKIP","floor":10},{"not_picked":["Barrage","Steam","FTL"],"picked":"SKIP","floor":12},{"not_picked":["Heatsinks","Turbo","Sweeping Beam"],"picked":"SKIP","floor":13},{"not_picked":["Hello World","Hologram","Coolheaded"],"picked":"SKIP","floor":14}],"player_experience":856573,"relics_obtained":[{"floor":8.0,"key":"Pear"},{"floor":9.0,"key":"Bag of Marbles"}],"event_choices":[{"damage_healed":0.0,"max_hp_gain":0.0,"max_hp_loss":0.0,"gold_gain":0.0,"event_name":"Shining Light","player_choice":"Entered Light","floor":2.0,"gold_loss":0.0,"damage_taken":15.0,"cards_upgraded":["Defend_B","Strike_B"]},{"damage_healed":0.0,"max_hp_gain":5.0,"max_hp_loss":0.0,"gold_gain":0.0,"event_name":"Big Fish","player_choice":"Donut","floor":7.0,"gold_loss":0.0,"damage_taken":0.0}],"is_beta":false,"boss_relics":[],"items_purged_floors":[],"is_endless":false,"potions_floor_spawned":[5,10,13],"killed_by":"Hexaghost","ascension_level":0}