{"gold_per_floor":[109,119,37,56,75,75,107,107,107,120,120,120,70,70,70,165,165,179,179,198,210,228,228,258,275,275,275,275,287,287],"floor_reached":30,"playtime":754,"items_purged":[],"score":277,"play_id":"b357a156-6f19-4949-a9ed-a0464dcd16ee","local_time":"20190123224226","is_ascension_mode":false,"campfire_choices":[{"data":"Dualcast","floor":6.0,"key":"SMITH"},{"data":"Zap","floor":11.0,"key":"SMITH"},{"floor":15.0,"key":"DIG"},{"data":"Capacitor","floor":23.0,"key":"SMITH"},{"floor":28,"key":"REST"}],"neow_cost":"NONE","seed_source_timestamp":2602667925176632,"circlet_count":0,"master_deck":["Strike_B","Strike_B","Strike_B","Strike_B","Defend_B","Defend_B","Defend_B","Zap+1","Dualcast+1","Undo","Auto Shields","Ball Lightning","Electrodynamics+1","Capacitor+1","Conserve Battery+1","Electrodynamics"],"special_seed":0,"relics":["Cracked Core","Shovel","Singing Bowl","Mercury Hourglass","Anchor","Strawberry","White Beast Statue","Darkstone Periapt","Gremlin Horn"],"potions_floor_usage":[],"damage_taken":[{"damage":0.0,"enemies":"Cultist","floor":1.0,"turns":3.0},{"damage":6.0,"enemies":"Jaw Worm","floor":2.0,"turns":3.0},{"damage":0.0,"enemies":"Small Slimes","floor":4.0,"turns":3.0},{"damage":0.0,"enemies":"Looter","floor":5.0,"turns":3.0},{"damage":16.0,"enemies":"Gremlin Nob","floor":7.0,"turns":4.0},{"damage":0.0,"enemies":"Large Slime","floor":10.0,"turns":4.0},{"damage":33.0,"enemies":"Slime Boss","floor":16.0,"turns":9.0},{"damage":5.0,"enemies":"2 Thieves","floor":18.0,"turns":3.0},{"damage":10.0,"enemies":"3 Byrds","floor":20.0,"turns":3.0},{"damage":23.0,"enemies":"Centurion and Healer","floor":21.0,"turns":9.0},{"damage":9.0,"enemies":"Snecko","floor":22.0,"turns":5.0},{"damage":6.0,"enemies":"Slavers","floor":24.0,"turns":3.0},{"damage":4.0,"enemies":"Snake Plant","floor":25.0,"turns":4.0},{"damage":17,"enemies":"Sentry and Sphere","floor":29,"turns":6}],"seed_played":"-7895944521539756376","potions_obtained":[{"floor":5.0,"key":"Strength Potion"},{"floor":7.0,"key":"FearPotion"},{"floor":16.0,"key":"FairyPotion"},{"floor":18.0,"key":"LiquidBronze"},{"floor":20.0,"key":"Energy Potion"},{"floor":24.0,"key":"Energy Potion"},{"floor":25.0,"key":"EssenceOfSteel"}],"is_trial":false,"path_per_floor":["M","M","$","M","M","R","E","?","T","M","R","?","?","?","R","B",null,"M","?","M","M","M","R","E","M","T","$","R","M","$"],"character_chosen":"DEFECT","items_purchased":["Undo"],"campfire_rested":1,"item_purchase_floors":[3],"current_hp_per_floor":[82,76,76,76,76,76,60,60,60,60,60,48,48,48,55,22,89,86,86,76,55,46,46,40,38,38,38,66,51,51],"gold":287,"neow_bonus":"TEN_PERCENT_HP_BONUS","is_prod":false,"is_daily":false,"chose_seed":false,"campfire_upgraded":3,"win_rate":0,"timestamp":1548283346,"path_taken":["M","M","$","M","?","R","E","?","T","?","R","?","?","?","R","BOSS","M","?","?","M","M","R","E","M","T","?","R","M","$"],"build_version":"2019-01-23","purchased_purges":0,"victory":false,"max_hp_per_floor":[82,82,82,82,82,82,82,82,82,82,82,82,82,82,89,89,89,91,91,91,93,93,93,93,95,95,95,95,97,97],"card_choices":[{"not_picked":["Go for the Eyes","Stack","Steam"],"picked":"SKIP","floor":1.0},{"not_picked":["Leap","Turbo","Redo"],"picked":"SKIP","floor":2.0},{"not_picked":["Steam","Barrage","Recycle"],"picked":"SKIP","floor":4.0},{"not_picked":["Steam","Turbo","Hello World"],"picked":"SKIP","floor":5.0},{"not_picked":["Tempest","Steam"],"picked":"Auto Shields","floor":7.0},{"not_picked":["Auto Shields","Streamline"],"picked":"Ball Lightning","floor":10.0},{"not_picked":["Rainbow","Fission"],"picked":"Electrodynamics","floor":16.0},{"not_picked":["Streamline+1","Rebound","Gash"],"picked":"Singing Bowl","floor":18.0},{"not_picked":["FTL","Reinforced Body"],"picked":"Capacitor","floor":20.0},{"not_picked":["Redo","Compile Driver+1","Streamline+1"],"picked":"Singing Bowl","floor":21.0},{"not_picked":["Steam","Sweeping Beam"],"picked":"Conserve Battery+1","floor":22.0},{"not_picked":["Compile Driver","Go for the Eyes"],"picked":"Electrodynamics","floor":24.0},{"not_picked":["Sweeping Beam+1","Consume+1","Reinforced Body+1"],"picked":"Singing Bowl","floor":25.0},{"not_picked":["Genetic Algorithm+1","Go for the Eyes","Stack"],"picked":"Singing Bowl","floor":29}],"player_experience":988941,"relics_obtained":[{"floor":7.0,"key":"Shovel"},{"floor":9.0,"key":"Mercury Hourglass"},{"floor":15.0,"key":"Strawberry"},{"floor":24.0,"key":"Darkstone Periapt"},{"floor":26.0,"key":"Gremlin Horn"}],"event_choices":[{"damage_healed":0.0,"max_hp_gain":0.0,"max_hp_loss":0.0,"gold_gain":0.0,"event_name":"WeMeetAgain","player_choice":"Gave Potion","floor":8.0,"gold_loss":0.0,"damage_taken":0.0,"relics_obtained":["Singing Bowl"]},{"damage_healed":0.0,"max_hp_gain":0.0,"max_hp_loss":0.0,"gold_gain":0.0,"event_name":"Scrap Ooze","player_choice":"Success","floor":12.0,"gold_loss":0.0,"damage_taken":12.0,"relics_obtained":["Anchor"]},{"cards_removed":["Defend_B"],"damage_healed":0.0,"max_hp_gain":0.0,"max_hp_loss":0.0,"gold_gain":0.0,"event_name":"The Cleric","player_choice":"Card Removal","floor":13.0,"gold_loss":50.0,"damage_taken":0.0},{"damage_healed":0.0,"max_hp_gain":0.0,"max_hp_loss":0.0,"gold_gain":0.0,"event_name":"Liars Game","player_choice":"Ignored","floor":14.0,"gold_loss":0.0,"damage_taken":0.0},{"damage_healed":0.0,"max_hp_gain":0.0,"max_hp_loss":0.0,"gold_gain":0.0,"event_name":"Accursed Blacksmith","player_choice":"Forge","floor":19.0,"gold_loss":0.0,"damage_taken":0.0,"cards_upgraded":["Electrodynamics"]}],"is_beta":false,"boss_relics":[{"not_picked":["Pandora\u0027s Box","Runic Pyramid"],"picked":"White Beast Statue"}],"items_purged_floors":[],"is_endless":false,"potions_floor_spawned":[5,7,16,18,20,21,22,24,25,29],"ascension_level":0}