{"gold_per_floor":[210,63,63,79,99,129,79,94,139,158,12,12,22,35,35,140,140,156,75,0,11,25,25,87,87,139,172,183,183,199,212,212,308,308,318,60,60,79,95,127,127,46,93,93,104,118,136,153,153,153],"floor_reached":51,"playtime":6381,"items_purged":["Strike_G"],"score":725,"play_id":"3305deb6-f20d-4720-9ee5-16172d22caf1","local_time":"20190208222702","is_ascension_mode":false,"campfire_choices":[{"data":"Dagger Spray","floor":12,"key":"SMITH"},{"data":"Burst","floor":15,"key":"SMITH"},{"data":"Footwork","floor":23,"key":"SMITH"},{"data":"Neutralize","floor":25,"key":"SMITH"},{"data":"After Image","floor":29,"key":"SMITH"},{"data":"Dodge and Roll","floor":32,"key":"SMITH"},{"floor":41,"key":"REST"},{"floor":44,"key":"REST"},{"floor":49,"key":"REST"}],"neow_cost":"NONE","seed_source_timestamp":441545086611107,"circlet_count":0,"master_deck":["Defend_G","Defend_G","Defend_G","Defend_G","Defend_G","Strike_G","Survivor","Neutralize+1","Dagger Spray+1","Crippling Poison","Poisoned Stab","Burst+1","Deadly Poison","Cloak And Dagger","Dodge and Roll+1","Blur","After Image+1","Choke","Footwork+1","Infinite Blades","Adrenaline","Calculated Gamble","Backflip","Deflect+1","Burst","Cloak And Dagger+1","Blade Dance+1","PiercingWail","Adrenaline","Noxious Fumes","PiercingWail+1","Footwork","Predator+1","Reflex","Cloak And Dagger+1","Blur+1"],"relics":["Ring of the Snake","Bag of Preparation","Bottled Flame","Omamori","Lantern","Sozu","Tiny Chest","Dream Catcher","Du-Vu Doll","HoveringKite","Kunai","Molten Egg 2","Smiling Mask"],"potions_floor_usage":[6,6,16,16,16,16,22,50],"damage_taken":[{"damage":1,"enemies":"2 Louse","floor":1,"turns":3},{"damage":8,"enemies":"Jaw Worm","floor":4,"turns":4},{"damage":4,"enemies":"Cultist","floor":5,"turns":5},{"damage":15,"enemies":"3 Sentries","floor":6,"turns":8},{"damage":3,"enemies":"Lots of Slimes","floor":8,"turns":2},{"damage":3,"enemies":"Exordium Thugs","floor":10,"turns":5},{"damage":0,"enemies":"2 Fungi Beasts","floor":13,"turns":2},{"damage":0,"enemies":"Gremlin Gang","floor":14,"turns":6},{"damage":17,"enemies":"Slime Boss","floor":16,"turns":10},{"damage":0,"enemies":"Shell Parasite","floor":18,"turns":5},{"damage":6,"enemies":"2 Thieves","floor":21,"turns":4},{"damage":4,"enemies":"Chosen and Byrds","floor":22,"turns":5},{"damage":12,"enemies":"Gremlin Leader","floor":24,"turns":9},{"damage":0,"enemies":"Book of Stabbing","floor":27,"turns":6},{"damage":0,"enemies":"Snecko","floor":28,"turns":6},{"damage":0,"enemies":"Centurion and Healer","floor":30,"turns":8},{"damage":0,"enemies":"Shelled Parasite and Fungi","floor":31,"turns":8},{"damage":6,"enemies":"Collector","floor":33,"turns":15},{"damage":0,"enemies":"Orb Walker","floor":35,"turns":4},{"damage":9,"enemies":"3 Darklings","floor":38,"turns":11},{"damage":0,"enemies":"Sphere and 2 Shapes","floor":39,"turns":4},{"damage":47,"enemies":"Reptomancer","floor":40,"turns":9},{"damage":0,"enemies":"Jaw Worm Horde","floor":45,"turns":8},{"damage":5,"enemies":"3 Darklings","floor":46,"turns":7},{"damage":0,"enemies":"Writhing Mass","floor":47,"turns":6},{"damage":18,"enemies":"Spire Growth","floor":48,"turns":6},{"damage":35,"enemies":"Awakened One","floor":50,"turns":28}],"seed_played":"-1248060581577861019","potions_obtained":[{"floor":1,"key":"Fire Potion"},{"floor":5,"key":"EntropicBrew"},{"floor":6,"key":"Block Potion"},{"floor":10,"key":"Fire Potion"}],"is_trial":false,"path_per_floor":["M","$","?","M","M","E","?","M","T","M","$","R","M","M","R","B",null,"M","$","$","M","M","R","E","R","T","E","M","R","M","M","R","B",null,"M","$","?","M","M","E","R","$","T","R","M","M","M","M","R","B",null],"character_chosen":"THE_SILENT","items_purchased":["Bag of Preparation","Lantern","Footwork","Kunai","Noxious Fumes"],"campfire_rested":3,"item_purchase_floors":[2,11,19,36,42],"current_hp_per_floor":[69,69,62,54,50,35,35,32,32,29,29,29,29,29,29,12,70,70,70,70,64,60,60,48,48,48,48,48,48,48,48,48,42,70,70,70,70,61,61,14,35,35,35,56,56,51,51,33,54,19],"gold":153,"neow_bonus":"HUNDRED_GOLD","is_prod":false,"is_daily":false,"chose_seed":false,"campfire_upgraded":6,"win_rate":0,"timestamp":1549661222,"path_taken":["M","$","?","M","M","E","?","M","T","M","?","R","M","?","R","BOSS","M","?","$","M","M","R","E","R","T","E","?","R","M","M","R","BOSS","M","$","?","?","M","E","R","$","T","R","M","M","?","M","R","BOSS"],"build_version":"2019-01-23","purchased_purges":1,"victory":true,"max_hp_per_floor":[70,70,70,70,70,70,70,70,70,70,70,70,70,70,70,70,70,70,70,70,70,70,70,70,70,70,70,70,70,70,70,70,70,70,70,70,70,70,70,70,70,70,70,70,70,70,70,70,70,70],"card_choices":[{"not_picked":["Accuracy","Prepared"],"picked":"Dagger Spray","floor":1},{"not_picked":["Dagger Throw","Deflect"],"picked":"Crippling Poison","floor":4},{"not_picked":["Prepared","Flechettes"],"picked":"Poisoned Stab","floor":5},{"not_picked":["Sucker Punch","PiercingWail"],"picked":"Burst","floor":6},{"not_picked":["Slice","Dagger Throw"],"picked":"Deadly Poison","floor":8},{"not_picked":["Predator","Distraction"],"picked":"Cloak And Dagger","floor":10},{"not_picked":["Poisoned Stab","Deflect"],"picked":"Dodge and Roll","floor":13},{"not_picked":["Sucker Punch","Eviscerate"],"picked":"Blur","floor":14},{"not_picked":["Adrenaline","Tools of the Trade"],"picked":"After Image","floor":16},{"not_picked":["Flying Knee","Quick Slash"],"picked":"Choke","floor":18},{"not_picked":["Eviscerate","Dagger Spray"],"picked":"Infinite Blades","floor":21},{"not_picked":["Underhanded Strike","Blade Dance","Dodge and Roll"],"picked":"SKIP","floor":22},{"not_picked":["Distraction","Outmaneuver"],"picked":"Adrenaline","floor":24},{"not_picked":["Dash","Blur"],"picked":"Calculated Gamble","floor":27},{"not_picked":["Blur","Setup"],"picked":"Backflip","floor":28},{"not_picked":["Cloak And Dagger","Prepared","Dagger Spray"],"picked":"SKIP","floor":30},{"not_picked":["Blur","Cloak And Dagger"],"picked":"Deflect+1","floor":31},{"not_picked":["Phantasmal Killer","Storm of Steel"],"picked":"Burst","floor":33},{"not_picked":["Outmaneuver+1","PiercingWail"],"picked":"Cloak And Dagger+1","floor":35},{"not_picked":["Quick Slash","Prepared+1"],"picked":"Blade Dance+1","floor":38},{"not_picked":["Quick Slash+1","Catalyst"],"picked":"PiercingWail","floor":39},{"not_picked":["Slice+1","Sucker Punch","Prepared+1"],"picked":"SKIP","floor":40},{"not_picked":["Endless Agony+1","Dodge and Roll"],"picked":"Adrenaline","floor":41},{"not_picked":["Deadly Poison","Noxious Fumes+1"],"picked":"PiercingWail+1","floor":44},{"not_picked":["Dodge and Roll+1","Underhanded Strike+1"],"picked":"Footwork","floor":45},{"not_picked":["After Image","Underhanded Strike+1"],"picked":"Predator+1","floor":46},{"not_picked":["Catalyst","Choke+1"],"picked":"Reflex","floor":47},{"not_picked":["Slice+1","Dagger Spray+1"],"picked":"Cloak And Dagger+1","floor":48},{"not_picked":["Slice+1","Choke+1"],"picked":"Blur+1","floor":49}],"player_experience":77235,"relics_obtained":[{"floor":6,"key":"Bottled Flame"},{"floor":9,"key":"Omamori"},{"floor":24,"key":"Tiny Chest"},{"floor":26,"key":"Dream Catcher"},{"floor":27,"key":"Du-Vu Doll"},{"floor":40,"key":"Molten Egg 2"},{"floor":43,"key":"Smiling Mask"}],"event_choices":[{"cards_removed":["Strike_G"],"damage_healed":0,"gold_gain":0,"player_choice":"Card Removal","damage_taken":7,"max_hp_gain":0,"max_hp_loss":0,"event_name":"Golden Wing","floor":3,"gold_loss":0},{"cards_removed":["Strike_G"],"damage_healed":0,"gold_gain":0,"player_choice":"Card Removal","damage_taken":0,"max_hp_gain":0,"max_hp_loss":0,"event_name":"The Cleric","floor":7,"gold_loss":50},{"cards_removed":["Strike_G"],"damage_healed":0,"gold_gain":0,"player_choice":"Card Removal","damage_taken":0,"max_hp_gain":0,"max_hp_loss":0,"event_name":"Wheel of Change","floor":37,"gold_loss":0}],"is_beta":false,"boss_relics":[{"not_picked":["Snecko Eye","WristBlade"],"picked":"Sozu"},{"not_picked":["Coffee Dripper","Busted Crown"],"picked":"HoveringKite"}],"items_purged_floors":[20],"is_endless":false,"potions_floor_spawned":[1,5,6,10,13,18,22,28,31,33,35,45,48],"ascension_level":0}