{"gold_per_floor":[117,55,75,95,106,132,132,146,195,52,71,25,125,143,143,247,247,261,277,277,376,376,376,404,404,404,404,423,162,209,229,229,334,334,351,146,146,68,68,68,95,95,95,147,147,247,259,287,287,287,287,287,49,84,84],"floor_reached":55,"playtime":2734,"items_purged":["Strike_R"],"score":1284,"play_id":"02a2bd7b-16b6-482a-a315-570b5f803310","local_time":"20181222202923","is_ascension_mode":true,"campfire_choices":[{"data":"Heavy Blade","floor":7.0,"key":"SMITH"},{"data":"True Grit","floor":15.0,"key":"SMITH"},{"data":"Body Slam","floor":23.0,"key":"SMITH"},{"data":"Double Tap","floor":25.0,"key":"SMITH"},{"data":"Pommel Strike","floor":27.0,"key":"SMITH"},{"floor":32.0,"key":"REST"},{"floor":40,"key":"RECALL"},{"floor":42,"key":"REST"},{"floor":49,"key":"REST"},{"floor":52,"key":"REST"}],"neow_cost":"NONE","seed_source_timestamp":0,"circlet_count":0,"master_deck":["AscendersBane","Strike_R+1","Defend_R","Defend_R","Defend_R","Defend_R","Bash+1","Heavy Blade+1","Headbutt","Feel No Pain","Disarm","Offering","Shrug It Off","Inflame+1","Body Slam+1","Pommel Strike+1","True Grit+1","Double Tap+1","Demon Form+1","Disarm+1","Spot Weakness+1","Battle Trance+1","Disarm","Metallicize+1","Juggernaut+1","Shrug It Off","Madness","Madness","Metallicize+1"],"special_seed":0,"relics":["Burning Blood","Matryoshka","Dodecahedron","Frozen Egg 2","Whetstone","Astrolabe","Self Forming Clay","Bag of Preparation","Dream Catcher","Pear","Meat on the Bone","Juzu Bracelet","Fusion Hammer","ClockworkSouvenir","Red Skull","Turnip","GremlinMask","Torii","Orichalcum","Kunai","Pantograph"],"potions_floor_usage":[54,54,55],"damage_taken":[{"damage":9.0,"enemies":"Small Slimes","floor":1.0,"turns":5.0},{"damage":1.0,"enemies":"Cultist","floor":3.0,"turns":3.0},{"damage":2.0,"enemies":"Jaw Worm","floor":4.0,"turns":3.0},{"damage":12.0,"enemies":"Looter","floor":5.0,"turns":3.0},{"damage":39.0,"enemies":"3 Sentries","floor":6.0,"turns":14.0},{"damage":19.0,"enemies":"Exordium Wildlife","floor":8.0,"turns":4.0},{"damage":13.0,"enemies":"Lots of Slimes","floor":11.0,"turns":4.0},{"damage":2.0,"enemies":"Blue Slaver","floor":14.0,"turns":4.0},{"damage":6.0,"enemies":"Slime Boss","floor":16.0,"turns":5.0},{"damage":9.0,"enemies":"Chosen","floor":18.0,"turns":5.0},{"damage":37.0,"enemies":"3 Byrds","floor":19.0,"turns":6.0},{"damage":23.0,"enemies":"Book of Stabbing","floor":24.0,"turns":5.0},{"damage":15.0,"enemies":"Snake Plant","floor":28.0,"turns":5.0},{"damage":22.0,"enemies":"Shelled Parasite and Fungi","floor":31.0,"turns":5.0},{"damage":23.0,"enemies":"Champ","floor":33.0,"turns":8.0},{"damage":7.0,"enemies":"3 Shapes","floor":35.0,"turns":4.0},{"damage":4,"enemies":"Giant Head","floor":41,"turns":5},{"damage":41,"enemies":"2 Orb Walkers","floor":44,"turns":4},{"damage":13,"enemies":"Mind Bloom Boss Battle","floor":46,"turns":5},{"damage":14,"enemies":"Orb Walker","floor":47,"turns":4},{"damage":53,"enemies":"Nemesis","floor":48,"turns":7},{"damage":36,"enemies":"Time Eater","floor":50,"turns":7},{"damage":56,"enemies":"Shield and Spear","floor":54,"turns":7},{"damage":89,"enemies":"The Heart","floor":55,"turns":8}],"seed_played":"3159742374060303954","potions_obtained":[{"floor":4.0,"key":"Ancient Potion"},{"floor":6.0,"key":"SteroidPotion"},{"floor":11.0,"key":"Strength Potion"},{"floor":16.0,"key":"Dexterity Potion"},{"floor":24.0,"key":"PowerPotion"},{"floor":33.0,"key":"Fire Potion"},{"floor":54,"key":"Ancient Potion"}],"is_trial":false,"path_per_floor":["M","?","M","M","M","E","R","M","T","$","M","$","?","M","R","B",null,"M","M","?","?","?","R","E","R","T","R","M","$","T","M","R","B",null,"M","$","?","$","?","R","E","R","T","?","?","?","M","E","R","B",null,"R","$","E","B"],"character_chosen":"IRONCLAD","items_purchased":["Inflame+1","Pommel Strike","Meat on the Bone","ClockworkSouvenir","Metallicize+1","Kunai"],"campfire_rested":4,"item_purchase_floors":[10,12,29,36,38,53],"current_hp_per_floor":[77,77,82,86,80,47,47,34,34,34,27,27,27,31,31,31,74,71,40,40,40,69,69,52,52,62,62,53,53,53,49,78,61,89,88,88,76,76,76,76,78,98,98,63,63,56,60,25,54,36,83,98,98,60,0],"gold":84,"neow_bonus":"TEN_PERCENT_HP_BONUS","is_prod":false,"is_daily":false,"chose_seed":false,"campfire_upgraded":5,"win_rate":0,"timestamp":1545539363,"path_taken":["M","?","M","M","M","E","R","M","T","$","?","?","?","?","R","BOSS","M","M","?","?","?","R","E","R","T","R","M","$","?","M","R","BOSS","M","$","?","$","?","R","E","R","T","?","?","?","M","E","R","BOSS","R","$","E","BOSS"],"build_version":"2018-12-20","purchased_purges":1,"victory":false,"max_hp_per_floor":[88,88,88,88,88,88,88,88,88,88,88,88,88,88,88,88,88,88,88,88,88,88,88,88,88,98,98,98,98,98,98,98,98,98,98,98,98,98,98,98,98,98,98,98,98,98,98,98,98,98,98,98,98,98,98],"card_choices":[{"not_picked":["Sentinel","Burning Pact"],"picked":"Heavy Blade","floor":1.0},{"not_picked":["Heavy Blade","Seeing Red"],"picked":"Headbutt","floor":3.0},{"not_picked":["Rage","Corruption"],"picked":"Feel No Pain","floor":4.0},{"not_picked":["Sentinel","Havoc"],"picked":"Disarm","floor":5.0},{"not_picked":["Sentinel","Battle Trance"],"picked":"Offering","floor":6.0},{"not_picked":["Body Slam","Bloodletting"],"picked":"Shrug It Off","floor":8.0},{"not_picked":["Thunderclap","Disarm"],"picked":"Body Slam","floor":11.0},{"not_picked":["Thunderclap","Brutality+1"],"picked":"True Grit","floor":14.0},{"not_picked":["Fiend Fire","Bludgeon"],"picked":"Double Tap","floor":16.0},{"not_picked":["Warcry","Wild Strike"],"picked":"Battle Trance+1","floor":18.0},{"not_picked":["Clothesline","Body Slam","Wild Strike"],"picked":"SKIP","floor":19.0},{"not_picked":["True Grit","Anger"],"picked":"Disarm","floor":24.0},{"not_picked":["Rage","Perfected Strike","Clothesline"],"picked":"SKIP","floor":28.0},{"not_picked":["Anger","Dropkick+1"],"picked":"Metallicize+1","floor":31.0},{"not_picked":["Brutality+1","Feed"],"picked":"Juggernaut+1","floor":33.0},{"not_picked":["Pommel Strike","Carnage+1"],"picked":"Shrug It Off","floor":35.0},{"not_picked":["True Grit","Ghostly Armor","Rupture+1"],"picked":"SKIP","floor":41},{"not_picked":["Intimidate","Perfected Strike+1","Sever Soul+1"],"picked":"SKIP","floor":47},{"not_picked":["Fire Breathing+1","Warcry+1","Disarm"],"picked":"SKIP","floor":48},{"not_picked":["Uppercut","Blood for Blood","Perfected Strike"],"picked":"SKIP","floor":54}],"player_experience":1023791,"relics_obtained":[{"floor":6.0,"key":"Dodecahedron"},{"floor":9.0,"key":"Frozen Egg 2"},{"floor":9.0,"key":"Whetstone"},{"floor":24.0,"key":"Bag of Preparation"},{"floor":26.0,"key":"Dream Catcher"},{"floor":26.0,"key":"Pear"},{"floor":30.0,"key":"Juzu Bracelet"},{"floor":41,"key":"Red Skull"},{"floor":44,"key":"Turnip"},{"floor":46,"key":"Torii"},{"floor":48,"key":"Orichalcum"},{"floor":54,"key":"Pantograph"}],"event_choices":[{"damage_healed":0.0,"max_hp_gain":0.0,"max_hp_loss":0.0,"gold_gain":0.0,"event_name":"WeMeetAgain","player_choice":"Paid Gold","floor":2.0,"gold_loss":62.0,"damage_taken":0.0,"relics_obtained":["Matryoshka"]},{"damage_healed":0.0,"max_hp_gain":0.0,"max_hp_loss":0.0,"gold_gain":100.0,"event_name":"Golden Shrine","player_choice":"Pray","floor":13.0,"gold_loss":0.0,"damage_taken":0.0},{"damage_healed":0.0,"max_hp_gain":0.0,"max_hp_loss":0.0,"gold_gain":0.0,"event_name":"The Mausoleum","player_choice":"Opened","floor":20.0,"gold_loss":0.0,"damage_taken":0.0,"relics_obtained":["Self Forming Clay"]},{"damage_healed":0.0,"max_hp_gain":0.0,"max_hp_loss":0.0,"gold_gain":99.0,"event_name":"Nest","player_choice":"Stole From Cult","floor":21.0,"gold_loss":0.0,"damage_taken":0.0},{"damage_healed":29.0,"max_hp_gain":0.0,"max_hp_loss":0.0,"gold_gain":0.0,"event_name":"The Library","player_choice":"Heal","floor":22.0,"gold_loss":0.0,"damage_taken":0.0},{"damage_healed":0,"gold_gain":0,"player_choice":"Embrace Madness","damage_taken":12,"max_hp_gain":0,"max_hp_loss":0,"event_name":"Winding Halls","floor":37,"gold_loss":0,"cards_obtained":["Madness","Madness"]},{"damage_healed":0,"gold_gain":0,"player_choice":"Bought 0 Potions","damage_taken":0,"max_hp_gain":0,"max_hp_loss":0,"event_name":"The Woman in Blue","floor":39,"gold_loss":0},{"damage_healed":0,"gold_gain":0,"player_choice":"Fight","damage_taken":0,"max_hp_gain":0,"max_hp_loss":0,"event_name":"Mysterious Sphere","floor":44,"gold_loss":0},{"damage_healed":0,"gold_gain":0,"player_choice":"Trade","damage_taken":0,"relics_obtained":["GremlinMask"],"max_hp_gain":0,"max_hp_loss":0,"event_name":"FaceTrader","floor":45,"gold_loss":0},{"damage_healed":0,"gold_gain":0,"player_choice":"Fight","damage_taken":0,"max_hp_gain":0,"max_hp_loss":0,"event_name":"MindBloom","floor":46,"gold_loss":0}],"is_beta":false,"boss_relics":[{"not_picked":["Velvet Choker","Empty Cage"],"picked":"Astrolabe"},{"not_picked":["Snecko Eye","Runic Pyramid"],"picked":"Fusion Hammer"}],"items_purged_floors":[10],"is_endless":false,"potions_floor_spawned":[4,6,8,11,14,16,24,28,33,41,46,48,54],"killed_by":"The Heart","ascension_level":11}