{"gold_per_floor":[165,176,176,194,214,248,248,248,322,346,365,40,40],"floor_reached":13,"playtime":522,"items_purged":[],"score":174,"play_id":"d67a7771-ff04-4d48-9feb-cf057367c1dd","local_time":"20181224150736","is_ascension_mode":true,"campfire_choices":[{"floor":7,"key":"REST"}],"neow_cost":"NONE","seed_source_timestamp":622673403816833,"circlet_count":0,"master_deck":["AscendersBane","Defend_G","Defend_G","Defend_G","Defend_G+1","Defend_G","Strike_G","Strike_G+1","Strike_G","Strike_G","Strike_G","Survivor","Neutralize","Quick Slash","All Out Attack","Dagger Spray","Endless Agony","Sucker Punch+1","Cloak And Dagger","Dash","Flying Knee"],"relics":["Tiny House","Golden Idol","Lantern","Bottled Lightning","Letter Opener","Orichalcum","Whetstone"],"potions_floor_usage":[6,13],"damage_taken":[{"damage":0,"enemies":"2 Louse","floor":1,"turns":4},{"damage":2,"enemies":"Jaw Worm","floor":2,"turns":4},{"damage":8,"enemies":"Small Slimes","floor":4,"turns":3},{"damage":26,"enemies":"Gremlin Gang","floor":5,"turns":4},{"damage":22,"enemies":"3 Sentries","floor":6,"turns":7},{"damage":10,"enemies":"3 Louse","floor":10,"turns":3},{"damage":0,"enemies":"Exordium Wildlife","floor":11,"turns":3},{"damage":24,"enemies":"Lagavulin","floor":13,"turns":7}],"seed_played":"-4777101550438956358","potions_obtained":[{"floor":0,"key":"Dexterity Potion"},{"floor":2,"key":"Ancient Potion"},{"floor":5,"key":"Poison Potion"},{"floor":11,"key":"Strength Potion"}],"is_trial":false,"path_per_floor":["M","M","?","M","M","E","R","T","T","M","M","$","E"],"character_chosen":"THE_SILENT","items_purchased":["Orichalcum","Whetstone"],"campfire_rested":1,"item_purchase_floors":[12,12],"current_hp_per_floor":[64,62,62,54,28,6,25,25,25,15,15,15,0],"gold":40,"neow_bonus":"BOSS_RELIC","is_prod":false,"is_daily":false,"chose_seed":false,"campfire_upgraded":0,"win_rate":0,"timestamp":1545692856,"path_taken":["M","M","?","M","M","E","R","?","T","M","M","$","E"],"build_version":"2018-12-20","purchased_purges":0,"victory":false,"max_hp_per_floor":[71,71,64,64,64,64,64,64,64,64,64,64,64],"card_choices":[{"not_picked":["Sucker Punch","Backflip"],"picked":"Quick Slash","floor":0},{"not_picked":["Leg Sweep","Backflip"],"picked":"All Out Attack","floor":1},{"not_picked":["Bane","Blade Dance"],"picked":"Dagger Spray","floor":2},{"not_picked":["Outmaneuver","Acrobatics"],"picked":"Endless Agony","floor":4},{"not_picked":["Deadly Poison","Doppelganger"],"picked":"Sucker Punch","floor":5},{"not_picked":["Deflect","PiercingWail"],"picked":"Cloak And Dagger","floor":6},{"not_picked":["Deflect","Riddle With Holes"],"picked":"Dash","floor":10},{"not_picked":["Blade Dance","Prepared"],"picked":"Flying Knee","floor":11}],"player_experience":216827,"relics_obtained":[{"floor":6,"key":"Lantern"},{"floor":8,"key":"Bottled Lightning"},{"floor":9,"key":"Letter Opener"}],"event_choices":[{"damage_healed":0,"gold_gain":0,"player_choice":"Lose Max HP","damage_taken":0,"relics_obtained":["Golden Idol"],"max_hp_gain":0,"max_hp_loss":7,"event_name":"Golden Idol","floor":3,"gold_loss":0}],"is_beta":false,"boss_relics":[],"items_purged_floors":[],"is_endless":false,"potions_floor_spawned":[2,5,11],"killed_by":"Lagavulin","ascension_level":20}