{"gold_per_floor":[114,189,203,49,224,283,283,293,293,310,310,332,344,43,43,143,143,163,163,178,190,33,33,33,33,33,45,45,45,45,56,56,161,161,177,85,85],"floor_reached":37,"playtime":2137,"items_purged":["Defend_B","Strike_B"],"score":592,"play_id":"249545da-47de-4857-aeb4-a4113c6cbbe4","local_time":"20180802201429","is_ascension_mode":true,"campfire_choices":[{"floor":7,"key":"REST"},{"floor":11,"key":"REST"},{"floor":15,"key":"REST"},{"floor":23,"key":"REST"},{"floor":28,"key":"REST"},{"floor":32,"key":"REST"}],"neow_cost":"NONE","seed_source_timestamp":9329767953388,"circlet_count":0,"master_deck":["Zap","Dualcast","Cold Snap","Leap","Defragment","Doubt","Static Discharge","Streamline","White Noise","Defragment","Self Repair","Leap","Biased Cognition","Glacier","Genetic Algorithm","Stack","Cold Snap","Hello World","FTL","Ball Lightning","Normality","FTL+1","Sunder+1","Self Repair","Leap","Decay","Conserve Battery","Ghostly","Ghostly","Ghostly","Ghostly","Ghostly","Amplify","Meteor Strike","Leap","Conserve Battery","Recycle","Panacea"],"relics":["Fusion Hammer","Tiny Chest","Mercury Hourglass","Odd Mushroom","Pandora\u0027s Box","Bronze Scales","Art of War","Orrery"],"potions_floor_usage":[10,16,16,16,21,25,27,33,37],"damage_taken":[{"damage":0,"enemies":"Small Slimes","floor":1,"turns":3},{"damage":1,"enemies":"2 Louse","floor":3,"turns":3},{"damage":38,"enemies":"Gremlin Nob","floor":6,"turns":5},{"damage":3,"enemies":"Cultist","floor":8,"turns":4},{"damage":16,"enemies":"Exordium Thugs","floor":10,"turns":4},{"damage":20,"floor":12,"turns":4},{"damage":10,"enemies":"3 Louse","floor":13,"turns":3},{"damage":31,"enemies":"Hexaghost","floor":16,"turns":10},{"damage":11,"enemies":"Shell Parasite","floor":18,"turns":8},{"damage":2,"enemies":"3 Byrds","floor":20,"turns":3},{"damage":57,"enemies":"Slaver and Parasite","floor":21,"turns":8},{"damage":0,"enemies":"Centurion and Healer","floor":25,"turns":1},{"damage":26,"enemies":"Snake Plant","floor":27,"turns":3},{"damage":1,"enemies":"Sentry and Sphere","floor":31,"turns":6},{"damage":26,"enemies":"Collector","floor":33,"turns":11},{"damage":22,"enemies":"3 Shapes","floor":35,"turns":4},{"damage":28,"enemies":"Flame Bruiser 1 Orb","floor":37,"turns":3}],"seed_played":"3808586024803522195","potions_obtained":[{"floor":3,"key":"Explosive Potion"},{"floor":8,"key":"Dexterity Potion"},{"floor":12,"key":"Weak Potion"},{"floor":13,"key":"Poison Potion"},{"floor":18,"key":"AttackPotion"},{"floor":20,"key":"SmokeBomb"},{"floor":31,"key":"SkillPotion"},{"floor":33,"key":"SkillPotion"}],"is_trial":false,"path_per_floor":["M","?","M","$","?","E","R","M","T","M","R","?","M","$","R","B",null,"M","?","M","M","$","R","?","M","T","M","R","$","?","M","R","B",null,"M","$"],"character_chosen":"DEFECT","items_purchased":["Defragment","Self Repair","Leap","Regen Potion","Self Repair","Leap","AttackPotion","Panacea"],"campfire_rested":6,"item_purchase_floors":[4,14,14,14,22,22,22,36],"current_hp_per_floor":[68,57,56,56,56,18,40,37,37,21,43,23,13,13,35,33,65,61,61,59,9,9,31,31,31,31,12,34,34,34,37,37,25,34,26,26,0],"gold":85,"neow_bonus":"BOSS_RELIC","is_prod":false,"is_daily":false,"chose_seed":false,"campfire_upgraded":0,"win_rate":0,"timestamp":1533255269,"path_taken":["M","?","M","?","?","E","R","M","T","M","R","?","M","$","R","BOSS","M","?","M","?","$","R","?","M","T","M","R","$","?","M","R","BOSS","M","$","M"],"build_version":"2018-07-26","purchased_purges":2,"victory":false,"max_hp_per_floor":[75,75,75,75,75,75,75,75,75,75,75,75,75,75,75,75,75,75,75,75,75,75,75,75,75,75,75,75,75,37,37,37,37,37,37,37,37],"card_choices":[{"not_picked":["Streamline","BootSequence"],"picked":"Cold Snap","floor":1},{"not_picked":["Sweeping Beam","Rebound"],"picked":"Leap","floor":3},{"not_picked":["Conserve Battery","Hologram"],"picked":"Static Discharge","floor":6},{"not_picked":["Auto Shields","Go for the Eyes"],"picked":"Streamline","floor":8},{"not_picked":["Steam","Skim"],"picked":"White Noise","floor":10},{"not_picked":["Melter","Hyperbeam"],"picked":"Defragment","floor":13},{"not_picked":["Multi-Cast","Buffer"],"picked":"Biased Cognition","floor":16},{"not_picked":["Steam","Rip and Tear"],"picked":"Ball Lightning","floor":18},{"not_picked":["Rebound","Redo"],"picked":"FTL+1","floor":20},{"not_picked":["Fusion","Gash"],"picked":"Sunder+1","floor":21},{"not_picked":["Leap+1","Reinforced Body"],"picked":"Conserve Battery","floor":27},{"not_picked":["Gash","Cold Snap+1"],"picked":"Amplify","floor":31},{"not_picked":["Reboot","Hyperbeam"],"picked":"Meteor Strike","floor":33},{"not_picked":["Blizzard","FTL+1"],"picked":"Leap","floor":34},{"not_picked":["Steam","Barrage"],"picked":"Conserve Battery","floor":34},{"not_picked":["Hello World","Barrage"],"picked":"Recycle","floor":35}],"player_experience":590085,"relics_obtained":[{"floor":6,"key":"Tiny Chest"},{"floor":9,"key":"Mercury Hourglass"},{"floor":12,"key":"Odd Mushroom"},{"floor":26,"key":"Art of War"}],"event_choices":[{"event_name":"World of Goop","player_choice":"Gather Gold","floor":2,"damage_taken":0},{"event_name":"Liars Game","player_choice":"agreed","floor":5,"damage_taken":0},{"event_name":"Mushrooms","player_choice":"Fought Mushrooms","floor":12,"damage_taken":0},{"event_name":"Accursed Blacksmith","player_choice":"Rummage","floor":19,"damage_taken":0},{"event_name":"Forgotten Altar","player_choice":"Smashed Altar","floor":24,"damage_taken":0},{"event_name":"Ghosts","player_choice":"Became a Ghost","floor":30,"damage_taken":0}],"is_beta":false,"boss_relics":[{"not_picked":["Busted Crown","Inserter"],"picked":"Pandora\u0027s Box"},{"not_picked":["Cursed Key","Coffee Dripper"],"picked":"Orrery"}],"items_purged_floors":[4,14],"is_endless":false,"potions_floor_spawned":[3,8,12,13,18,20,31,33],"killed_by":"Flame Bruiser 1 Orb","ascension_level":8}