{"gold_per_floor":[115,115,115,131,131,160,160,186,186,186],"floor_reached":10,"playtime":456,"items_purged":[],"score":193,"play_id":"888bb802-d096-4d75-aad3-064afa3d0164","local_time":"20190203044839","is_ascension_mode":true,"campfire_choices":[{"data":"Neutralize","floor":7,"key":"SMITH"}],"neow_cost":"NONE","seed_source_timestamp":113741245986800,"circlet_count":0,"master_deck":["AscendersBane","Defend_G","Defend_G","Defend_G","Defend_G","Defend_G","Strike_G","Strike_G","Strike_G","Strike_G","Survivor","Neutralize+1","Sucker Punch","Dagger Spray","Finisher","Deadly Poison"],"relics":["Ring of the Snake","NeowsBlessing","Boot","Paper Crane","Molten Egg 2","Question Card"],"potions_floor_usage":[8],"damage_taken":[{"damage":0,"enemies":"Jaw Worm","floor":1,"turns":1},{"damage":0,"enemies":"Cultist","floor":4,"turns":1},{"damage":0,"enemies":"Lagavulin","floor":6,"turns":1},{"damage":28,"enemies":"3 Sentries","floor":8,"turns":7},{"damage":46,"enemies":"Gremlin Nob","floor":10,"turns":4}],"seed_played":"-3475376783640998944","potions_obtained":[{"floor":1,"key":"Dexterity Potion"}],"is_trial":false,"path_per_floor":["M","?","T","M","?","E","R","E","T","E"],"character_chosen":"THE_SILENT","items_purchased":[],"campfire_rested":0,"item_purchase_floors":[],"current_hp_per_floor":[59,59,59,59,59,59,59,31,31,0],"gold":186,"neow_bonus":"THREE_ENEMY_KILL","is_prod":false,"is_daily":false,"chose_seed":false,"campfire_upgraded":1,"win_rate":0,"timestamp":1549165719,"path_taken":["M","?","?","M","?","E","R","E","T","E"],"build_version":"2019-01-23","purchased_purges":0,"victory":false,"max_hp_per_floor":[66,66,66,66,66,66,66,66,66,66],"card_choices":[{"not_picked":["Setup","Blade Dance"],"picked":"Sucker Punch","floor":1},{"not_picked":["Expertise","Endless Agony"],"picked":"Dagger Spray","floor":4},{"not_picked":["Flying Knee","PiercingWail"],"picked":"Finisher","floor":6},{"not_picked":["Choke","Terror"],"picked":"Deadly Poison","floor":8}],"player_experience":348279,"relics_obtained":[{"floor":3,"key":"Boot"},{"floor":6,"key":"Paper Crane"},{"floor":8,"key":"Molten Egg 2"},{"floor":9,"key":"Question Card"}],"event_choices":[{"damage_healed":0,"gold_gain":0,"player_choice":"Ignored","damage_taken":0,"max_hp_gain":0,"max_hp_loss":0,"event_name":"Liars Game","floor":2,"gold_loss":0},{"cards_removed":["Strike_G"],"damage_healed":0,"gold_gain":0,"player_choice":"Offered Basic","damage_taken":0,"max_hp_gain":0,"max_hp_loss":0,"event_name":"Bonfire Elementals","floor":5,"gold_loss":0}],"is_beta":false,"boss_relics":[],"items_purged_floors":[],"is_endless":false,"potions_floor_spawned":[1],"killed_by":"Gremlin Nob","ascension_level":19}