{"gold_per_floor":[111,111,129,54,54,88,88,123,178,178,190,190],"floor_reached":12,"playtime":343,"items_purged":["Strike_G"],"score":111,"play_id":"7d3e9920-ffc8-4c02-86cc-050434843575","local_time":"20190208142855","is_ascension_mode":false,"campfire_choices":[{"data":"Survivor","floor":7,"key":"SMITH"},{"floor":10,"key":"REST"}],"neow_cost":"NONE","seed_source_timestamp":595125637097356,"circlet_count":0,"master_deck":["Defend_G","Defend_G","Defend_G","Defend_G","Defend_G","Strike_G","Strike_G","Strike_G","Survivor+1","Neutralize","Riddle With Holes","Crippling Poison","Backflip","Dagger Throw","Escape Plan+1"],"relics":["Ring of the Snake","NeowsBlessing","Anchor","Toxic Egg 2","Tiny Chest"],"potions_floor_usage":[8],"damage_taken":[{"damage":0,"enemies":"Jaw Worm","floor":1,"turns":1},{"damage":0,"enemies":"Cultist","floor":3,"turns":1},{"damage":0,"enemies":"Gremlin Nob","floor":6,"turns":1},{"damage":41,"enemies":"Lagavulin","floor":8,"turns":8},{"damage":0,"enemies":"Small Slimes","floor":11,"turns":3},{"damage":28,"enemies":"3 Sentries","floor":12,"turns":11}],"seed_played":"-1542673251911339066","potions_obtained":[{"floor":3,"key":"GamblersBrew"},{"floor":6,"key":"Poison Potion"},{"floor":8,"key":"EssenceOfSteel"}],"is_trial":false,"path_per_floor":["M","?","M","$","?","E","R","E","T","R","M","E"],"character_chosen":"THE_SILENT","items_purchased":[],"campfire_rested":1,"item_purchase_floors":[],"current_hp_per_floor":[70,63,63,63,56,56,56,15,15,36,36,8],"gold":190,"neow_bonus":"THREE_ENEMY_KILL","is_prod":false,"is_daily":false,"chose_seed":false,"campfire_upgraded":1,"win_rate":0,"timestamp":1549607335,"path_taken":["M","?","?","$","?","E","R","E","T","R","M","E"],"build_version":"2019-01-23","purchased_purges":1,"victory":false,"max_hp_per_floor":[70,70,70,70,70,70,70,70,70,70,70,70],"card_choices":[{"not_picked":["Deflect","Underhanded Strike"],"picked":"Riddle With Holes","floor":1},{"not_picked":["Blade Dance","Bane"],"picked":"Crippling Poison","floor":3},{"not_picked":["Night Terror","Endless Agony"],"picked":"Backflip","floor":6},{"not_picked":["Acrobatics","Underhanded Strike"],"picked":"Dagger Throw","floor":8},{"not_picked":["Prepared+1","Well Laid Plans"],"picked":"Escape Plan+1","floor":11}],"player_experience":208058,"relics_obtained":[{"floor":6,"key":"Anchor"},{"floor":8,"key":"Toxic Egg 2"},{"floor":9,"key":"Tiny Chest"}],"event_choices":[{"damage_healed":0,"gold_gain":0,"player_choice":"Damaged","damage_taken":7,"max_hp_gain":0,"max_hp_loss":0,"event_name":"Wheel of Change","floor":2,"gold_loss":0},{"cards_removed":["Strike_G"],"damage_healed":0,"gold_gain":0,"player_choice":"Card Removal","damage_taken":7,"max_hp_gain":0,"max_hp_loss":0,"event_name":"Golden Wing","floor":5,"gold_loss":0}],"is_beta":false,"boss_relics":[],"items_purged_floors":[4],"is_endless":false,"potions_floor_spawned":[3,6,8],"killed_by":"3 Sentries","ascension_level":0}