{"gold_per_floor":[117,117,42,142,161,111,144,68,68,68,88,100,130,142,142,244,244,261,261,275,275,290,290,192,208,280,35,50,66,84,119,119,119],"floor_reached":33,"playtime":1309,"items_purged":["Strike_B"],"score":279,"play_id":"64b24321-a07c-4e43-8210-21df6a08ed03","local_time":"20190110191041","is_ascension_mode":false,"campfire_choices":[{"data":"Zap","floor":15.0,"key":"SMITH"},{"data":"Electrodynamics","floor":23.0,"key":"SMITH"},{"data":"Apotheosis","floor":32,"key":"SMITH"}],"neow_cost":"NONE","seed_source_timestamp":1466272133743291,"circlet_count":0,"master_deck":["Strike_B+1","Defend_B+1","Defend_B","Zap+1","Dualcast+1","Melter+1","Auto Shields","Coolheaded","Glacier","Electrodynamics+1","Sweeping Beam+1","Hyperbeam+1","Beam Cell+1","Ball Lightning+1","Leap+1","Glacier","Conserve Battery","BootSequence","Defragment","Apotheosis+1","White Noise+1","Cold Snap+1"],"special_seed":0,"relics":["Cracked Core","Ancient Tea Set","Astrolabe","Question Card","Whetstone"],"potions_floor_usage":[],"damage_taken":[{"damage":0.0,"enemies":"Cultist","floor":1.0,"turns":4.0},{"damage":0.0,"enemies":"2 Louse","floor":5.0,"turns":2.0},{"damage":23.0,"enemies":"Gremlin Nob","floor":7.0,"turns":4.0},{"damage":0.0,"enemies":"Jaw Worm","floor":11.0,"turns":2.0},{"damage":0.0,"enemies":"Large Slime","floor":12.0,"turns":4.0},{"damage":2.0,"enemies":"3 Sentries","floor":13.0,"turns":7.0},{"damage":0.0,"enemies":"Red Slaver","floor":14.0,"turns":3.0},{"damage":10.0,"enemies":"Hexaghost","floor":16.0,"turns":14.0},{"damage":1.0,"enemies":"Shell Parasite","floor":18.0,"turns":3.0},{"damage":5.0,"enemies":"3 Byrds","floor":20.0,"turns":2.0},{"damage":3.0,"enemies":"Snecko","floor":22.0,"turns":5.0},{"damage":7.0,"enemies":"Snake Plant","floor":25.0,"turns":3.0},{"damage":7.0,"enemies":"Centurion and Healer","floor":28.0,"turns":4.0},{"damage":3.0,"enemies":"Sentry and Sphere","floor":29.0,"turns":5.0},{"damage":5.0,"enemies":"Cultist and Chosen","floor":30.0,"turns":5.0},{"damage":6.0,"enemies":"Book of Stabbing","floor":31.0,"turns":8.0},{"damage":29,"enemies":"Champ","floor":33,"turns":17}],"seed_played":"-986070230630080066","potions_obtained":[{"floor":11.0,"key":"LiquidBronze"},{"floor":12.0,"key":"EssenceOfSteel"},{"floor":14.0,"key":"Fire Potion"},{"floor":22.0,"key":"Explosive Potion"},{"floor":30.0,"key":"PowerPotion"}],"is_trial":false,"path_per_floor":["M","?","$","?","M","?","E","$","T","?","M","M","E","M","R","B",null,"M","?","M","$","M","R","$","M","T","$","M","M","M","E","R","B"],"character_chosen":"DEFECT","items_purchased":["Melter","Auto Shields","Conserve Battery","Defragment","Apotheosis"],"campfire_rested":0,"item_purchase_floors":[3,8,24,27,27],"current_hp_per_floor":[75,60,60,60,60,60,37,37,37,37,37,37,35,35,35,25,75,74,74,69,69,66,66,66,59,59,59,52,49,44,38,38,9],"gold":119,"neow_bonus":"UPGRADE_CARD","is_prod":false,"is_daily":false,"chose_seed":false,"campfire_upgraded":3,"win_rate":0,"timestamp":1547147441,"path_taken":["M","?","$","?","?","?","E","$","T","?","M","M","E","?","R","BOSS","M","?","M","$","M","R","$","M","T","$","?","M","M","E","R","BOSS"],"build_version":"2019-01-03v4","purchased_purges":1,"victory":false,"max_hp_per_floor":[75,75,75,75,75,75,75,75,75,75,75,75,75,75,75,75,75,75,75,75,75,75,75,75,75,75,75,75,75,75,75,75,75],"card_choices":[{"not_picked":["Redo","Reinforced Body","Sweeping Beam"],"picked":"SKIP","floor":1.0},{"not_picked":["Rip and Tear","Melter","Steam"],"picked":"SKIP","floor":5.0},{"not_picked":["Lockon","Melter","Force Field"],"picked":"SKIP","floor":7.0},{"not_picked":["Stack","Compile Driver","Reprogram"],"picked":"SKIP","floor":11.0},{"not_picked":["Reinforced Body","Gash"],"picked":"Coolheaded","floor":12.0},{"not_picked":["Turbo","Machine Learning","Reinforced Body"],"picked":"SKIP","floor":13.0},{"not_picked":["Barrage","Stack"],"picked":"Glacier","floor":14.0},{"not_picked":["Echo Form","Meteor Strike"],"picked":"Electrodynamics","floor":16.0},{"not_picked":["Coolheaded+1","Hello World"],"picked":"Ball Lightning","floor":18.0},{"not_picked":["White Noise","Steam"],"picked":"Leap+1","floor":20.0},{"not_picked":["Sunder","Heatsinks"],"picked":"Glacier","floor":22.0},{"not_picked":["Rebound+1","Conserve Battery"],"picked":"BootSequence","floor":25.0},{"not_picked":["Conserve Battery","Beam Cell+1","Ball Lightning"],"picked":"White Noise+1","floor":28.0},{"not_picked":["Cold Snap","Doom and Gloom","BootSequence","Self Repair"],"picked":"SKIP","floor":29.0},{"not_picked":["Tempest+1","Redo","Hyperbeam","Self Repair"],"picked":"SKIP","floor":30.0},{"not_picked":["Gash","Rip and Tear","Tempest"],"picked":"Cold Snap","floor":31}],"player_experience":959568,"relics_obtained":[{"floor":13.0,"key":"Ancient Tea Set"},{"floor":26.0,"key":"Question Card"},{"floor":31,"key":"Whetstone"}],"event_choices":[{"damage_healed":0.0,"max_hp_gain":0.0,"max_hp_loss":0.0,"gold_gain":0.0,"event_name":"Shining Light","player_choice":"Entered Light","floor":2.0,"gold_loss":0.0,"damage_taken":15.0,"cards_upgraded":["Defend_B","Strike_B"]},{"damage_healed":0.0,"max_hp_gain":0.0,"max_hp_loss":0.0,"gold_gain":100.0,"event_name":"Golden Shrine","player_choice":"Pray","floor":4.0,"gold_loss":0.0,"damage_taken":0.0},{"cards_removed":["Strike_B"],"damage_healed":0.0,"max_hp_gain":0.0,"max_hp_loss":0.0,"gold_gain":0.0,"event_name":"The Cleric","player_choice":"Card Removal","floor":6.0,"gold_loss":50.0,"damage_taken":0.0},{"damage_healed":0.0,"max_hp_gain":0.0,"max_hp_loss":0.0,"gold_gain":0.0,"event_name":"Accursed Blacksmith","player_choice":"Forge","floor":10.0,"gold_loss":0.0,"damage_taken":0.0,"cards_upgraded":["Melter"]},{"damage_healed":0.0,"max_hp_gain":0.0,"max_hp_loss":0.0,"gold_gain":0.0,"event_name":"NoteForYourself","player_choice":"Ignored","floor":19.0,"gold_loss":0.0,"damage_taken":0.0}],"is_beta":false,"boss_relics":[{"not_picked":["Nuclear Battery","Pandora\u0027s Box"],"picked":"Astrolabe"}],"items_purged_floors":[24],"is_endless":false,"potions_floor_spawned":[11,12,14,22,25,29,30],"killed_by":"Champ","ascension_level":0}