{"gold_per_floor":[359,377,377,213,238,238,262,262,262,306,325,339,264,264,264,357,357,373,393,393],"floor_reached":20,"playtime":1489,"items_purged":["Strike_G"],"score":352,"play_id":"6123a1df-de17-4529-aba0-0d24d4a05285","local_time":"20181227100645","is_ascension_mode":true,"campfire_choices":[{"data":"All Out Attack","floor":6.0,"key":"SMITH"},{"floor":8,"key":"REST"},{"floor":15,"key":"REST"}],"neow_cost":"PERCENT_DAMAGE","seed_source_timestamp":0,"circlet_count":0,"master_deck":["AscendersBane","Defend_G","Defend_G","Defend_G","Defend_G","Defend_G","Strike_G","Strike_G","Strike_G","Survivor","Neutralize","All Out Attack+1","Dagger Throw","Footwork","Noxious Fumes","Well Laid Plans","Deadly Poison","Storm of Steel","Corpse Explosion"],"special_seed":0,"relics":["Ring of the Snake","Golden Idol","Vajra","Bottled Flame","Letter Opener","Busted Crown"],"potions_floor_usage":[10,20],"damage_taken":[{"damage":2.0,"enemies":"2 Louse","floor":1.0,"turns":3.0},{"damage":2.0,"enemies":"Jaw Worm","floor":2.0,"turns":6.0},{"damage":0.0,"enemies":"Small Slimes","floor":5.0,"turns":2.0},{"damage":20,"enemies":"Gremlin Gang","floor":7,"turns":4},{"damage":27,"enemies":"Gremlin Nob","floor":10,"turns":4},{"damage":4,"enemies":"Looter","floor":11,"turns":3},{"damage":1,"enemies":"2 Fungi Beasts","floor":12,"turns":3},{"damage":5,"enemies":"The Guardian","floor":16,"turns":10},{"damage":0,"enemies":"Spheric Guardian","floor":18,"turns":5},{"damage":7,"enemies":"3 Byrds","floor":19,"turns":2},{"damage":44,"enemies":"Shelled Parasite and Fungi","floor":20,"turns":5}],"seed_played":"1859723260886166725","potions_obtained":[{"floor":1.0,"key":"Fire Potion"},{"floor":5.0,"key":"FearPotion"},{"floor":7,"key":"Fire Potion"},{"floor":19,"key":"Poison Potion"}],"is_trial":false,"path_per_floor":["M","M","?","$","M","R","M","R","T","E","M","M","$","?","R","B",null,"M","M","M"],"character_chosen":"THE_SILENT","items_purchased":["Vajra"],"campfire_rested":2,"item_purchase_floors":[4],"current_hp_per_floor":[42,40,40,40,40,40,20,38,38,11,7,6,6,6,24,19,50,50,43,0],"gold":393,"neow_bonus":"TWO_FIFTY_GOLD","is_prod":false,"is_daily":false,"chose_seed":false,"campfire_upgraded":1,"win_rate":0,"timestamp":1545934005,"path_taken":["M","M","?","$","M","R","M","R","T","E","M","M","$","?","R","BOSS","M","M","M"],"build_version":"2018-12-20","purchased_purges":1,"victory":false,"max_hp_per_floor":[66,66,60,60,60,60,60,60,60,60,60,60,60,60,60,60,60,60,60,60],"card_choices":[{"not_picked":["Infinite Blades","Deadly Poison"],"picked":"All Out Attack","floor":1.0},{"not_picked":["Endless Agony","Backflip"],"picked":"Dagger Throw","floor":2.0},{"not_picked":["Skewer","Flying Knee"],"picked":"Footwork","floor":5.0},{"not_picked":["Skewer","Sucker Punch","Quick Slash"],"picked":"SKIP","floor":7},{"not_picked":["Slice","Quick Slash"],"picked":"Noxious Fumes","floor":10},{"not_picked":["Deflect","Underhanded Strike"],"picked":"Well Laid Plans","floor":11},{"not_picked":["Blur","Bane"],"picked":"Deadly Poison","floor":12},{"not_picked":["Night Terror","Tools of the Trade"],"picked":"Corpse Explosion","floor":16},{"not_picked":["Sucker Punch"],"picked":"SKIP","floor":18},{"not_picked":["Distraction"],"picked":"SKIP","floor":19}],"player_experience":221321,"relics_obtained":[{"floor":9,"key":"Bottled Flame"},{"floor":10,"key":"Letter Opener"}],"event_choices":[{"damage_healed":0.0,"max_hp_gain":0.0,"max_hp_loss":6.0,"gold_gain":0.0,"event_name":"Golden Idol","player_choice":"Lose Max HP","floor":3.0,"gold_loss":0.0,"damage_taken":0.0,"relics_obtained":["Golden Idol"]},{"damage_healed":0,"gold_gain":0,"cards_transformed":["Strike_G"],"player_choice":"Change","damage_taken":0,"max_hp_gain":0,"max_hp_loss":0,"event_name":"Living Wall","floor":14,"gold_loss":0,"cards_obtained":["Storm of Steel"]}],"is_beta":false,"boss_relics":[{"not_picked":["Calling Bell","Ring of the Serpent"],"picked":"Busted Crown"}],"items_purged_floors":[13],"is_endless":false,"potions_floor_spawned":[1,5,7,19],"killed_by":"Shelled Parasite and Fungi","ascension_level":20}