{"gold_per_floor":[117,49,67,77,92,92,117,117,117,117,137,137,151,37,37,141,141,157,0,20,20,37,37,70,70,95,35,35,62,78,105,105,200,200,217,235,251,265,281,281,281,291,291,153,172,16,16,44,44,44],"floor_reached":51,"playtime":2218,"items_purged":["Pain","Shame","Strike_B"],"score":764,"play_id":"d60245e6-9085-4eba-a702-519dc3a14886","local_time":"20190109191228","is_ascension_mode":false,"campfire_choices":[{"data":"Defragment","floor":6.0,"key":"SMITH"},{"data":"Zap","floor":8.0,"key":"SMITH"},{"data":"Coolheaded","floor":10.0,"key":"SMITH"},{"data":"BootSequence","floor":12.0,"key":"SMITH"},{"data":"Defend_B","floor":15.0,"key":"SMITH"},{"data":"Cold Snap","floor":23.0,"key":"SMITH"},{"data":"Defend_B","floor":25.0,"key":"SMITH"},{"data":"Strike_B","floor":28.0,"key":"SMITH"},{"data":"Ball Lightning","floor":32.0,"key":"SMITH"},{"data":"Seek","floor":40.0,"key":"SMITH"},{"data":"Blizzard","floor":47.0,"key":"SMITH"},{"floor":49,"key":"REST"}],"neow_cost":"NONE","seed_source_timestamp":1379059676148897,"circlet_count":0,"master_deck":["Strike_B+1","Strike_B+1","Strike_B+1","Defend_B+1","Defend_B+1","Defend_B","Defend_B","Zap+1","Dualcast+1","BootSequence+1","Coolheaded+1","Defragment+1","Chill","Cold Snap+1","Cold Snap+1","Ball Lightning+1","Ball Lightning+1","Seek+1","Loop+1","Defragment+1","Capacitor","Go for the Eyes+1","Blizzard+1"],"special_seed":0,"relics":["Cracked Core","The Courier","Matryoshka","Whetstone","Cursed Key","Runic Capacitor","Meat on the Bone","Art of War","Blood Vial","Bronze Scales","Pear","Anchor","Vajra"],"potions_floor_usage":[50,50,50],"damage_taken":[{"damage":0.0,"enemies":"Cultist","floor":1.0,"turns":4.0},{"damage":1.0,"enemies":"Jaw Worm","floor":3.0,"turns":3.0},{"damage":0.0,"enemies":"2 Louse","floor":4.0,"turns":2.0},{"damage":13.0,"enemies":"Gremlin Gang","floor":5.0,"turns":8.0},{"damage":4.0,"enemies":"Lagavulin","floor":7.0,"turns":8.0},{"damage":0.0,"enemies":"Blue Slaver","floor":11.0,"turns":4.0},{"damage":0.0,"enemies":"Red Slaver","floor":13.0,"turns":3.0},{"damage":31.0,"enemies":"Hexaghost","floor":16.0,"turns":13.0},{"damage":0.0,"enemies":"3 Byrds","floor":18.0,"turns":7.0},{"damage":0.0,"enemies":"Chosen","floor":20.0,"turns":4.0},{"damage":9.0,"enemies":"Snake Plant","floor":22.0,"turns":5.0},{"damage":10.0,"enemies":"Book of Stabbing","floor":24.0,"turns":5.0},{"damage":0.0,"enemies":"Gremlin Leader","floor":29.0,"turns":7.0},{"damage":0.0,"enemies":"3 Cultists","floor":30.0,"turns":4.0},{"damage":2.0,"enemies":"Slavers","floor":31.0,"turns":5.0},{"damage":22.0,"enemies":"Collector","floor":33.0,"turns":9.0},{"damage":0.0,"enemies":"3 Shapes","floor":35.0,"turns":5.0},{"damage":0.0,"enemies":"Orb Walker","floor":36.0,"turns":3.0},{"damage":4.0,"enemies":"Maw","floor":37.0,"turns":8.0},{"damage":11.0,"enemies":"Jaw Worm Horde","floor":38.0,"turns":5.0},{"damage":7.0,"enemies":"Sphere and 2 Shapes","floor":39.0,"turns":5.0},{"damage":6.0,"enemies":"Spire Growth","floor":42.0,"turns":4.0},{"damage":10.0,"enemies":"Writhing Mass","floor":45.0,"turns":4.0},{"damage":11.0,"enemies":"Reptomancer","floor":48.0,"turns":5.0},{"damage":7,"enemies":"Time Eater","floor":50,"turns":9}],"seed_played":"4698368853959149754","potions_obtained":[{"floor":3.0,"key":"Weak Potion"},{"floor":5.0,"key":"AttackPotion"},{"floor":7.0,"key":"Regen Potion"},{"floor":24.0,"key":"Energy Potion"},{"floor":30.0,"key":"Block Potion"},{"floor":35.0,"key":"FearPotion"},{"floor":37.0,"key":"PowerPotion"},{"floor":39.0,"key":"PowerPotion"}],"is_trial":false,"path_per_floor":["M","$","M","M","M","R","E","R","T","R","M","R","M","$","R","B",null,"M","$","M","$","M","R","E","R","T","$","R","E","M","E","R","B",null,"M","M","M","M","M","R","?","M","T","$","M","$","R","E","R","B",null],"character_chosen":"DEFECT","items_purchased":["BootSequence","Whetstone","Runic Capacitor","Capacitor","Blizzard"],"campfire_rested":1,"item_purchase_floors":[2,14,19,44,46],"current_hp_per_floor":[75,75,74,74,61,61,57,57,57,57,57,57,57,57,57,26,75,75,75,75,75,66,66,56,56,56,56,56,58,60,70,70,50,85,85,85,81,72,67,67,67,63,63,63,55,55,55,46,71,66],"gold":44,"neow_bonus":"UPGRADE_CARD","is_prod":false,"is_daily":false,"chose_seed":false,"campfire_upgraded":11,"win_rate":0,"timestamp":1547061148,"path_taken":["M","$","M","M","M","R","E","R","T","R","M","R","M","$","R","BOSS","M","$","M","?","M","R","E","R","T","$","R","E","M","E","R","BOSS","M","?","?","M","M","R","?","M","T","$","M","$","R","E","R","BOSS"],"build_version":"2019-01-03v4","purchased_purges":3,"victory":true,"max_hp_per_floor":[75,75,75,75,75,75,75,75,75,75,75,75,75,75,75,75,75,75,75,75,75,75,75,75,75,75,75,75,75,75,85,85,85,85,85,85,85,85,85,85,85,85,85,85,85,85,85,85,85,85],"card_choices":[{"not_picked":["Cold Snap","Barrage","Beam Cell"],"picked":"SKIP","floor":1.0},{"not_picked":["Stack","Meteor Strike","Gash"],"picked":"SKIP","floor":3.0},{"not_picked":["Chaos","Recycle"],"picked":"Coolheaded","floor":4.0},{"not_picked":["Redo","Reprogram"],"picked":"Defragment","floor":5.0},{"not_picked":["Hologram","Skim"],"picked":"Chill","floor":7.0},{"not_picked":["Skim","Rebound","Fusion"],"picked":"SKIP","floor":11.0},{"not_picked":["Skim","Steam","BootSequence"],"picked":"SKIP","floor":13.0},{"not_picked":["Leap","Aggregate+1","Recycle"],"picked":"SKIP","floor":18.0},{"not_picked":["Barrage","Stack+1"],"picked":"Cold Snap","floor":20.0},{"not_picked":["Barrage","Stack+1"],"picked":"Cold Snap","floor":20.0},{"not_picked":["Heatsinks+1","Go for the Eyes"],"picked":"Ball Lightning+1","floor":22.0},{"not_picked":["Reinforced Body+1","Cold Snap","Rip and Tear+1"],"picked":"SKIP","floor":24.0},{"not_picked":["Turbo+1","Biased Cognition"],"picked":"Ball Lightning","floor":29.0},{"not_picked":["Streamline","Skim","Heatsinks"],"picked":"SKIP","floor":30.0},{"not_picked":["Lockon+1","Coolheaded","Hello World+1"],"picked":"SKIP","floor":31.0},{"not_picked":["Thunder Strike","Fission"],"picked":"Seek","floor":33.0},{"not_picked":["Sweeping Beam","Hologram"],"picked":"Loop+1","floor":35.0},{"not_picked":["Double Energy+1","BootSequence+1","Darkness"],"picked":"SKIP","floor":36.0},{"not_picked":["Cold Snap+1","Coolheaded","Turbo"],"picked":"SKIP","floor":37.0},{"not_picked":["Redo","Streamline","Melter+1"],"picked":"SKIP","floor":38.0},{"not_picked":["Rip and Tear","Coolheaded+1"],"picked":"Defragment+1","floor":39.0},{"not_picked":["Compile Driver","Chill","Skim+1"],"picked":"SKIP","floor":42.0},{"not_picked":["Beam Cell","Meteor Strike"],"picked":"Go for the Eyes+1","floor":45.0},{"not_picked":["Beam Cell+1","Hello World","Biased Cognition"],"picked":"SKIP","floor":48}],"player_experience":957350,"relics_obtained":[{"floor":7.0,"key":"The Courier"},{"floor":9.0,"key":"Matryoshka"},{"floor":24.0,"key":"Meat on the Bone"},{"floor":26.0,"key":"Art of War"},{"floor":26.0,"key":"Blood Vial"},{"floor":29.0,"key":"Bronze Scales"},{"floor":31.0,"key":"Pear"},{"floor":43.0,"key":"Anchor"},{"floor":43.0,"key":"Vajra"}],"event_choices":[{"damage_healed":0.0,"max_hp_gain":0.0,"max_hp_loss":0.0,"gold_gain":0.0,"event_name":"Mysterious Sphere","player_choice":"Ignored","floor":41.0,"gold_loss":0.0,"damage_taken":0.0}],"is_beta":false,"boss_relics":[{"not_picked":["Eternal Feather","Pandora\u0027s Box"],"picked":"Cursed Key"},{"not_picked":["Runic Dome","Busted Crown","Philosopher\u0027s Stone"]}],"items_purged_floors":[27,44,46],"is_endless":false,"potions_floor_spawned":[3,5,7,13,20,24,30,35,37,39,45,48],"ascension_level":0}