{"gold_per_floor":[112,127,127,127,145,172,184,212,212,229,229,259,31,48,48,152,152,166,182,182,281,292,292,327,327,374,474,492,264,284,313,313,410,410,425,437,210,210,110,110,129,129,129,147,147,117,133,160,160,160],"floor_reached":51,"playtime":2031,"items_purged":["Strike_B","Defend_B"],"score":837,"play_id":"791afc1e-9a4e-41df-ac8c-4638177cc043","local_time":"20181111205720","is_ascension_mode":false,"campfire_choices":[{"data":"Defragment","floor":11.0,"key":"SMITH"},{"data":"Melter","floor":15.0,"key":"SMITH"},{"data":"Electrodynamics","floor":23.0,"key":"SMITH"},{"data":"Auto Shields","floor":25.0,"key":"SMITH"},{"floor":32.0,"key":"REST"},{"data":"Capacitor","floor":40,"key":"SMITH"},{"data":"Rainbow","floor":42,"key":"SMITH"},{"floor":49,"key":"REST"}],"neow_cost":"NONE","seed_source_timestamp":2425585544771251,"circlet_count":0,"master_deck":["Strike_B","Strike_B","Defend_B","Defend_B","Defend_B","Zap+1","Dualcast+1","Coolheaded","Echo Form","Defragment+1","Conserve Battery","Auto Shields+1","Melter+1","Electrodynamics+1","Conserve Battery","Defragment+1","Electrodynamics","Fusion+1","Capacitor+1","Rainbow+1","Glacier"],"special_seed":0,"relics":["FrozenCore","Orichalcum","Bag of Preparation","Cables","Ornamental Fan","Sundial","DataDisk","Nuclear Battery","Potion Belt","Juzu Bracelet","Emotion Chip","Darkstone Periapt","Lantern","Turnip","Vajra","Pear","Centennial Puzzle"],"potions_floor_usage":[44,47,50,50,50,50,50],"damage_taken":[{"damage":0.0,"enemies":"2 Louse","floor":1.0,"turns":2.0},{"damage":2.0,"enemies":"Small Slimes","floor":2.0,"turns":3.0},{"damage":0.0,"enemies":"Cultist","floor":5.0,"turns":3.0},{"damage":2.0,"enemies":"3 Sentries","floor":6.0,"turns":9.0},{"damage":0.0,"enemies":"Gremlin Gang","floor":7.0,"turns":3.0},{"damage":16.0,"enemies":"Gremlin Nob","floor":8.0,"turns":4.0},{"damage":0.0,"enemies":"3 Louse","floor":10.0,"turns":3.0},{"damage":9.0,"enemies":"3 Sentries","floor":12.0,"turns":6.0},{"damage":2.0,"enemies":"Lots of Slimes","floor":14.0,"turns":3.0},{"damage":0.0,"enemies":"Slime Boss","floor":16.0,"turns":9.0},{"damage":4.0,"enemies":"Spheric Guardian","floor":18.0,"turns":3.0},{"damage":0.0,"enemies":"Shell Parasite","floor":19.0,"turns":3.0},{"damage":4.0,"enemies":"Snecko","floor":22.0,"turns":5.0},{"damage":11.0,"enemies":"Gremlin Leader","floor":24.0,"turns":5.0},{"damage":0.0,"enemies":"Colosseum Slavers","floor":27.0,"turns":1.0},{"damage":37.0,"enemies":"Colosseum Nobs","floor":27.0,"turns":4.0},{"damage":14.0,"enemies":"Sentry and Sphere","floor":28.0,"turns":4.0},{"damage":0.0,"enemies":"Centurion and Healer","floor":30.0,"turns":4.0},{"damage":0.0,"enemies":"Slavers","floor":31.0,"turns":2.0},{"damage":24.0,"enemies":"Collector","floor":33.0,"turns":8.0},{"damage":0.0,"enemies":"3 Shapes","floor":35.0,"turns":2.0},{"damage":5.0,"enemies":"Orb Walker","floor":36.0,"turns":4.0},{"damage":10,"enemies":"Jaw Worm Horde","floor":41,"turns":3},{"damage":0,"enemies":"Spire Growth","floor":44,"turns":4},{"damage":6,"enemies":"Writhing Mass","floor":47,"turns":5},{"damage":6,"enemies":"Giant Head","floor":48,"turns":7},{"damage":42,"enemies":"Awakened One","floor":50,"turns":12}],"seed_played":"-5603043953479269267","potions_obtained":[{"floor":2.0,"key":"Poison Potion"},{"floor":5.0,"key":"SkillPotion"},{"floor":6.0,"key":"SmokeBomb"},{"floor":8.0,"key":"Ancient Potion"},{"floor":22.0,"key":"Block Potion"},{"floor":33.0,"key":"PowerPotion"},{"floor":36.0,"key":"PowerPotion"},{"floor":41,"key":"Swift Potion"},{"floor":46,"key":"SpeedPotion"},{"floor":46,"key":"Weak Potion"},{"floor":47,"key":"GamblersBrew"},{"floor":48,"key":"EssenceOfSteel"}],"is_trial":false,"path_per_floor":["M","M","$","?","M","E","M","E","T","M","R","E","$","M","R","B",null,"M","M","?","?","M","R","E","R","T","?","M","$","M","E","R","B",null,"M","M","$","?","$","R","M","R","T","M","?","?","M","E","R","B",null],"character_chosen":"DEFECT","items_purchased":["DataDisk","Auto Shields","Lantern","Capacitor","Vajra"],"campfire_rested":2,"item_purchase_floors":[13,13,29,37,37],"current_hp_per_floor":[75,73,73,58,58,56,56,40,40,40,40,31,31,29,29,29,75,71,71,71,71,67,67,56,56,56,19,5,5,5,5,27,3,75,75,70,70,70,70,70,60,60,70,70,70,70,64,58,81,39],"gold":160,"neow_bonus":"RANDOM_COMMON_RELIC","is_prod":false,"is_daily":false,"chose_seed":false,"campfire_upgraded":6,"win_rate":0,"timestamp":1541969840,"path_taken":["M","M","$","?","M","E","M","E","T","M","R","E","$","M","R","BOSS","M","M","?","?","M","R","E","R","T","?","M","$","M","E","R","BOSS","M","M","$","?","$","R","M","R","T","M","?","?","M","E","R","BOSS"],"build_version":"2018-11-08","purchased_purges":2,"victory":true,"max_hp_per_floor":[75,75,75,75,75,75,75,75,75,75,75,75,75,75,75,75,75,75,75,75,75,75,75,75,75,75,75,75,75,75,75,75,75,75,75,75,75,75,75,75,75,75,85,85,81,81,81,81,81,81],"card_choices":[{"not_picked":["Barrage","Gash","Reprogram"],"picked":"SKIP","floor":1.0},{"not_picked":["Sweeping Beam","Compile Driver","Hologram"],"picked":"SKIP","floor":2.0},{"not_picked":["Streamline","Sweeping Beam"],"picked":"Coolheaded","floor":5.0},{"not_picked":["Cold Snap","Stack"],"picked":"Echo Form","floor":6.0},{"not_picked":["Static Discharge","Streamline"],"picked":"Defragment","floor":7.0},{"not_picked":["Coolheaded","Loop","Heatsinks"],"picked":"SKIP","floor":8.0},{"not_picked":["Tempest","Genetic Algorithm","Skim"],"picked":"SKIP","floor":10.0},{"not_picked":["Force Field","Cold Snap"],"picked":"Conserve Battery","floor":12.0},{"not_picked":["Tempest","Melter","Barrage"],"picked":"SKIP","floor":14.0},{"not_picked":["Tempest","Barrage"],"picked":"Melter","floor":14.0},{"not_picked":["Reboot","All For One"],"picked":"Electrodynamics","floor":16.0},{"not_picked":["White Noise","Heatsinks+1"],"picked":"Conserve Battery","floor":18.0},{"not_picked":["Stack","Cold Snap","Sweeping Beam"],"picked":"SKIP","floor":19.0},{"not_picked":["Leap","Chaos"],"picked":"Defragment+1","floor":22.0},{"not_picked":["Ball Lightning","Stack","Go for the Eyes"],"picked":"SKIP","floor":24.0},{"not_picked":["Hello World+1","Streamline","Meteor Strike"],"picked":"SKIP","floor":28.0},{"not_picked":["Beam Cell","Conserve Battery","Storm"],"picked":"SKIP","floor":30.0},{"not_picked":["Rip and Tear+1","Streamline","Sunder"],"picked":"SKIP","floor":31.0},{"not_picked":["Fission","Buffer"],"picked":"Electrodynamics","floor":33.0},{"not_picked":["Streamline+1","Leap+1","Consume+1"],"picked":"SKIP","floor":35.0},{"not_picked":["Heatsinks","Streamline+1"],"picked":"Fusion+1","floor":36.0},{"not_picked":["Beam Cell+1","Redo"],"picked":"Rainbow","floor":41},{"not_picked":["Sweeping Beam+1","Cold Snap","Beam Cell+1"],"picked":"SKIP","floor":44},{"not_picked":["Sunder+1","White Noise+1","Ball Lightning"],"picked":"SKIP","floor":47},{"not_picked":["Heatsinks+1","Rebound"],"picked":"Glacier","floor":48}],"player_experience":775653,"relics_obtained":[{"floor":6.0,"key":"Bag of Preparation"},{"floor":8.0,"key":"Cables"},{"floor":9.0,"key":"Ornamental Fan"},{"floor":12.0,"key":"Sundial"},{"floor":24.0,"key":"Potion Belt"},{"floor":26.0,"key":"Juzu Bracelet"},{"floor":27.0,"key":"Emotion Chip"},{"floor":27.0,"key":"Darkstone Periapt"},{"floor":31.0,"key":"Turnip"},{"floor":43,"key":"Pear"},{"floor":48,"key":"Centennial Puzzle"}],"event_choices":[{"damage_healed":0.0,"max_hp_gain":0.0,"max_hp_loss":0.0,"gold_gain":0.0,"event_name":"Shining Light","player_choice":"Entered Light","floor":4.0,"gold_loss":0.0,"damage_taken":15.0,"cards_upgraded":["Zap","Dualcast"]},{"damage_healed":0.0,"max_hp_gain":0.0,"max_hp_loss":0.0,"gold_gain":0.0,"event_name":"Ghosts","player_choice":"Ignored","floor":20.0,"gold_loss":0.0,"damage_taken":0.0},{"damage_healed":0.0,"max_hp_gain":0.0,"max_hp_loss":0.0,"gold_gain":99.0,"event_name":"Nest","player_choice":"Stole From Cult","floor":21.0,"gold_loss":0.0,"damage_taken":0.0},{"damage_healed":0.0,"max_hp_gain":0.0,"max_hp_loss":0.0,"gold_gain":0.0,"event_name":"Colosseum","player_choice":"Fight","floor":27.0,"gold_loss":0.0,"damage_taken":0.0},{"damage_healed":0.0,"max_hp_gain":0.0,"max_hp_loss":0.0,"gold_gain":0.0,"event_name":"Colosseum","player_choice":"Fought Nobs","floor":27.0,"gold_loss":0.0,"damage_taken":0.0},{"cards_removed":["Strike_B"],"damage_healed":0,"gold_gain":0,"player_choice":"Removed Attack","damage_taken":0,"max_hp_gain":0,"max_hp_loss":0,"event_name":"Falling","floor":38,"gold_loss":0},{"damage_healed":0,"gold_gain":0,"player_choice":"Max HP","damage_taken":0,"max_hp_gain":0,"max_hp_loss":4,"event_name":"Winding Halls","floor":45,"gold_loss":0},{"damage_healed":0,"gold_gain":0,"player_choice":"Bought 2 Potions","damage_taken":0,"max_hp_gain":0,"max_hp_loss":0,"event_name":"The Woman in Blue","floor":46,"gold_loss":0}],"is_beta":false,"boss_relics":[{"not_picked":["Astrolabe","Black Star"],"picked":"Nuclear Battery"},{"not_picked":["Runic Pyramid","Snecko Eye"],"picked":"FrozenCore"}],"items_purged_floors":[29,39],"is_endless":false,"potions_floor_spawned":[2,5,6,8,18,22,27,33,36,41,47,48],"ascension_level":0}