{"gold_per_floor":[112,125,125,143,68,68,103,3,28,28,47,82,82,95,95,191,191,206,31,41,61,61,61,95,95,120,120,3,102,52,52,52,148,148,168,168,184,64,64,64,76,76,76,94,109,122,72,88,88,88,88,88,38,38],"floor_reached":54,"playtime":1738,"items_purged":["Strike_R","Strike_R","Strike_R","Defend_R","Defend_R","Defend_R","True Grit+1"],"score":640,"play_id":"4d90efe3-32df-47bb-9f06-847c67830d68","local_time":"20190210012108","is_ascension_mode":false,"campfire_choices":[{"data":"Bash","floor":6,"key":"SMITH"},{"data":"Metallicize","floor":13,"key":"SMITH"},{"data":"Cleave","floor":15,"key":"SMITH"},{"floor":23,"key":"RECALL"},{"floor":25,"key":"REST"},{"data":"Demon Form","floor":27,"key":"SMITH"},{"floor":32,"key":"REST"},{"data":"Metallicize","floor":40,"key":"SMITH"},{"data":"Mayhem","floor":42,"key":"SMITH"},{"floor":49,"key":"REST"},{"floor":52,"key":"REST"}],"neow_cost":"NONE","seed_source_timestamp":719274404075939,"circlet_count":0,"master_deck":["Defend_R","Bash+1","Shrug It Off","Cleave+1","Battle Trance","Metallicize+1","Pommel Strike","Demon Form+1","Mayhem+1","Flame Barrier","Metallicize+1"],"relics":["Burning Blood","Orichalcum","Bag of Marbles","Smiling Mask","Busted Crown","Art of War","Ancient Tea Set","Sozu","Bottled Flame"],"potions_floor_usage":[7,16,16,16,33,50],"damage_taken":[{"damage":2,"enemies":"2 Louse","floor":1,"turns":4},{"damage":6,"enemies":"Cultist","floor":2,"turns":5},{"damage":4,"enemies":"Jaw Worm","floor":4,"turns":4},{"damage":20,"enemies":"Gremlin Nob","floor":7,"turns":5},{"damage":0,"enemies":"Gremlin Gang","floor":11,"turns":1},{"damage":12,"enemies":"3 Sentries","floor":12,"turns":9},{"damage":12,"enemies":"Exordium Wildlife","floor":14,"turns":6},{"damage":47,"enemies":"Hexaghost","floor":16,"turns":11},{"damage":15,"enemies":"Spheric Guardian","floor":18,"turns":6},{"damage":1,"enemies":"Shell Parasite","floor":20,"turns":5},{"damage":24,"enemies":"Shelled Parasite and Fungi","floor":21,"turns":6},{"damage":48,"enemies":"Gremlin Leader","floor":24,"turns":6},{"damage":5,"enemies":"Champ","floor":33,"turns":9},{"damage":9,"enemies":"3 Darklings","floor":35,"turns":5},{"damage":17,"enemies":"Orb Walker","floor":37,"turns":5},{"damage":8,"enemies":"Writhing Mass","floor":41,"turns":5},{"damage":0,"enemies":"Maw","floor":44,"turns":6},{"damage":49,"enemies":"4 Shapes","floor":45,"turns":4},{"damage":12,"enemies":"3 Darklings","floor":46,"turns":4},{"damage":12,"enemies":"Sphere and 2 Shapes","floor":48,"turns":5},{"damage":47,"enemies":"Donu and Deca","floor":50,"turns":11},{"damage":87,"enemies":"Shield and Spear","floor":54,"turns":6}],"seed_played":"6149514245712814822","potions_obtained":[{"floor":2,"key":"BloodPotion"},{"floor":4,"key":"Block Potion"},{"floor":7,"key":"Ancient Potion"},{"floor":11,"key":"Explosive Potion"},{"floor":20,"key":"Energy Potion"},{"floor":21,"key":"Weak Potion"}],"is_trial":false,"path_per_floor":["M","M","?","M","$","R","E","$","T","T","M","E","R","M","R","B",null,"M","$","M","M","?","R","E","R","T","R","$","?","$","?","R","B",null,"M","?","M","$","?","R","M","R","T","M","M","M","$","M","R","B",null,"R","$","E"],"character_chosen":"IRONCLAD","items_purchased":["Mayhem","Flame Barrier","Metallicize"],"campfire_rested":4,"item_purchase_floors":[19,28,38],"current_hp_per_floor":[80,80,80,80,80,80,66,66,66,66,72,66,66,60,60,27,80,71,71,76,58,58,58,16,40,40,40,40,40,40,40,64,65,80,77,77,66,66,80,80,78,78,78,80,37,31,31,25,49,8,80,80,80,0],"gold":38,"neow_bonus":"REMOVE_CARD","is_prod":false,"is_daily":false,"chose_seed":false,"campfire_upgraded":6,"win_rate":0,"timestamp":1549732868,"path_taken":["M","M","?","?","?","R","E","$","T","?","M","E","R","M","R","BOSS","M","$","?","M","?","R","E","R","T","R","$","?","?","?","R","BOSS","M","?","M","$","?","R","M","R","T","M","M","?","$","M","R","BOSS","R","$","E"],"build_version":"2019-01-23","purchased_purges":7,"victory":false,"max_hp_per_floor":[80,80,80,80,80,80,80,80,80,80,80,80,80,80,80,80,80,80,80,80,80,80,80,80,80,80,80,80,80,80,80,80,80,80,80,80,80,80,80,80,80,80,80,80,80,80,80,80,80,80,80,80,80,80],"card_choices":[{"not_picked":["Armaments","Second Wind"],"picked":"Shrug It Off","floor":1},{"not_picked":["Wild Strike","Shrug It Off"],"picked":"Cleave","floor":2},{"not_picked":["Shrug It Off","Clothesline"],"picked":"Battle Trance","floor":4},{"not_picked":["Cleave","Warcry"],"picked":"Metallicize","floor":7},{"not_picked":["Power Through","Disarm","Second Wind"],"picked":"SKIP","floor":11},{"not_picked":["Dark Embrace","Fiend Fire","Clash"],"picked":"SKIP","floor":12},{"not_picked":["Perfected Strike","Headbutt"],"picked":"Pommel Strike","floor":14},{"not_picked":["Berserk","Brutality"],"picked":"Demon Form","floor":16},{"not_picked":["Second Wind"],"picked":"SKIP","floor":18},{"not_picked":["Second Wind"],"picked":"SKIP","floor":20},{"not_picked":["Hemokinesis"],"picked":"SKIP","floor":21},{"not_picked":["Wild Strike+1"],"picked":"SKIP","floor":24},{"not_picked":["Sword Boomerang+1"],"picked":"SKIP","floor":35},{"not_picked":["Twin Strike"],"picked":"SKIP","floor":37},{"not_picked":["Body Slam+1"],"picked":"SKIP","floor":41},{"not_picked":["Sever Soul"],"picked":"SKIP","floor":44},{"not_picked":[],"picked":"True Grit+1","floor":45},{"not_picked":["Warcry"],"picked":"SKIP","floor":46},{"not_picked":["Rupture+1"],"picked":"SKIP","floor":48}],"player_experience":226311,"relics_obtained":[{"floor":7,"key":"Orichalcum"},{"floor":9,"key":"Bag of Marbles"},{"floor":12,"key":"Smiling Mask"},{"floor":24,"key":"Art of War"},{"floor":26,"key":"Ancient Tea Set"},{"floor":43,"key":"Bottled Flame"}],"event_choices":[{"damage_healed":0,"gold_gain":0,"player_choice":"Full Heal","damage_taken":0,"max_hp_gain":0,"max_hp_loss":0,"event_name":"Wheel of Change","floor":3,"gold_loss":0},{"cards_removed":["Strike_R"],"damage_healed":0,"gold_gain":0,"player_choice":"Elegance","damage_taken":0,"max_hp_gain":0,"max_hp_loss":0,"event_name":"Back to Basics","floor":22,"gold_loss":0},{"damage_healed":0,"gold_gain":99,"player_choice":"Stole From Cult","damage_taken":0,"max_hp_gain":0,"max_hp_loss":0,"event_name":"Nest","floor":29,"gold_loss":0},{"damage_healed":0,"gold_gain":0,"player_choice":"Ignored","damage_taken":0,"max_hp_gain":0,"max_hp_loss":0,"event_name":"Vampires","floor":31,"gold_loss":0},{"damage_healed":0,"gold_gain":0,"player_choice":"Memory 1","damage_taken":0,"max_hp_gain":0,"max_hp_loss":0,"event_name":"SensoryStone","floor":36,"gold_loss":0},{"damage_healed":14,"gold_gain":0,"player_choice":"Full Heal","damage_taken":0,"max_hp_gain":0,"max_hp_loss":0,"event_name":"Wheel of Change","floor":39,"gold_loss":0}],"is_beta":false,"boss_relics":[{"not_picked":["Runic Dome","Runic Cube"],"picked":"Busted Crown"},{"not_picked":["Orrery","Pandora\u0027s Box"],"picked":"Sozu"}],"items_purged_floors":[5,8,28,30,38,47,53],"is_endless":false,"potions_floor_spawned":[2,4,7,11,20,21,37,45,46],"killed_by":"Shield and Spear","ascension_level":0}