{"gold_per_floor":[361,286,73,84,84,114,114,125,148,173,231,266,266,280,280,357,357,377,377,387,387,398,398],"floor_reached":23,"playtime":1288,"items_purged":[],"score":358,"play_id":"2abf868b-3d22-48a7-948f-f4a293782bff","local_time":"20190126182806","is_ascension_mode":true,"campfire_choices":[{"data":"Zap","floor":7,"key":"SMITH"},{"data":"Creative AI","floor":13,"key":"SMITH"},{"data":"Hologram","floor":15,"key":"SMITH"}],"neow_cost":"CURSE","seed_source_timestamp":159351884270200,"circlet_count":0,"master_deck":["AscendersBane","Strike_B","Strike_B","Strike_B","Defend_B","Defend_B","Defend_B","Zap+1","Dualcast","Gash","Self Repair","Gash","Ball Lightning","Glacier","Creative AI+1","Gash","Hologram+1","White Noise","Auto Shields","Steam+1"],"relics":["Cracked Core","Orichalcum","Regal Pillow","Blood Vial","Odd Mushroom","Matryoshka","Pen Nib","Eternal Feather"],"potions_floor_usage":[6,6,23,23],"damage_taken":[{"damage":5,"enemies":"Small Slimes","floor":1,"turns":4},{"damage":7,"enemies":"Jaw Worm","floor":4,"turns":3},{"damage":7,"enemies":"Gremlin Nob","floor":6,"turns":4},{"damage":0,"enemies":"Cultist","floor":8,"turns":3},{"damage":19,"enemies":"The Mushroom Lair","floor":10,"turns":5},{"damage":13,"enemies":"3 Sentries","floor":11,"turns":7},{"damage":18,"enemies":"3 Sentries","floor":12,"turns":4},{"damage":1,"enemies":"2 Fungi Beasts","floor":14,"turns":4},{"damage":34,"enemies":"Hexaghost","floor":16,"turns":8},{"damage":12,"enemies":"Spheric Guardian","floor":18,"turns":4},{"damage":6,"enemies":"Shell Parasite","floor":20,"turns":6},{"damage":34,"enemies":"Snake Plant","floor":22,"turns":5},{"damage":46,"enemies":"Slavers","floor":23,"turns":3}],"seed_played":"4222782883239215602","potions_obtained":[{"floor":1,"key":"EssenceOfSteel"},{"floor":4,"key":"GamblersBrew"},{"floor":11,"key":"Ancient Potion"},{"floor":16,"key":"Strength Potion"},{"floor":22,"key":"PowerPotion"}],"is_trial":false,"path_per_floor":["M","?","$","M","?","E","R","M","T","?","?","E","R","M","R","B",null,"M","?","M","?","M","E"],"character_chosen":"DEFECT","items_purchased":["Orichalcum","Self Repair"],"campfire_rested":0,"item_purchase_floors":[3,3],"current_hp_per_floor":[59,59,59,59,59,59,59,66,66,56,52,43,43,51,51,26,60,57,57,60,60,35,0],"gold":398,"neow_bonus":"TWO_FIFTY_GOLD","is_prod":false,"is_daily":false,"chose_seed":false,"campfire_upgraded":3,"win_rate":0,"timestamp":1548556086,"path_taken":["M","?","$","M","?","E","R","?","T","?","?","E","R","M","R","BOSS","M","?","?","?","M","E"],"build_version":"2019-01-23","purchased_purges":0,"victory":false,"max_hp_per_floor":[71,71,71,71,71,71,71,71,71,71,71,71,71,71,71,71,71,71,71,71,71,71,71],"card_choices":[{"not_picked":["Turbo","Undo"],"picked":"Gash","floor":1},{"not_picked":["Hologram","Coolheaded"],"picked":"Gash","floor":4},{"not_picked":["Consume","Double Energy"],"picked":"Ball Lightning","floor":6},{"not_picked":["Fusion","Lockon"],"picked":"Glacier","floor":8},{"not_picked":["Hologram","Stack"],"picked":"Creative AI","floor":10},{"not_picked":["Stack","Redo"],"picked":"Gash","floor":11},{"not_picked":["Ball Lightning","Streamline","Barrage"],"picked":"SKIP","floor":12},{"not_picked":["Barrage","Genetic Algorithm"],"picked":"Hologram","floor":14},{"not_picked":["Tempest","Leap+1"],"picked":"White Noise","floor":18},{"not_picked":["Storm","Doom and Gloom","Skim"],"picked":"SKIP","floor":20},{"not_picked":["Go for the Eyes","Cold Snap"],"picked":"Steam+1","floor":22}],"player_experience":1199999,"relics_obtained":[{"floor":6,"key":"Regal Pillow"},{"floor":9,"key":"Blood Vial"},{"floor":10,"key":"Odd Mushroom"},{"floor":11,"key":"Matryoshka"},{"floor":12,"key":"Pen Nib"}],"event_choices":[{"cards_removed":["Shame"],"damage_healed":0,"gold_gain":0,"player_choice":"Card Removal","damage_taken":0,"max_hp_gain":0,"max_hp_loss":0,"event_name":"The Cleric","floor":2,"gold_loss":75},{"cards_removed":["Strike_B"],"damage_healed":0,"gold_gain":0,"player_choice":"Purged","damage_taken":0,"max_hp_gain":0,"max_hp_loss":0,"event_name":"Purifier","floor":5,"gold_loss":0},{"damage_healed":0,"gold_gain":0,"player_choice":"Fought Mushrooms","damage_taken":0,"max_hp_gain":0,"max_hp_loss":0,"event_name":"Mushrooms","floor":10,"gold_loss":0},{"damage_healed":0,"gold_gain":0,"player_choice":"Searched \u00272\u0027 times","damage_taken":0,"max_hp_gain":0,"max_hp_loss":0,"event_name":"Dead Adventurer","floor":11,"gold_loss":0},{"damage_healed":0,"gold_gain":0,"cards_transformed":["Defend_B"],"player_choice":"Transformed","damage_taken":0,"max_hp_gain":0,"max_hp_loss":0,"event_name":"Transmorgrifier","floor":19,"gold_loss":0,"cards_obtained":["Auto Shields"]},{"damage_healed":0,"gold_gain":0,"player_choice":"Ignored","damage_taken":0,"max_hp_gain":0,"max_hp_loss":0,"event_name":"Vampires","floor":21,"gold_loss":0}],"is_beta":false,"boss_relics":[{"not_picked":["Snecko Eye","Runic Dome"],"picked":"Eternal Feather"}],"items_purged_floors":[],"is_endless":false,"potions_floor_spawned":[1,4,11,16,18,22],"killed_by":"Slavers","ascension_level":16}