{"gold_per_floor":[217,167,185,185,198,231,231,254,254,254,282,282,61,73,73,174,174,193,108,119,142,142,142,142,18,18,53,69,69,69,82,82,184,184,203,203,203],"floor_reached":38,"playtime":1376,"items_purged":["Strike_B","Strike_B"],"score":698,"play_id":"beda8a21-13a1-461e-b28a-60d367e1068b","local_time":"20190123003748","is_ascension_mode":false,"campfire_choices":[{"data":"Zap","floor":7.0,"key":"SMITH"},{"data":"Glacier","floor":10.0,"key":"SMITH"},{"data":"Ball Lightning","floor":15,"key":"SMITH"},{"data":"Defragment","floor":23,"key":"SMITH"},{"data":"Capacitor","floor":29,"key":"SMITH"},{"data":"Ball Lightning","floor":30,"key":"SMITH"},{"data":"Defend_B","floor":32,"key":"SMITH"}],"neow_cost":"NONE","seed_source_timestamp":2522649496688858,"circlet_count":0,"master_deck":["Strike_B+1","Strike_B","Defend_B","Defend_B+1","Defend_B+1","Zap+1","Dualcast+1","Glacier+1","BootSequence+1","Ball Lightning+1","Coolheaded+1","Reboot+1","Parasite","Defragment+1","Hologram+1","Capacitor+1","Ball Lightning+1","Conserve Battery+1","Chaos+1"],"special_seed":0,"relics":["Cracked Core","Toxic Egg 2","Odd Mushroom","Omamori","Smiling Mask","Happy Flower","Calling Bell","Orichalcum","Question Card","WingedGreaves","Incense Burner","Bronze Scales","Pear","Dream Catcher","Busted Crown"],"potions_floor_usage":[37,37,37],"damage_taken":[{"damage":0.0,"enemies":"Small Slimes","floor":1.0,"turns":2.0},{"damage":6.0,"enemies":"Jaw Worm","floor":3.0,"turns":3.0},{"damage":0.0,"enemies":"2 Louse","floor":5.0,"turns":2.0},{"damage":30.0,"enemies":"3 Sentries","floor":6.0,"turns":11.0},{"damage":15.0,"enemies":"The Mushroom Lair","floor":8.0,"turns":7.0},{"damage":0,"enemies":"Lagavulin","floor":11,"turns":9},{"damage":0,"enemies":"Large Slime","floor":14,"turns":4},{"damage":0,"enemies":"The Guardian","floor":16,"turns":12},{"damage":0,"enemies":"Spheric Guardian","floor":18,"turns":3},{"damage":0,"enemies":"3 Byrds","floor":20,"turns":4},{"damage":3,"enemies":"Slavers","floor":27,"turns":7},{"damage":0,"enemies":"Centurion and Healer","floor":28,"turns":7},{"damage":0,"enemies":"Snake Plant","floor":31,"turns":3},{"damage":5,"enemies":"Collector","floor":33,"turns":17},{"damage":0,"enemies":"3 Shapes","floor":35,"turns":4},{"damage":27,"enemies":"Awakened One","floor":37,"turns":11}],"seed_played":"-3789943658493388339","potions_obtained":[{"floor":1.0,"key":"PowerPotion"},{"floor":5.0,"key":"PowerPotion"},{"floor":6.0,"key":"Block Potion"},{"floor":33,"key":"PowerPotion"}],"is_trial":false,"path_per_floor":["M","?","M","?","M","E","R","?","T","R","E","?","$","M","R","B",null,"M","?","M","T","?","R","?","$","T","E","M","R","R","M","R","B",null,"M","?","B",null],"character_chosen":"DEFECT","items_purchased":["Happy Flower","Coolheaded+1","Capacitor"],"campfire_rested":0,"item_purchase_floors":[13,13,25],"current_hp_per_floor":[75,75,69,69,69,39,39,24,24,24,24,9,9,9,9,9,75,75,75,75,75,75,75,61,61,71,68,68,68,68,68,68,63,90,90,90,63],"gold":203,"neow_bonus":"HUNDRED_GOLD","is_prod":false,"is_daily":false,"chose_seed":false,"campfire_upgraded":7,"win_rate":0,"timestamp":1548203868,"path_taken":["M","?","M","?","M","E","R","?","T","R","E","?","$","?","R","BOSS","M","?","M","?","?","R","?","$","T","E","M","R","R","M","R","BOSS","M","?","BOSS"],"build_version":"2019-01-17v2","purchased_purges":2,"victory":true,"max_hp_per_floor":[75,75,75,75,75,75,75,75,75,75,75,75,75,75,75,75,75,75,75,75,75,75,75,80,80,90,90,90,90,90,90,90,90,90,90,90,90],"card_choices":[{"not_picked":["Auto Shields","Fusion"],"picked":"Glacier","floor":1.0},{"not_picked":["Rebound","Steam Power","Beam Cell"],"picked":"SKIP","floor":3.0},{"not_picked":["Leap","Hologram","Gash"],"picked":"SKIP","floor":5.0},{"not_picked":["White Noise","Sweeping Beam"],"picked":"BootSequence","floor":6.0},{"not_picked":["Skim+1","Barrage"],"picked":"Ball Lightning","floor":11},{"not_picked":["Streamline","Rip and Tear","Double Energy+1"],"picked":"SKIP","floor":14},{"not_picked":["Creative AI","Amplify+1"],"picked":"Reboot+1","floor":16},{"not_picked":["White Noise+1","Doom and Gloom","Hologram+1"],"picked":"Defragment","floor":18},{"not_picked":["Sweeping Beam","Redo+1","All For One"],"picked":"Hologram+1","floor":20},{"not_picked":["Cold Snap","Aggregate+1","Stack+1"],"picked":"Ball Lightning","floor":27},{"not_picked":["Stack+1","Streamline","Compile Driver+1"],"picked":"Conserve Battery+1","floor":28},{"not_picked":["Steam+1","Scrape","Stack+1","Rebound"],"picked":"SKIP","floor":31},{"not_picked":["Redo+1"],"picked":"Chaos+1","floor":35}],"player_experience":986240,"relics_obtained":[{"floor":6.0,"key":"Toxic Egg 2"},{"floor":8.0,"key":"Odd Mushroom"},{"floor":9.0,"key":"Omamori"},{"floor":11,"key":"Smiling Mask"},{"floor":17,"key":"Orichalcum"},{"floor":17,"key":"Question Card"},{"floor":17,"key":"WingedGreaves"},{"floor":21,"key":"Bronze Scales"},{"floor":26,"key":"Pear"},{"floor":27,"key":"Dream Catcher"}],"event_choices":[{"cards_removed":["Defend_B"],"damage_healed":0.0,"max_hp_gain":0.0,"max_hp_loss":0.0,"gold_gain":0.0,"event_name":"The Cleric","player_choice":"Card Removal","floor":2.0,"gold_loss":50.0,"damage_taken":0.0},{"damage_healed":0.0,"max_hp_gain":0.0,"max_hp_loss":0.0,"gold_gain":0.0,"event_name":"Living Wall","player_choice":"Grow","floor":4.0,"gold_loss":0.0,"damage_taken":0.0,"cards_upgraded":["Dualcast"]},{"damage_healed":0.0,"max_hp_gain":0.0,"max_hp_loss":0.0,"gold_gain":0.0,"event_name":"Mushrooms","player_choice":"Fought Mushrooms","floor":8.0,"gold_loss":0.0,"damage_taken":0.0},{"damage_healed":0,"gold_gain":0,"player_choice":"Entered Light","damage_taken":15,"max_hp_gain":0,"max_hp_loss":0,"event_name":"Shining Light","floor":12,"gold_loss":0,"cards_upgraded":["Strike_B","Defend_B"]},{"damage_healed":0,"gold_gain":0,"player_choice":"Obtained Relic","damage_taken":0,"relics_obtained":["Incense Burner"],"max_hp_gain":0,"max_hp_loss":0,"event_name":"Addict","floor":19,"gold_loss":85},{"damage_healed":0,"gold_gain":0,"player_choice":"Ignored","damage_taken":0,"max_hp_gain":0,"max_hp_loss":0,"event_name":"Beggar","floor":22,"gold_loss":0},{"damage_healed":0,"gold_gain":0,"player_choice":"Shed Blood","damage_taken":19,"max_hp_gain":5,"max_hp_loss":0,"event_name":"Forgotten Altar","floor":24,"gold_loss":0},{"damage_healed":0,"gold_gain":0,"player_choice":"Took Portal","damage_taken":0,"max_hp_gain":0,"max_hp_loss":0,"event_name":"SecretPortal","floor":36,"gold_loss":0}],"is_beta":false,"boss_relics":[{"not_picked":["Pandora\u0027s Box","Snecko Eye"],"picked":"Calling Bell"},{"not_picked":["Empty Cage","Inserter"],"picked":"Busted Crown"}],"items_purged_floors":[13,25],"is_endless":false,"potions_floor_spawned":[1,5,6,8,28,33],"ascension_level":0}