{"gold_per_floor":[16,16,16,16,67,101,117,117,117,128,58,58,72,106,106,204,204,223,235,160,171,171,171,182,182,239,255,266,266,266,29,29,127,127,139,152,62,72,172,172,207,207,231,263,263,19,30,41,41,41],"floor_reached":51,"playtime":2575,"items_purged":["Strike_G","Strike_G"],"score":782,"play_id":"9e0bac9e-81aa-45fa-99b2-c42f6c94cb35","local_time":"20181213162139","is_ascension_mode":true,"campfire_choices":[{"floor":8,"key":"REST"},{"floor":15,"key":"REST"},{"floor":23,"key":"REST"},{"floor":29,"key":"REST"},{"data":"Noxious Fumes","floor":32,"key":"SMITH"},{"floor":40,"key":"REST"},{"floor":42,"key":"REST"},{"floor":49,"key":"REST"}],"neow_cost":"NO_GOLD","seed_source_timestamp":16587198626717,"circlet_count":0,"master_deck":["Defend_G+1","Defend_G","Defend_G","Defend_G","Defend_G","Strike_G+1","Survivor","Neutralize","Riddle With Holes","Footwork","Quick Slash","Flying Knee","Noxious Fumes+1","Finisher+1","Backflip","After Image","Well Laid Plans+1","RitualDagger","Dagger Spray","Necronomicurse","Leg Sweep","Writhe","Panache","Dagger Spray","After Image","Backflip+1","Sucker Punch","Dash+1","PiercingWail+1","Crippling Poison","Envenom","Prepared+1","Dash+1"],"relics":["Ring of the Snake","StoneCalendar","Boot","Dodecahedron","Torii","Thread and Needle","Sozu","Necronomicon","Tiny Chest","Incense Burner","Philosopher\u0027s Stone","Prayer Wheel","Shuriken","Oddly Smooth Stone","Bag of Preparation"],"potions_floor_usage":[16,16],"damage_taken":[{"damage":10,"enemies":"Jaw Worm","floor":1,"turns":7},{"damage":6,"enemies":"3 Sentries","floor":6,"turns":7},{"damage":4,"enemies":"2 Louse","floor":7,"turns":3},{"damage":0,"enemies":"Small Slimes","floor":10,"turns":4},{"damage":1,"enemies":"Looter","floor":13,"turns":4},{"damage":18,"enemies":"Gremlin Nob","floor":14,"turns":5},{"damage":33,"enemies":"The Guardian","floor":16,"turns":10},{"damage":1,"enemies":"Spheric Guardian","floor":18,"turns":4},{"damage":22,"enemies":"3 Byrds","floor":19,"turns":6},{"damage":2,"enemies":"Centurion and Healer","floor":21,"turns":7},{"damage":19,"enemies":"Cultist and Chosen","floor":24,"turns":7},{"damage":1,"enemies":"Snecko","floor":27,"turns":5},{"damage":0,"enemies":"Centurion and Healer","floor":28,"turns":5},{"damage":25,"enemies":"Champ","floor":33,"turns":12},{"damage":24,"enemies":"3 Shapes","floor":35,"turns":3},{"damage":8,"enemies":"3 Darklings","floor":36,"turns":6},{"damage":28,"enemies":"Spire Growth","floor":38,"turns":5},{"damage":0,"enemies":"Mind Bloom Boss Battle","floor":39,"turns":6},{"damage":8,"enemies":"Nemesis","floor":41,"turns":6},{"damage":10,"enemies":"Giant Head","floor":44,"turns":9},{"damage":1,"enemies":"Sphere and 2 Shapes","floor":47,"turns":5},{"damage":0,"enemies":"3 Darklings","floor":48,"turns":5},{"damage":15,"enemies":"Donu and Deca","floor":50,"turns":10}],"seed_played":"1022147206731405631","potions_obtained":[{"floor":7,"key":"Fruit Juice"},{"floor":10,"key":"SteroidPotion"},{"floor":14,"key":"LiquidBronze"}],"is_trial":false,"path_per_floor":["M","?","?","?","T","E","M","R","T","M","$","?","M","E","R","B",null,"M","M","$","M","?","R","M","?","T","M","M","R","?","$","R","B",null,"M","M","?","M","?","R","E","R","T","E","?","$","M","M","R","B",null],"character_chosen":"THE_SILENT","items_purchased":["Noxious Fumes","Panache","Dagger Spray","Envenom"],"campfire_rested":7,"item_purchase_floors":[11,31,31,46],"current_hp_per_floor":[60,53,53,39,39,33,29,50,50,50,50,50,49,31,52,24,75,74,52,52,50,44,66,47,31,31,30,30,52,52,52,52,27,75,51,43,43,15,15,37,29,51,51,41,41,41,40,40,62,47],"gold":41,"neow_bonus":"ONE_RARE_RELIC","is_prod":false,"is_daily":false,"chose_seed":false,"campfire_upgraded":1,"win_rate":0,"timestamp":1544689299,"path_taken":["M","?","?","?","?","E","M","R","T","?","$","?","M","E","R","BOSS","M","?","$","M","?","R","M","?","T","M","M","R","?","$","R","BOSS","M","M","?","?","?","R","E","R","T","E","?","$","M","M","R","BOSS"],"build_version":"2018-12-06","purchased_purges":2,"victory":true,"max_hp_per_floor":[70,70,70,70,70,70,70,70,70,70,70,70,70,70,70,75,75,75,75,75,75,75,75,75,75,75,75,75,75,75,75,75,75,75,75,75,75,75,75,75,75,75,75,75,75,75,75,75,75,75],"card_choices":[{"not_picked":["Underhanded Strike","Accuracy"],"picked":"Riddle With Holes","floor":1},{"not_picked":["Predator","Dagger Throw"],"picked":"Footwork","floor":6},{"not_picked":["Flechettes","Dagger Throw"],"picked":"Quick Slash","floor":7},{"not_picked":["Bouncing Flask","Slice"],"picked":"Flying Knee","floor":10},{"not_picked":["Night Terror","Sucker Punch"],"picked":"Backflip","floor":13},{"not_picked":["Endless Agony","Underhanded Strike","Cloak And Dagger"],"picked":"SKIP","floor":14},{"not_picked":["Malaise","Storm of Steel"],"picked":"After Image","floor":16},{"not_picked":["Underhanded Strike","PiercingWail","Outmaneuver"],"picked":"SKIP","floor":18},{"not_picked":["Poisoned Stab+1","Endless Agony","Slice+1"],"picked":"SKIP","floor":19},{"not_picked":["Deflect","Quick Slash+1"],"picked":"Well Laid Plans+1","floor":21},{"not_picked":["Bane","Blade Dance+1"],"picked":"Dagger Spray","floor":24},{"not_picked":["Sucker Punch+1","Acrobatics"],"picked":"Leg Sweep","floor":27},{"not_picked":["Deflect","Masterful Stab","Venomology"],"picked":"SKIP","floor":28},{"not_picked":["Malaise","Phantasmal Killer"],"picked":"After Image","floor":33},{"not_picked":["Blade Dance+1","Dagger Throw+1"],"picked":"Backflip+1","floor":35},{"not_picked":["Reflex","Prepared+1"],"picked":"Sucker Punch","floor":36},{"not_picked":["Dodge and Roll","Cloak And Dagger+1"],"picked":"Dash+1","floor":38},{"not_picked":["Outmaneuver","Sucker Punch"],"picked":"PiercingWail+1","floor":39},{"not_picked":["Distraction+1","Bane+1"],"picked":"Crippling Poison","floor":41},{"not_picked":["Deflect","Accuracy+1","Predator+1"],"picked":"SKIP","floor":44},{"not_picked":["Quick Slash","Doppelganger"],"picked":"Prepared+1","floor":47},{"not_picked":["PiercingWail+1","Outmaneuver"],"picked":"Dash+1","floor":47},{"not_picked":["Blade Dance+1","Sucker Punch+1","Underhanded Strike+1"],"picked":"SKIP","floor":48},{"not_picked":["Blur+1","Outmaneuver","Underhanded Strike"],"picked":"SKIP","floor":48},{"not_picked":["Blade Dance+1","Sucker Punch+1","Underhanded Strike+1"],"picked":"SKIP","floor":48},{"not_picked":["Blur+1","Outmaneuver","Underhanded Strike"],"picked":"SKIP","floor":48}],"player_experience":43684,"relics_obtained":[{"floor":5,"key":"Boot"},{"floor":6,"key":"Dodecahedron"},{"floor":9,"key":"Torii"},{"floor":14,"key":"Thread and Needle"},{"floor":25,"key":"Necronomicon"},{"floor":26,"key":"Tiny Chest"},{"floor":39,"key":"Prayer Wheel"},{"floor":41,"key":"Shuriken"},{"floor":43,"key":"Oddly Smooth Stone"},{"floor":44,"key":"Bag of Preparation"}],"event_choices":[{"cards_removed":["Strike_G"],"damage_healed":0,"gold_gain":0,"player_choice":"Card Removal","damage_taken":7,"max_hp_gain":0,"max_hp_loss":0,"event_name":"Golden Wing","floor":2,"gold_loss":0},{"damage_healed":0,"gold_gain":0,"player_choice":"Leave","damage_taken":0,"max_hp_gain":0,"max_hp_loss":0,"event_name":"The Cleric","floor":3,"gold_loss":0},{"damage_healed":0,"gold_gain":0,"player_choice":"Entered Light","damage_taken":14,"max_hp_gain":0,"max_hp_loss":0,"event_name":"Shining Light","floor":4,"gold_loss":0,"cards_upgraded":["Defend_G","Strike_G"]},{"damage_healed":0,"gold_gain":0,"player_choice":"1 cards matched","damage_taken":0,"max_hp_gain":0,"max_hp_loss":0,"event_name":"Match and Keep!","floor":12,"gold_loss":0,"cards_obtained":["Finisher"]},{"damage_healed":0,"gold_gain":0,"player_choice":"Joined the Cult","damage_taken":6,"max_hp_gain":0,"max_hp_loss":0,"event_name":"Nest","floor":22,"gold_loss":0,"cards_obtained":["RitualDagger"]},{"damage_healed":0,"gold_gain":0,"player_choice":"Obtained Book","damage_taken":16,"max_hp_gain":0,"max_hp_loss":0,"event_name":"Cursed Tome","floor":25,"gold_loss":0},{"damage_healed":0,"gold_gain":0,"player_choice":"Opened","damage_taken":0,"relics_obtained":["Incense Burner"],"max_hp_gain":0,"max_hp_loss":0,"event_name":"The Mausoleum","floor":30,"gold_loss":0,"cards_obtained":["Writhe"]},{"cards_removed":["Strike_G"],"damage_healed":0,"gold_gain":0,"player_choice":"Upgrade and Remove","damage_taken":0,"max_hp_gain":0,"max_hp_loss":0,"event_name":"Designer","floor":37,"gold_loss":90,"cards_upgraded":["Finisher"]},{"damage_healed":0,"gold_gain":0,"player_choice":"Fight","damage_taken":0,"max_hp_gain":0,"max_hp_loss":0,"event_name":"MindBloom","floor":39,"gold_loss":0},{"damage_healed":0,"gold_gain":0,"player_choice":"Ignored","damage_taken":0,"max_hp_gain":0,"max_hp_loss":0,"event_name":"SecretPortal","floor":45,"gold_loss":0}],"is_beta":false,"boss_relics":[{"not_picked":["Pandora\u0027s Box","Runic Dome"],"picked":"Sozu"},{"not_picked":["Lizard Tail","Orrery"],"picked":"Philosopher\u0027s Stone"}],"items_purged_floors":[20,46],"is_endless":false,"potions_floor_spawned":[7,10,14,24,28,33,35,36,39],"ascension_level":2}