{"gold_per_floor":[112,112,129,146,158,190,200,200,200,233,56,72,72,72,72,172,172,186,11,29,29,29,29,54,54,54,54,54,69,69],"floor_reached":30,"playtime":1610,"items_purged":[],"score":354,"play_id":"2f7f3988-f58d-4f34-aade-bb233d4859c8","local_time":"20180705190358","is_ascension_mode":true,"campfire_choices":[{"floor":8,"key":"REST"},{"floor":15,"key":"REST"},{"floor":23,"key":"REST"},{"floor":25,"key":"REST"},{"floor":27,"key":"REST"}],"neow_cost":"NONE","seed_source_timestamp":27521143792145,"circlet_count":0,"master_deck":["Strike_B","Strike_B","Strike_B","Strike_B","Defend_B","Defend_B","Defend_B","Defend_B","Zap","Dualcast","Redo","Regret","Cold Snap","Stack","Leap","Doom and Gloom","Storm","Streamline","Defragment","Mind Blast","Defragment","Thunder Strike","Redo","Redo","Static Discharge","Skim","Fusion","Decay","Tempest"],"relics":["Cracked Core","Strawberry","Happy Flower","Pantograph","Bottled Flame","Bag of Marbles","Nuclear Battery","Blood Vial","Art of War","Blue Candle"],"potions_floor_usage":[6,10,16,16,24,30],"damage_taken":[{"damage":0,"enemies":"2 Louse","floor":1,"turns":3},{"damage":2,"enemies":"Cultist","floor":3,"turns":4},{"damage":18,"enemies":"Small Slimes","floor":4,"turns":4},{"damage":19,"enemies":"3 Louse","floor":5,"turns":3},{"damage":31,"enemies":"3 Sentries","floor":6,"turns":8},{"damage":17,"enemies":"Blue Slaver","floor":7,"turns":3},{"damage":26,"enemies":"Gremlin Nob","floor":10,"turns":5},{"damage":4,"enemies":"2 Fungi Beasts","floor":12,"turns":2},{"damage":3,"enemies":"Slime Boss","floor":16,"turns":5},{"damage":40,"enemies":"Shell Parasite","floor":18,"turns":4},{"damage":6,"enemies":"2 Thieves","floor":20,"turns":2},{"damage":58,"enemies":"Book of Stabbing","floor":24,"turns":4},{"damage":79,"enemies":"Cultist and Chosen","floor":29,"turns":5},{"damage":5,"enemies":"Snecko","floor":30,"turns":2}],"seed_played":"-4087189428041407642","potions_obtained":[{"floor":3,"key":"Weak Potion"},{"floor":4,"key":"Regen Potion"},{"floor":10,"key":"FearPotion"},{"floor":12,"key":"PowerPotion"},{"floor":16,"key":"Regen Potion"},{"floor":29,"key":"Poison Potion"}],"is_trial":false,"path_per_floor":["M","?","M","M","M","E","M","R","T","E","$","M","T","?","R","B",null,"M","$","M","?","?","R","E","R","T","R","?","M"],"character_chosen":"DEFECT","items_purchased":["Defragment","Mind Blast","Blood Vial","Redo"],"campfire_rested":5,"item_purchase_floors":[11,11,19,19],"current_hp_per_floor":[75,82,80,62,43,27,10,34,34,8,8,4,4,4,28,50,82,42,42,38,65,65,82,33,57,57,81,81,3,0],"gold":69,"neow_bonus":"ONE_RANDOM_RARE_CARD","is_prod":false,"is_daily":false,"chose_seed":false,"campfire_upgraded":0,"win_rate":0,"timestamp":1530831838,"path_taken":["M","?","?","M","M","E","M","R","T","E","$","M","?","?","R","BOSS","M","$","M","?","?","R","E","R","T","R","?","?","?"],"build_version":"2018-06-28","purchased_purges":0,"victory":false,"max_hp_per_floor":[75,82,82,82,82,82,82,82,82,82,82,82,82,82,82,82,82,82,82,82,82,82,82,82,82,82,82,82,82,82],"card_choices":[{"not_picked":["Sweeping Beam","Turbo"],"picked":"Redo","floor":1},{"not_picked":["Rebound","Chaos"],"picked":"Cold Snap","floor":3},{"not_picked":["Leap","Lockon"],"picked":"Stack","floor":4},{"not_picked":["Reprogram","Blizzard"],"picked":"Leap","floor":5},{"not_picked":["Stack","Steam"],"picked":"Doom and Gloom","floor":6},{"not_picked":["Steam Power","Reinforced Body"],"picked":"Storm","floor":7},{"not_picked":["Stack","Barrage"],"picked":"Streamline","floor":10},{"not_picked":["Double Energy","Static Discharge"],"picked":"Defragment","floor":12},{"not_picked":["Amplify","All For One"],"picked":"Thunder Strike","floor":16},{"not_picked":["Go for the Eyes","Compile Driver"],"picked":"Redo","floor":18},{"not_picked":["Auto Shields","Redo"],"picked":"Static Discharge","floor":20},{"not_picked":["Auto Shields","Leap"],"picked":"Fusion","floor":24},{"not_picked":["Redo+1","Go for the Eyes"],"picked":"Tempest","floor":29}],"player_experience":236193,"relics_obtained":[{"floor":6,"key":"Happy Flower"},{"floor":9,"key":"Pantograph"},{"floor":10,"key":"Bottled Flame"},{"floor":13,"key":"Bag of Marbles"},{"floor":24,"key":"Art of War"},{"floor":26,"key":"Blue Candle"}],"event_choices":[{"event_name":"Big Fish","player_choice":"Box","floor":2,"damage_taken":0},{"event_name":"Dead Adventurer","player_choice":"Searched \u00270\u0027 times","floor":14,"damage_taken":0},{"event_name":"The Library","player_choice":"Heal","floor":21,"damage_taken":0},{"event_name":"Transmorgrifier","player_choice":"Transform","floor":22,"damage_taken":0},{"event_name":"Forgotten Altar","player_choice":"Smashed Altar","floor":28,"damage_taken":0}],"boss_relics":[{"not_picked":["Runic Pyramid","Coffee Dripper"],"picked":"Nuclear Battery"}],"items_purged_floors":[],"is_endless":false,"potions_floor_spawned":[3,4,10,12,16,29],"killed_by":"Snecko","ascension_level":3}