{"gold_per_floor":[115,40,40,51,66,66,141,64,136,136,2,17,17,33,33,129,129,148,163,175,175,189,189,64,64,64,110,129,129],"floor_reached":29,"playtime":1467,"items_purged":["Strike_G","Strike_G","Strike_G"],"score":247,"play_id":"a276327a-29c5-4ee6-8103-5d6e124f4714","local_time":"20181220095438","is_ascension_mode":true,"campfire_choices":[{"data":"Neutralize","floor":6,"key":"SMITH"},{"data":"Noxious Fumes","floor":15,"key":"SMITH"},{"data":"Footwork","floor":23,"key":"SMITH"}],"neow_cost":"NONE","seed_source_timestamp":506964897425705,"circlet_count":0,"master_deck":["Defend_G","Defend_G","Defend_G","Defend_G","Defend_G","Strike_G","Survivor","Neutralize+1","Backflip","Escape Plan","Quick Slash","Noxious Fumes+1","Noxious Fumes+1","Backflip","Noxious Fumes+1","Quick Slash","Crippling Poison+1","Footwork+1","Dagger Spray+1"],"relics":["Coffee Dripper","Letter Opener","Philosopher\u0027s Stone","Tingsha","Centennial Puzzle"],"potions_floor_usage":[16,29],"damage_taken":[{"damage":0,"enemies":"Cultist","floor":1,"turns":4},{"damage":0,"enemies":"Jaw Worm","floor":4,"turns":5},{"damage":0,"enemies":"Small Slimes","floor":5,"turns":5},{"damage":0,"enemies":"Looter","floor":12,"turns":3},{"damage":2,"enemies":"Exordium Wildlife","floor":14,"turns":4},{"damage":29,"enemies":"Slime Boss","floor":16,"turns":8},{"damage":14,"enemies":"2 Thieves","floor":18,"turns":5},{"damage":14,"enemies":"Spheric Guardian","floor":19,"turns":5},{"damage":11,"enemies":"Shelled Parasite and Fungi","floor":20,"turns":5},{"damage":0,"enemies":"Centurion and Healer","floor":22,"turns":5},{"damage":6,"enemies":"Snecko","floor":28,"turns":5},{"damage":28,"enemies":"Slavers","floor":29,"turns":3}],"seed_played":"3501859413662348386","potions_obtained":[{"floor":5,"key":"FairyPotion"},{"floor":13,"key":"FearPotion"},{"floor":13,"key":"Energy Potion"},{"floor":20,"key":"GamblersBrew"},{"floor":22,"key":"Explosive Potion"},{"floor":28,"key":"Dexterity Potion"}],"is_trial":false,"path_per_floor":["M","$","?","M","M","R","?","$","T","?","$","M","?","M","R","B",null,"M","M","M","?","M","R","$","?","T","T","M","E"],"character_chosen":"THE_SILENT","items_purchased":["Noxious Fumes","Noxious Fumes"],"campfire_rested":0,"item_purchase_floors":[8,11],"current_hp_per_floor":[70,70,70,70,70,70,59,59,59,52,52,52,52,50,50,21,70,56,42,31,31,31,31,31,18,18,18,12,0],"gold":129,"neow_bonus":"BOSS_RELIC","is_prod":false,"is_daily":false,"chose_seed":false,"campfire_upgraded":3,"win_rate":0,"timestamp":1545270878,"path_taken":["M","$","?","M","M","R","?","?","T","?","?","?","?","M","R","BOSS","M","M","M","?","?","R","$","?","T","?","M","E"],"build_version":"2018-12-13","purchased_purges":3,"victory":false,"max_hp_per_floor":[70,70,70,70,70,70,70,70,70,70,70,70,70,70,70,70,70,70,70,70,70,70,70,70,75,75,75,75,75],"card_choices":[{"not_picked":["PiercingWail","Endless Agony"],"picked":"Backflip","floor":1},{"not_picked":["Prepared","Leg Sweep"],"picked":"Escape Plan","floor":4},{"not_picked":["Choke","Prepared"],"picked":"Quick Slash","floor":5},{"not_picked":["PiercingWail","Cloak And Dagger","Bane"],"picked":"SKIP","floor":12},{"not_picked":["Cloak And Dagger","Bouncing Flask"],"picked":"Backflip","floor":14},{"not_picked":["Bane+1","Prepared"],"picked":"Noxious Fumes+1","floor":18},{"not_picked":["Noxious Fumes","Choke+1"],"picked":"Quick Slash","floor":19},{"not_picked":["Blade Dance+1","Backstab"],"picked":"Crippling Poison+1","floor":20},{"not_picked":["Slice","Acrobatics"],"picked":"Footwork","floor":22},{"not_picked":["Flying Knee+1","Poisoned Stab"],"picked":"Dagger Spray+1","floor":28}],"player_experience":73522,"relics_obtained":[{"floor":9,"key":"Letter Opener"},{"floor":26,"key":"Tingsha"},{"floor":27,"key":"Centennial Puzzle"}],"event_choices":[{"damage_healed":0,"gold_gain":0,"player_choice":"Leave","damage_taken":0,"max_hp_gain":0,"max_hp_loss":0,"event_name":"The Cleric","floor":3,"gold_loss":0},{"damage_healed":0,"gold_gain":75,"player_choice":"Gather Gold","damage_taken":11,"max_hp_gain":0,"max_hp_loss":0,"event_name":"World of Goop","floor":7,"gold_loss":0},{"cards_removed":["Strike_G"],"damage_healed":0,"gold_gain":0,"player_choice":"Card Removal","damage_taken":7,"max_hp_gain":0,"max_hp_loss":0,"event_name":"Golden Wing","floor":10,"gold_loss":0},{"damage_healed":0,"gold_gain":0,"player_choice":"Got Potions","damage_taken":0,"max_hp_gain":0,"max_hp_loss":0,"event_name":"Lab","floor":13,"gold_loss":0},{"damage_healed":0,"gold_gain":0,"player_choice":"Upgraded","damage_taken":0,"max_hp_gain":0,"max_hp_loss":0,"event_name":"Upgrade Shrine","floor":21,"gold_loss":0,"cards_upgraded":["Noxious Fumes"]},{"damage_healed":0,"gold_gain":0,"player_choice":"Shed Blood","damage_taken":18,"max_hp_gain":5,"max_hp_loss":0,"event_name":"Forgotten Altar","floor":25,"gold_loss":0}],"is_beta":false,"boss_relics":[{"not_picked":["Lizard Tail","Snecko Eye"],"picked":"Philosopher\u0027s Stone"}],"items_purged_floors":[2,11,24],"is_endless":false,"potions_floor_spawned":[5,20,22,28],"killed_by":"Slavers","ascension_level":3}