{"gold_per_floor":[167,179,199,199,274,274,291,303,303,331,331,342,342,355,355,355],"floor_reached":16,"playtime":1036,"items_purged":[],"score":192,"play_id":"bc1a5c89-ea08-4b69-92da-856290b311b7","local_time":"20181206204057","is_ascension_mode":true,"campfire_choices":[{"floor":6,"key":"REST"},{"floor":11,"key":"REST"},{"floor":13,"key":"REST"},{"floor":15,"key":"REST"}],"neow_cost":"NONE","seed_source_timestamp":431528161659236,"circlet_count":0,"master_deck":["AscendersBane","Defend_G+1","Defend_G+1","Defend_G","Defend_G","Defend_G","Strike_G","Strike_G","Strike_G","Strike_G","Strike_G","Survivor","Neutralize+1","Tactician","Dash","Cloak And Dagger","Footwork","All Out Attack","Acrobatics","Terror","Footwork"],"relics":["Tiny House","Bottled Flame","Juzu Bracelet"],"potions_floor_usage":[7],"damage_taken":[{"damage":8,"enemies":"Jaw Worm","floor":1,"turns":6},{"damage":2,"enemies":"2 Louse","floor":2,"turns":4},{"damage":4,"enemies":"Small Slimes","floor":3,"turns":5},{"damage":0,"enemies":"Looter","floor":7,"turns":4},{"damage":6,"enemies":"Red Slaver","floor":8,"turns":4},{"damage":23,"enemies":"3 Sentries","floor":10,"turns":9},{"damage":15,"enemies":"Gremlin Gang","floor":12,"turns":6},{"damage":4,"enemies":"Looter","floor":14,"turns":4},{"damage":39,"enemies":"Slime Boss","floor":16,"turns":10}],"seed_played":"-2037837691351928607","potions_obtained":[{"floor":0,"key":"Strength Potion"},{"floor":3,"key":"Poison Potion"},{"floor":10,"key":"SpeedPotion"},{"floor":14,"key":"Block Potion"}],"is_trial":false,"path_per_floor":["M","M","M","?","?","R","M","M","T","E","R","M","R","M","R","B"],"character_chosen":"THE_SILENT","items_purchased":[],"campfire_rested":4,"item_purchase_floors":[],"current_hp_per_floor":[56,54,50,29,18,39,39,33,33,10,31,16,37,33,54,15],"gold":355,"neow_bonus":"BOSS_RELIC","is_prod":false,"is_daily":false,"chose_seed":false,"campfire_upgraded":0,"win_rate":0,"timestamp":1544157657,"path_taken":["M","M","M","?","?","R","M","M","T","E","R","M","R","M","R","BOSS"],"build_version":"2018-12-06","purchased_purges":0,"victory":false,"max_hp_per_floor":[71,71,71,71,71,71,71,71,71,71,71,71,71,71,71,71],"card_choices":[{"not_picked":["Flying Knee","Noxious Fumes"],"picked":"Tactician","floor":0},{"not_picked":["Expertise","Dagger Spray"],"picked":"Dash","floor":1},{"not_picked":["Slice","Skewer"],"picked":"Cloak And Dagger","floor":2},{"not_picked":["Noxious Fumes","Escape Plan"],"picked":"Footwork","floor":3},{"not_picked":["Cloak And Dagger","Bane"],"picked":"All Out Attack","floor":7},{"not_picked":["Underhanded Strike","Sucker Punch"],"picked":"Acrobatics","floor":8},{"not_picked":["Deadly Poison","Outmaneuver","Unload"],"picked":"SKIP","floor":10},{"not_picked":["Catalyst","Deadly Poison"],"picked":"Terror","floor":12},{"not_picked":["Well Laid Plans","Backflip"],"picked":"Footwork","floor":14}],"player_experience":161317,"relics_obtained":[{"floor":9,"key":"Bottled Flame"},{"floor":10,"key":"Juzu Bracelet"}],"event_choices":[{"damage_healed":0,"gold_gain":0,"player_choice":"Entered Light","damage_taken":21,"max_hp_gain":0,"max_hp_loss":0,"event_name":"Shining Light","floor":4,"gold_loss":0,"cards_upgraded":["Neutralize","Defend_G"]},{"damage_healed":0,"gold_gain":75,"player_choice":"Gather Gold","damage_taken":11,"max_hp_gain":0,"max_hp_loss":0,"event_name":"World of Goop","floor":5,"gold_loss":0}],"is_beta":false,"boss_relics":[],"items_purged_floors":[],"is_endless":false,"potions_floor_spawned":[3,10,14],"killed_by":"Slime Boss","ascension_level":17}