{"gold_per_floor":[116,127,52,52,52,52,83,94,94,94,104,104,130,143,143,238,288,304,337,537,552,566,566,212,212,212,241,241,241,40,53,53,148,148,158,158,158,170,184,184,209,209,254,29,57,57,85,85,85,85],"floor_reached":51,"playtime":2583,"items_purged":["Strike_R","Strike_R","Strike_R","Defend_R"],"score":872,"play_id":"bb2fe2e6-98ee-4bfa-8e77-86105d68b8ce","local_time":"20190128174305","is_ascension_mode":true,"campfire_choices":[{"data":"Headbutt","floor":6.0,"key":"SMITH"},{"data":"Evolve","floor":10.0,"key":"SMITH"},{"data":"Battle Trance","floor":12.0,"key":"SMITH"},{"data":"Forethought","floor":15.0,"key":"SMITH"},{"data":"Shrug It Off","floor":23.0,"key":"SMITH"},{"data":"Secret Weapon","floor":29.0,"key":"SMITH"},{"data":"Wild Strike","floor":32.0,"key":"SMITH"},{"data":"Demon Form","floor":40.0,"key":"SMITH"},{"data":"Madness","floor":42.0,"key":"SMITH"},{"floor":49.0,"key":"REST"}],"neow_cost":"NONE","seed_source_timestamp":0,"circlet_count":0,"master_deck":["Defend_R+1","Defend_R+1","Defend_R","Bash+1","Forethought+1","Evolve+1","Headbutt+1","Metallicize","Battle Trance+1","Immolate+1","Flame Barrier","Feed","Shrug It Off+1","Flame Barrier+1","Wild Strike+1","Reckless Charge","Secret Weapon+1","Burning Pact","Reckless Charge","Seeing Red+1","Demon Form+1","Madness","Madness+1","Metallicize","Shrug It Off+1","Power Through","Sword Boomerang+1","Warcry+1"],"special_seed":0,"relics":["Burning Blood","Pear","Sundial","Bottled Flame","Tiny House","Red Mask","Paper Frog","Lantern","Sozu","Blood Vial","Bronze Scales","War Paint","Regal Pillow","Happy Flower","Smiling Mask"],"potions_floor_usage":[50],"damage_taken":[{"damage":3.0,"enemies":"Jaw Worm","floor":1.0,"turns":4.0},{"damage":5.0,"enemies":"Cultist","floor":2.0,"turns":4.0},{"damage":28.0,"enemies":"Gremlin Nob","floor":7.0,"turns":5.0},{"damage":0.0,"enemies":"Small Slimes","floor":8.0,"turns":4.0},{"damage":0.0,"enemies":"Red Slaver","floor":11.0,"turns":4.0},{"damage":19.0,"enemies":"Lagavulin","floor":13.0,"turns":6.0},{"damage":0.0,"enemies":"3 Louse","floor":14.0,"turns":2.0},{"damage":10.0,"enemies":"Slime Boss","floor":16.0,"turns":6.0},{"damage":7.0,"enemies":"Shell Parasite","floor":18.0,"turns":6.0},{"damage":31.0,"enemies":"Masked Bandits","floor":19.0,"turns":4.0},{"damage":14.0,"enemies":"2 Thieves","floor":21.0,"turns":4.0},{"damage":0.0,"enemies":"Centurion and Healer","floor":22.0,"turns":9.0},{"damage":11.0,"enemies":"Colosseum Slavers","floor":25.0,"turns":3.0},{"damage":19.0,"enemies":"Slavers","floor":27.0,"turns":4.0},{"damage":0.0,"enemies":"Snecko","floor":31.0,"turns":4.0},{"damage":65.0,"enemies":"Automaton","floor":33.0,"turns":10.0},{"damage":0.0,"enemies":"3 Shapes","floor":35.0,"turns":5.0},{"damage":3.0,"enemies":"Orb Walker","floor":38.0,"turns":4.0},{"damage":4.0,"enemies":"4 Shapes","floor":39.0,"turns":2.0},{"damage":14.0,"enemies":"Nemesis","floor":41.0,"turns":5.0},{"damage":0.0,"enemies":"Giant Head","floor":45.0,"turns":7.0},{"damage":50.0,"enemies":"Nemesis","floor":47.0,"turns":6.0},{"damage":27,"enemies":"Time Eater","floor":50,"turns":7}],"seed_played":"-5768120897032496350","potions_obtained":[{"floor":1.0,"key":"Energy Potion"},{"floor":2.0,"key":"Regen Potion"},{"floor":7.0,"key":"Dexterity Potion"},{"floor":13.0,"key":"LiquidBronze"},{"floor":19.0,"key":"Regen Potion"},{"floor":27.0,"key":"GamblersBrew"}],"is_trial":false,"path_per_floor":["M","M","$","?","?","R","E","M","T","R","M","R","E","M","R","B",null,"M","?","?","M","M","R","$","?","T","E","?","R","$","M","R","B",null,"M","?","?","M","M","R","E","R","T","$","E","?","E","T","R","B",null],"character_chosen":"IRONCLAD","items_purchased":["Reckless Charge","Secret Weapon","Reckless Charge","Power Through"],"campfire_rested":1,"item_purchase_floors":[24,24,30,44],"current_hp_per_floor":[80,80,80,64,64,64,52,58,58,58,64,64,51,57,57,53,95,94,69,69,61,67,67,67,62,62,64,64,64,64,70,70,11,98,101,88,88,96,100,100,94,94,94,94,102,97,55,55,101,97],"gold":85,"neow_bonus":"RANDOM_COLORLESS","is_prod":false,"is_daily":false,"chose_seed":false,"campfire_upgraded":9,"win_rate":0,"timestamp":1548693785,"path_taken":["M","M","$","?","?","R","E","M","T","R","?","R","E","M","R","BOSS","M","?","?","M","?","R","$","?","T","E","?","R","$","?","R","BOSS","M","?","?","?","M","R","E","R","T","$","E","?","E","?","R","BOSS"],"build_version":"2019-01-23","purchased_purges":4,"victory":true,"max_hp_per_floor":[80,80,80,80,80,80,90,90,90,90,90,90,90,90,90,90,95,95,95,95,95,95,95,95,95,95,98,98,98,98,98,98,98,98,101,101,101,104,104,104,104,104,104,104,104,104,104,104,104,104],"card_choices":[{"not_picked":["Infernal Blade","Headbutt"],"picked":"Evolve","floor":1.0},{"not_picked":["Anger","Feel No Pain"],"picked":"Headbutt","floor":2.0},{"not_picked":["Sword Boomerang","Pommel Strike"],"picked":"Metallicize","floor":7.0},{"not_picked":["Feel No Pain","Headbutt","Berserk"],"picked":"SKIP","floor":8.0},{"not_picked":["Ghostly Armor","True Grit"],"picked":"Battle Trance","floor":11.0},{"not_picked":["Twin Strike","Blood for Blood"],"picked":"Immolate","floor":13.0},{"not_picked":["Warcry","Flex"],"picked":"Flame Barrier","floor":14.0},{"not_picked":["Bludgeon","Juggernaut"],"picked":"Feed","floor":16.0},{"not_picked":["Bloodletting","Sword Boomerang"],"picked":"Shrug It Off","floor":17.0},{"not_picked":["Iron Wave+1","Perfected Strike+1","Clothesline"],"picked":"SKIP","floor":18.0},{"not_picked":["Perfected Strike+1","Pommel Strike"],"picked":"Flame Barrier+1","floor":21.0},{"not_picked":["Pommel Strike+1","Blood for Blood"],"picked":"Wild Strike","floor":22.0},{"not_picked":["Searing Blow","Juggernaut","Pommel Strike"],"picked":"SKIP","floor":27.0},{"not_picked":["Clothesline","Headbutt+1"],"picked":"Seeing Red","floor":31.0},{"not_picked":["Feed","Immolate"],"picked":"Demon Form","floor":33.0},{"not_picked":["Headbutt","Hemokinesis","Pommel Strike"],"picked":"SKIP","floor":35.0},{"not_picked":["Rage+1","True Grit+1"],"picked":"Metallicize","floor":38.0},{"not_picked":["Headbutt","Body Slam+1","Sword Boomerang"],"picked":"SKIP","floor":39.0},{"not_picked":["Feel No Pain+1","Fire Breathing+1"],"picked":"Shrug It Off+1","floor":41.0},{"not_picked":["Perfected Strike+1","Thunderclap"],"picked":"Sword Boomerang+1","floor":45.0},{"not_picked":["Inflame","Combust"],"picked":"Warcry+1","floor":47.0}],"player_experience":18655,"relics_obtained":[{"floor":7.0,"key":"Pear"},{"floor":9.0,"key":"Sundial"},{"floor":13.0,"key":"Bottled Flame"},{"floor":19.0,"key":"Red Mask"},{"floor":26.0,"key":"Paper Frog"},{"floor":27.0,"key":"Lantern"},{"floor":41.0,"key":"Bronze Scales"},{"floor":43.0,"key":"War Paint"},{"floor":45.0,"key":"Regal Pillow"},{"floor":47.0,"key":"Happy Flower"},{"floor":48.0,"key":"Smiling Mask"}],"event_choices":[{"damage_healed":0.0,"max_hp_gain":0.0,"max_hp_loss":0.0,"gold_gain":0.0,"event_name":"Shining Light","player_choice":"Entered Light","floor":4.0,"gold_loss":0.0,"damage_taken":16.0,"cards_upgraded":["Bash","Defend_R"]},{"cards_removed":["Strike_R"],"damage_healed":0.0,"max_hp_gain":0.0,"max_hp_loss":0.0,"gold_gain":0.0,"event_name":"Bonfire Elementals","player_choice":"Offered Basic","floor":5.0,"gold_loss":0.0,"damage_taken":0.0},{"damage_healed":0.0,"max_hp_gain":0.0,"max_hp_loss":0.0,"gold_gain":0.0,"event_name":"Masked Bandits","player_choice":"Fought Bandits","floor":19.0,"gold_loss":0.0,"damage_taken":0.0},{"damage_healed":0.0,"max_hp_gain":0.0,"max_hp_loss":0.0,"gold_gain":200.0,"event_name":"Wheel of Change","player_choice":"Gold","floor":20.0,"gold_loss":0.0,"damage_taken":0.0},{"damage_healed":0.0,"max_hp_gain":0.0,"max_hp_loss":0.0,"gold_gain":0.0,"event_name":"Colosseum","player_choice":"Fight","floor":25.0,"gold_loss":0.0,"damage_taken":0.0},{"damage_healed":0.0,"max_hp_gain":0.0,"max_hp_loss":0.0,"gold_gain":0.0,"event_name":"Colosseum","player_choice":"Fled From Nobs","floor":25.0,"gold_loss":0.0,"damage_taken":0.0},{"damage_healed":0.0,"max_hp_gain":0.0,"max_hp_loss":0.0,"gold_gain":0.0,"cards_transformed":["Strike_R"],"event_name":"Transmorgrifier","player_choice":"Transformed","floor":28.0,"gold_loss":0.0,"damage_taken":0.0,"cards_obtained":["Burning Pact"]},{"damage_healed":0.0,"max_hp_gain":0.0,"max_hp_loss":0.0,"gold_gain":0.0,"event_name":"Winding Halls","player_choice":"Embrace Madness","floor":36.0,"gold_loss":0.0,"damage_taken":13.0,"cards_obtained":["Madness","Madness"]},{"damage_healed":0.0,"max_hp_gain":0.0,"max_hp_loss":0.0,"gold_gain":0.0,"event_name":"WeMeetAgain","player_choice":"Gave Potion","floor":37.0,"gold_loss":0.0,"damage_taken":0.0,"relics_obtained":["Blood Vial"]},{"damage_healed":0.0,"max_hp_gain":0.0,"max_hp_loss":0.0,"gold_gain":0.0,"event_name":"SensoryStone","player_choice":"Memory 2","floor":46.0,"gold_loss":0.0,"damage_taken":5.0}],"is_beta":false,"boss_relics":[{"not_picked":["Runic Pyramid","Fusion Hammer"],"picked":"Tiny House"},{"not_picked":["Astrolabe","Coffee Dripper"],"picked":"Sozu"}],"items_purged_floors":[3,24,30,44],"is_endless":false,"potions_floor_spawned":[1,2,7,13,14,19,21,22,27,35,38,45,47],"ascension_level":1}