{"gold_per_floor":[118,130,34,34,50,81,98,98,98,115,129,160,6,25,25,120,120,135,135,135,60,49,80,80,112,112,112,142,160,177,207,207,308,308,325,325,344,356,1,57,69,79,104,121,153,173,173,203,203,203,203,203,0,27,27],"floor_reached":56,"playtime":4998,"items_purged":[],"score":1306,"play_id":"c6540a89-7302-484a-a0ef-97b09cebba03","local_time":"20190107212439","is_ascension_mode":false,"campfire_choices":[{"floor":8.0,"key":"REST"},{"floor":15.0,"key":"REST"},{"floor":24.0,"key":"REST"},{"data":"Barricade","floor":32.0,"key":"SMITH"},{"floor":47.0,"key":"REST"},{"floor":49.0,"key":"RECALL"},{"data":"Dark Embrace","floor":52.0,"key":"SMITH"}],"neow_cost":"NONE","seed_source_timestamp":610458583057589,"circlet_count":0,"master_deck":["Strike_R+1","Strike_R+1","Strike_R+1","Strike_R+1","Strike_R+1","Defend_R+1","Defend_R+1","Defend_R+1","Defend_R+1","Uppercut","Shockwave","Madness","Battle Trance","Demon Form","Inflame","Ghostly Armor","Seeing Red","Rage","Uppercut","Barricade+1","Cleave+1","Clothesline+1","Whirlwind+1","Ghostly","Ghostly","Ghostly","Ghostly","Ghostly","Twin Strike+1","Clothesline+1","Perfected Strike+1","Dark Embrace+1","Bludgeon","Spot Weakness+1","Dual Wield","Reckless Charge+1","Rage+1","Twin Strike+1","Cleave+1","Blood for Blood+1","Iron Wave+1","Thunderclap+1","Flex+1","Headbutt+1","Intimidate+1"],"special_seed":0,"relics":["Burning Blood","Bottled Lightning","Nunchaku","StoneCalendar","Red Skull","Runic Cube","PreservedInsect","Art of War","Omamori","Mercury Hourglass","Dodecahedron","Pear","Lizard Tail","ClockworkSouvenir","Bag of Preparation","Tiny Chest","Oddly Smooth Stone","Molten Egg 2","Happy Flower","Shuriken"],"potions_floor_usage":[55,55],"damage_taken":[{"damage":0.0,"enemies":"2 Louse","floor":1.0,"turns":3.0},{"damage":0.0,"enemies":"Cultist","floor":2.0,"turns":3.0},{"damage":0.0,"enemies":"Small Slimes","floor":5.0,"turns":3.0},{"damage":35.0,"enemies":"Gremlin Nob","floor":6.0,"turns":5.0},{"damage":7.0,"enemies":"Blue Slaver","floor":7.0,"turns":3.0},{"damage":0.0,"enemies":"2 Fungi Beasts","floor":10.0,"turns":3.0},{"damage":11.0,"enemies":"3 Louse","floor":11.0,"turns":3.0},{"damage":36.0,"enemies":"3 Sentries","floor":12.0,"turns":11.0},{"damage":24.0,"enemies":"Gremlin Gang","floor":14.0,"turns":4.0},{"damage":34.0,"enemies":"Hexaghost","floor":16.0,"turns":7.0},{"damage":28.0,"enemies":"Shell Parasite","floor":18.0,"turns":7.0},{"damage":6.0,"enemies":"2 Thieves","floor":22.0,"turns":4.0},{"damage":21.0,"enemies":"Book of Stabbing","floor":23.0,"turns":6.0},{"damage":30.0,"enemies":"Slavers","floor":25.0,"turns":4.0},{"damage":9.0,"enemies":"Book of Stabbing","floor":28.0,"turns":6.0},{"damage":3.0,"enemies":"Snake Plant","floor":29.0,"turns":5.0},{"damage":0.0,"enemies":"Snecko","floor":30.0,"turns":5.0},{"damage":9.0,"enemies":"Slavers","floor":31.0,"turns":3.0},{"damage":6.0,"enemies":"Automaton","floor":33.0,"turns":8.0},{"damage":2.0,"enemies":"Orb Walker","floor":35.0,"turns":3.0},{"damage":3.0,"enemies":"3 Shapes","floor":37.0,"turns":4.0},{"damage":0.0,"enemies":"Jaw Worm Horde","floor":38.0,"turns":4.0},{"damage":8.0,"enemies":"Nemesis","floor":40.0,"turns":7.0},{"damage":13.0,"enemies":"Sphere and 2 Shapes","floor":41.0,"turns":7.0},{"damage":3.0,"enemies":"Maw","floor":42.0,"turns":8.0},{"damage":2.0,"enemies":"4 Shapes","floor":44.0,"turns":5.0},{"damage":22.0,"enemies":"Reptomancer","floor":45.0,"turns":5.0},{"damage":4.0,"enemies":"Jaw Worm Horde","floor":46.0,"turns":5.0},{"damage":2.0,"enemies":"Giant Head","floor":48.0,"turns":8.0},{"damage":49.0,"enemies":"Awakened One","floor":50.0,"turns":11.0},{"damage":16.0,"enemies":"Shield and Spear","floor":54.0,"turns":6.0},{"damage":80,"enemies":"The Heart","floor":55,"turns":13}],"seed_played":"1759990908112247719","potions_obtained":[{"floor":4.0,"key":"SneckoOil"},{"floor":4.0,"key":"Energy Potion"},{"floor":4.0,"key":"AttackPotion"},{"floor":14.0,"key":"SkillPotion"},{"floor":18.0,"key":"EssenceOfSteel"},{"floor":22.0,"key":"SpeedPotion"},{"floor":23.0,"key":"EssenceOfSteel"},{"floor":29.0,"key":"Strength Potion"},{"floor":31.0,"key":"Fire Potion"},{"floor":41.0,"key":"EntropicBrew"},{"floor":44.0,"key":"SkillPotion"},{"floor":45.0,"key":"Block Potion"},{"floor":48.0,"key":"GamblersBrew"},{"floor":54.0,"key":"Regen Potion"}],"is_trial":false,"path_per_floor":["M","M","$","?","M","E","M","R","T","M","M","E","$","M","R","B",null,"M","?","?","?","M","E","R","E","T","?","E","M","M","E","R","B",null,"M","?","M","M","$","E","M","M","T","M","E","M","R","E","R","B",null,"R","$","E","B",null],"character_chosen":"IRONCLAD","items_purchased":["Madness","Red Skull","ClockworkSouvenir","Bag of Preparation","Happy Flower","SkillPotion"],"campfire_rested":4,"item_purchase_floors":[3,13,39,39,53,53],"current_hp_per_floor":[88,88,88,88,88,59,58,84,84,88,83,53,53,35,61,33,88,66,66,66,66,66,51,77,53,53,44,41,44,44,51,51,51,54,54,54,54,54,54,52,45,48,48,52,36,38,54,54,54,11,54,54,54,44,15],"gold":27,"neow_bonus":"TEN_PERCENT_HP_BONUS","is_prod":false,"is_daily":false,"chose_seed":false,"campfire_upgraded":2,"win_rate":0,"timestamp":1546863879,"path_taken":["M","M","$","?","?","E","M","R","T","M","M","E","$","M","R","BOSS","M","?","?","?","M","E","R","E","T","?","E","M","M","E","R","BOSS","M","?","M","?","$","E","M","M","T","M","E","M","R","E","R","BOSS","R","$","E","BOSS"],"build_version":"2019-01-03v4","purchased_purges":0,"victory":true,"max_hp_per_floor":[88,88,88,88,88,88,88,88,88,88,88,88,88,88,88,88,88,88,88,88,88,88,88,88,88,88,44,44,44,44,54,54,54,54,54,54,54,54,54,54,54,54,54,54,54,54,54,54,54,54,54,54,54,54,54],"card_choices":[{"not_picked":["Twin Strike","Flex"],"picked":"Uppercut","floor":1.0},{"not_picked":["Infernal Blade","Anger"],"picked":"Shockwave","floor":2.0},{"not_picked":["Sword Boomerang","Flame Barrier"],"picked":"Battle Trance","floor":5.0},{"not_picked":["Carnage","Shockwave"],"picked":"Demon Form","floor":6.0},{"not_picked":["Headbutt","Perfected Strike"],"picked":"Inflame","floor":7.0},{"not_picked":["Clothesline","Cleave"],"picked":"Ghostly Armor","floor":10.0},{"not_picked":["Shrug It Off","Sentinel"],"picked":"Seeing Red","floor":11.0},{"not_picked":["Pommel Strike","Heavy Blade"],"picked":"Rage","floor":12.0},{"not_picked":["Iron Wave","Cleave"],"picked":"Uppercut","floor":14.0},{"not_picked":["Demon Form","Immolate"],"picked":"Barricade","floor":16.0},{"not_picked":["Thunderclap","True Grit"],"picked":"Warcry","floor":18.0},{"not_picked":["Wild Strike+1","Perfected Strike"],"picked":"Cleave+1","floor":22.0},{"not_picked":["Flame Barrier","Pommel Strike+1"],"picked":"Clothesline+1","floor":23.0},{"not_picked":["Rampage+1","Sentinel+1"],"picked":"Whirlwind+1","floor":25.0},{"not_picked":["Shrug It Off","Spot Weakness"],"picked":"Twin Strike+1","floor":28.0},{"not_picked":["Feed","Headbutt"],"picked":"Clothesline+1","floor":29.0},{"not_picked":["Clash+1","Shrug It Off"],"picked":"Perfected Strike+1","floor":30.0},{"not_picked":["Hemokinesis+1","Bloodletting+1"],"picked":"Dark Embrace","floor":31.0},{"not_picked":["Berserk","Brutality"],"picked":"Bludgeon","floor":33.0},{"not_picked":["Blood for Blood+1","Searing Blow"],"picked":"Spot Weakness+1","floor":35.0},{"not_picked":["Whirlwind","Sword Boomerang"],"picked":"Reckless Charge+1","floor":37.0},{"not_picked":["Evolve","Second Wind"],"picked":"Rage+1","floor":38.0},{"not_picked":["Power Through","Combust+1"],"picked":"Twin Strike+1","floor":40.0},{"not_picked":["Thunderclap","Disarm"],"picked":"Cleave+1","floor":41.0},{"not_picked":["Infernal Blade","Pummel"],"picked":"Blood for Blood+1","floor":42.0},{"not_picked":["Shrug It Off","Wild Strike"],"picked":"Iron Wave+1","floor":44.0},{"not_picked":["Sever Soul","Fiend Fire"],"picked":"Thunderclap+1","floor":45.0},{"not_picked":["Reckless Charge","Carnage"],"picked":"Flex+1","floor":46.0},{"not_picked":["Sword Boomerang+1","Thunderclap"],"picked":"Headbutt+1","floor":48.0},{"not_picked":["Rampage+1","Searing Blow+1"],"picked":"Intimidate+1","floor":54.0}],"player_experience":927226,"relics_obtained":[{"floor":6.0,"key":"Bottled Lightning"},{"floor":9.0,"key":"Nunchaku"},{"floor":12.0,"key":"StoneCalendar"},{"floor":23.0,"key":"Art of War"},{"floor":25.0,"key":"Omamori"},{"floor":26.0,"key":"Mercury Hourglass"},{"floor":28.0,"key":"Dodecahedron"},{"floor":31.0,"key":"Pear"},{"floor":40.0,"key":"Tiny Chest"},{"floor":45.0,"key":"Oddly Smooth Stone"},{"floor":48.0,"key":"Molten Egg 2"},{"floor":54.0,"key":"Shuriken"}],"event_choices":[{"damage_healed":0.0,"max_hp_gain":0.0,"max_hp_loss":0.0,"gold_gain":0.0,"event_name":"Lab","player_choice":"Got Potions","floor":4.0,"gold_loss":0.0,"damage_taken":0.0},{"damage_healed":0.0,"max_hp_gain":0.0,"max_hp_loss":0.0,"gold_gain":0.0,"event_name":"Back to Basics","player_choice":"Simplicity","floor":19.0,"gold_loss":0.0,"damage_taken":0.0,"cards_upgraded":["Strike_R","Strike_R","Strike_R","Strike_R","Strike_R","Defend_R","Defend_R","Defend_R","Defend_R"]},{"damage_healed":0.0,"max_hp_gain":0.0,"max_hp_loss":0.0,"gold_gain":0.0,"event_name":"The Mausoleum","player_choice":"Opened","floor":20.0,"gold_loss":0.0,"damage_taken":0.0,"relics_obtained":["PreservedInsect"]},{"cards_removed":["Bash"],"damage_healed":0.0,"max_hp_gain":0.0,"max_hp_loss":0.0,"gold_gain":0.0,"event_name":"Beggar","player_choice":"Gave Gold","floor":21.0,"gold_loss":75.0,"damage_taken":0.0},{"damage_healed":0.0,"max_hp_gain":0.0,"max_hp_loss":44.0,"gold_gain":0.0,"event_name":"Ghosts","player_choice":"Became a Ghost","floor":27.0,"gold_loss":0.0,"damage_taken":0.0,"cards_obtained":["Ghostly","Ghostly","Ghostly","Ghostly","Ghostly"]},{"damage_healed":0.0,"max_hp_gain":0.0,"max_hp_loss":0.0,"gold_gain":0.0,"cards_transformed":["Warcry"],"event_name":"Transmorgrifier","player_choice":"Transformed","floor":36.0,"gold_loss":0.0,"damage_taken":0.0,"cards_obtained":["Dual Wield"]}],"is_beta":false,"boss_relics":[{"not_picked":["Sozu","Snecko Eye"],"picked":"Runic Cube"},{"not_picked":["Tiny House","Empty Cage"],"picked":"Lizard Tail"}],"items_purged_floors":[],"is_endless":false,"potions_floor_spawned":[6,7,14,18,22,23,29,31,41,44,45,46,48,54],"ascension_level":0}