{"gold_per_floor":[113,125,44,63,28,28,28,59,85,85,85,85,85,115,115,115],"floor_reached":16,"playtime":369,"items_purged":[],"score":191,"play_id":"c1b0c44c-d0a9-46b8-b1e8-068d274acd4d","local_time":"20190110235606","is_ascension_mode":true,"campfire_choices":[{"data":"Zap","floor":6,"key":"SMITH"},{"data":"Defragment","floor":11,"key":"SMITH"},{"data":"Scrape","floor":13,"key":"SMITH"},{"floor":15,"key":"REST"}],"neow_cost":"NONE","seed_source_timestamp":89635587169800,"circlet_count":0,"master_deck":["AscendersBane","Strike_B","Strike_B","Strike_B","Strike_B","Defend_B","Defend_B","Defend_B","Defend_B","Zap+1","Dualcast","Rainbow","Gash","Defragment+1","Scrape+1","Regret","Defragment+1","Go for the Eyes"],"relics":["Cracked Core","Lantern","Frozen Egg 2","PreservedInsect","Gremlin Horn","CultistMask","Letter Opener"],"potions_floor_usage":[8,16,16],"damage_taken":[{"damage":8,"enemies":"2 Louse","floor":1,"turns":3},{"damage":5,"enemies":"Jaw Worm","floor":2,"turns":3},{"damage":0,"enemies":"Cultist","floor":4,"turns":4},{"damage":32,"enemies":"Gremlin Nob","floor":8,"turns":4},{"damage":22,"enemies":"Lagavulin","floor":14,"turns":5},{"damage":27,"enemies":"The Guardian","floor":16,"turns":6}],"seed_played":"-3341265276752808375","potions_obtained":[{"floor":1,"key":"AttackPotion"},{"floor":8,"key":"Ancient Potion"},{"floor":14,"key":"SteroidPotion"}],"is_trial":false,"path_per_floor":["M","M","$","M","?","R","?","E","T","?","R","?","R","E","R","B"],"character_chosen":"DEFECT","items_purchased":["Scrape"],"campfire_rested":1,"item_purchase_floors":[3],"current_hp_per_floor":[56,51,51,51,68,68,68,36,36,25,25,25,25,3,24,0],"gold":115,"neow_bonus":"ONE_RANDOM_RARE_CARD","is_prod":false,"is_daily":false,"chose_seed":false,"campfire_upgraded":3,"win_rate":0,"timestamp":1547193366,"path_taken":["M","M","$","M","?","R","?","E","T","?","R","?","R","E","R","BOSS"],"build_version":"2019-01-10","purchased_purges":0,"victory":false,"max_hp_per_floor":[71,71,71,71,71,71,71,71,71,71,71,71,71,71,71,71],"card_choices":[{"not_picked":["Recycle","Chaos"],"picked":"Gash","floor":1},{"not_picked":["Redo","Undo"],"picked":"Defragment","floor":2},{"not_picked":["Scrape","Coolheaded","Skim"],"picked":"SKIP","floor":4},{"not_picked":["Capacitor","Hologram"],"picked":"Defragment","floor":8},{"not_picked":["Coolheaded","Steam"],"picked":"Go for the Eyes","floor":14}],"player_experience":1059917,"relics_obtained":[{"floor":8,"key":"Frozen Egg 2"},{"floor":9,"key":"PreservedInsect"},{"floor":14,"key":"Letter Opener"}],"event_choices":[{"damage_healed":17,"gold_gain":0,"player_choice":"Healed","damage_taken":0,"max_hp_gain":0,"max_hp_loss":0,"event_name":"The Cleric","floor":5,"gold_loss":35},{"damage_healed":0,"gold_gain":0,"player_choice":"Box","damage_taken":0,"relics_obtained":["Lantern"],"max_hp_gain":0,"max_hp_loss":0,"event_name":"Big Fish","floor":7,"gold_loss":0,"cards_obtained":["Regret"]},{"damage_healed":0,"gold_gain":0,"player_choice":"Success","damage_taken":11,"relics_obtained":["Gremlin Horn"],"max_hp_gain":0,"max_hp_loss":0,"event_name":"Scrap Ooze","floor":10,"gold_loss":0},{"damage_healed":0,"gold_gain":0,"player_choice":"Trade","damage_taken":0,"relics_obtained":["CultistMask"],"max_hp_gain":0,"max_hp_loss":0,"event_name":"FaceTrader","floor":12,"gold_loss":0}],"is_beta":false,"boss_relics":[],"items_purged_floors":[],"is_endless":false,"potions_floor_spawned":[1,8,14],"killed_by":"The Guardian","ascension_level":16}