{"gold_per_floor":[114,130,142,142,69,100,115,115,115,135,135,167,167,197,197,272,272,290,290,290,23,36,36,36,53,79,79,90,189,189,204,204,282,282,293,293,119,132,132,132,132,144,144,154,181,181,198,148,148,148],"floor_reached":50,"playtime":1264,"items_purged":["Pain","Strike_R"],"score":867,"play_id":"5d7a1408-d770-4e88-a7f0-d88bfd341117","local_time":"20190210230524","is_ascension_mode":true,"campfire_choices":[{"data":"Bash","floor":8.0,"key":"SMITH"},{"data":"Inflame","floor":11.0,"key":"SMITH"},{"data":"Seeing Red","floor":15.0,"key":"SMITH"},{"data":"Infernal Blade","floor":23.0,"key":"SMITH"},{"data":"Spot Weakness","floor":27,"key":"SMITH"},{"data":"Cleave","floor":30,"key":"SMITH"},{"floor":32,"key":"REST"},{"data":"Limit Break","floor":40,"key":"SMITH"},{"data":"Limit Break","floor":46,"key":"SMITH"},{"floor":49,"key":"REST"}],"neow_cost":"NONE","seed_source_timestamp":22822364245100,"circlet_count":0,"master_deck":["AscendersBane","Strike_R","Strike_R","Strike_R","Strike_R","Defend_R","Defend_R","Defend_R","Defend_R","Bash+1","Seeing Red+1","Infernal Blade+1","Inflame+1","Battle Trance","Cleave+1","Battle Trance","Bludgeon+1","Sword Boomerang+1","Spot Weakness+1","Impervious","Sword Boomerang+1","Limit Break+1","Seeing Red+1","Parasite","Heavy Blade+1","Limit Break+1","Clothesline+1"],"special_seed":0,"relics":["Burning Blood","NeowsBlessing","FossilizedHelix","Pantograph","Matryoshka","Orichalcum","Molten Egg 2","Question Card","Velvet Choker","Enchiridion","Nloth\u0027s Gift","Lantern","Pen Nib","Smiling Mask","White Beast Statue","WarpedTongs","Tiny Chest","Meat on the Bone","Ancient Tea Set"],"potions_floor_usage":[33,44,50],"damage_taken":[{"damage":0.0,"enemies":"Cultist","floor":1.0,"turns":1.0},{"damage":0.0,"enemies":"Small Slimes","floor":2.0,"turns":1.0},{"damage":0.0,"enemies":"Jaw Worm","floor":3.0,"turns":1.0},{"damage":38.0,"enemies":"3 Sentries","floor":6.0,"turns":9.0},{"damage":8.0,"enemies":"Blue Slaver","floor":7.0,"turns":4.0},{"damage":14.0,"enemies":"3 Louse","floor":10.0,"turns":2.0},{"damage":20.0,"enemies":"Lagavulin","floor":12.0,"turns":5.0},{"damage":12.0,"enemies":"Gremlin Nob","floor":14.0,"turns":4.0},{"damage":0.0,"enemies":"Slime Boss","floor":16.0,"turns":7.0},{"damage":8.0,"enemies":"3 Byrds","floor":18.0,"turns":4.0},{"damage":0.0,"enemies":"Chosen","floor":22.0,"turns":3.0},{"damage":33,"enemies":"Shelled Parasite and Fungi","floor":25,"turns":4},{"damage":18,"enemies":"Snake Plant","floor":28,"turns":4},{"damage":0,"enemies":"Snecko","floor":31,"turns":2},{"damage":38,"enemies":"Collector","floor":33,"turns":6},{"damage":14,"enemies":"Orb Walker","floor":35,"turns":3},{"damage":37,"enemies":"3 Darklings","floor":38,"turns":4},{"damage":13,"enemies":"Writhing Mass","floor":42,"turns":4},{"damage":0,"enemies":"Transient","floor":44,"turns":5},{"damage":26,"enemies":"4 Shapes","floor":47,"turns":6},{"damage":95,"enemies":"Donu and Deca","floor":50,"turns":5}],"seed_played":"-3136987694241233499","potions_obtained":[{"floor":1.0,"key":"Block Potion"},{"floor":2.0,"key":"Regen Potion"},{"floor":6.0,"key":"Strength Potion"},{"floor":14.0,"key":"Fruit Juice"},{"floor":16.0,"key":"Fire Potion"},{"floor":18.0,"key":"PowerPotion"},{"floor":35,"key":"Fire Potion"},{"floor":44,"key":"Energy Potion"},{"floor":47,"key":"FairyPotion"}],"is_trial":false,"path_per_floor":["M","M","M","?","$","E","M","R","T","M","R","E","T","E","R","B",null,"M","?","?","$","M","R","?","M","T","R","M","?","R","M","R","B",null,"M","?","$","M","?","R","?","M","T","M","T","R","M","$","R","B"],"character_chosen":"IRONCLAD","items_purchased":["Inflame","Lantern","Spot Weakness","SteroidPotion","Tiny Chest"],"campfire_rested":2,"item_purchase_floors":[5,21,21,21,37],"current_hp_per_floor":[74,75,75,68,68,51,49,49,49,41,41,34,34,33,33,64,81,79,63,63,63,69,69,69,42,42,42,30,30,30,36,62,55,79,71,71,71,40,76,76,76,69,69,75,75,75,55,55,76,0],"gold":148,"neow_bonus":"THREE_ENEMY_KILL","is_prod":false,"is_daily":false,"chose_seed":false,"campfire_upgraded":8,"win_rate":0,"timestamp":1549832724,"path_taken":["M","?","?","?","$","E","M","R","T","M","R","E","?","E","R","BOSS","M","?","?","$","?","R","?","M","T","R","M","?","R","M","R","BOSS","M","?","$","?","?","R","?","M","T","M","?","R","M","$","R","BOSS"],"build_version":"2019-01-23","purchased_purges":2,"victory":false,"max_hp_per_floor":[75,75,75,75,75,75,75,75,75,75,75,82,82,87,87,87,87,87,87,87,87,87,87,87,87,87,87,87,87,87,87,87,87,87,87,87,87,87,76,76,76,76,76,76,76,76,76,76,76,76],"card_choices":[{"not_picked":["Heavy Blade","Shrug It Off"],"picked":"Seeing Red","floor":1.0},{"not_picked":["Clash","Metallicize"],"picked":"Infernal Blade","floor":2.0},{"not_picked":["Flex","Blood for Blood","Headbutt"],"picked":"SKIP","floor":3.0},{"not_picked":["Warcry","Infernal Blade"],"picked":"Battle Trance","floor":6.0},{"not_picked":["Iron Wave","True Grit"],"picked":"Cleave","floor":7.0},{"not_picked":["Twin Strike","Pommel Strike"],"picked":"Battle Trance","floor":10.0},{"not_picked":["Reckless Charge","Metallicize","Sentinel"],"picked":"SKIP","floor":12.0},{"not_picked":["Wild Strike+1","Headbutt+1","Flex"],"picked":"SKIP","floor":14.0},{"not_picked":["Juggernaut","Exhume","Demon Form"],"picked":"Bludgeon+1","floor":16.0},{"not_picked":["Pommel Strike+1","Iron Wave+1","Hemokinesis+1"],"picked":"Sword Boomerang+1","floor":18.0},{"not_picked":["Dropkick+1","Burning Pact","Cleave+1","Thunderclap+1"],"picked":"SKIP","floor":22.0},{"not_picked":["Spot Weakness","Clothesline+1","Twin Strike+1"],"picked":"Impervious","floor":25},{"not_picked":["Cleave+1","Power Through","Dark Embrace","Armaments"],"picked":"SKIP","floor":28},{"not_picked":["Wild Strike+1","Dropkick+1","Combust"],"picked":"Sword Boomerang+1","floor":31},{"not_picked":["Offering","Fiend Fire+1","Bludgeon+1"],"picked":"Limit Break","floor":33},{"not_picked":["Wild Strike+1","Shrug It Off","Flex+1"],"picked":"Seeing Red+1","floor":35},{"not_picked":["Havoc+1","Evolve+1","Brutality","Wild Strike+1"],"picked":"SKIP","floor":38},{"not_picked":["Thunderclap+1","Infernal Blade","Clothesline+1"],"picked":"Heavy Blade+1","floor":42},{"not_picked":["Warcry","Disarm","Shrug It Off"],"picked":"Limit Break","floor":44},{"not_picked":["Thunderclap+1","Body Slam+1","Havoc"],"picked":"Clothesline+1","floor":47}],"player_experience":707544,"relics_obtained":[{"floor":6.0,"key":"Pantograph"},{"floor":9.0,"key":"Matryoshka"},{"floor":12.0,"key":"Strawberry"},{"floor":13.0,"key":"Orichalcum"},{"floor":13.0,"key":"Molten Egg 2"},{"floor":14.0,"key":"Question Card"},{"floor":19.0,"key":"Enchiridion"},{"floor":26,"key":"Pen Nib"},{"floor":26,"key":"Smiling Mask"},{"floor":43,"key":"Meat on the Bone"},{"floor":45,"key":"Ancient Tea Set"}],"event_choices":[{"damage_healed":0.0,"max_hp_gain":0.0,"max_hp_loss":0.0,"gold_gain":0.0,"event_name":"Scrap Ooze","player_choice":"Success","floor":4.0,"gold_loss":0.0,"damage_taken":7.0,"relics_obtained":["FossilizedHelix"]},{"damage_healed":0.0,"max_hp_gain":0.0,"max_hp_loss":0.0,"gold_gain":0.0,"event_name":"Cursed Tome","player_choice":"Obtained Book","floor":19.0,"gold_loss":0.0,"damage_taken":16.0},{"damage_healed":0.0,"max_hp_gain":0.0,"max_hp_loss":0.0,"gold_gain":0.0,"event_name":"N\u0027loth","player_choice":"Traded Relic","floor":20.0,"relics_lost":["Strawberry"],"gold_loss":0.0,"damage_taken":0.0,"relics_obtained":["Nloth\u0027s Gift"]},{"damage_healed":0,"gold_gain":99,"player_choice":"Stole From Cult","damage_taken":0,"max_hp_gain":0,"max_hp_loss":0,"event_name":"Nest","floor":29,"gold_loss":0},{"damage_healed":0,"gold_gain":0,"player_choice":"Rummage","damage_taken":0,"relics_obtained":["WarpedTongs"],"max_hp_gain":0,"max_hp_loss":0,"event_name":"Accursed Blacksmith","floor":36,"gold_loss":0,"cards_obtained":["Pain"]},{"damage_healed":76,"gold_gain":0,"player_choice":"Heal","damage_taken":0,"max_hp_gain":0,"max_hp_loss":11,"event_name":"The Moai Head","floor":39,"gold_loss":0},{"damage_healed":0,"gold_gain":0,"player_choice":"Ignored","damage_taken":0,"max_hp_gain":0,"max_hp_loss":0,"event_name":"Tomb of Lord Red Mask","floor":41,"gold_loss":0}],"is_beta":false,"boss_relics":[{"not_picked":["Empty Cage","Orrery"],"picked":"Velvet Choker"},{"not_picked":["Coffee Dripper","Calling Bell"],"picked":"White Beast Statue"}],"items_purged_floors":[37,48],"is_endless":false,"potions_floor_spawned":[1,2,6,14,16,18,22,28,35,38,42,44,47],"killed_by":"Donu and Deca","ascension_level":14}