{"gold_per_floor":[111,111,128,21,36,65,65,90,142,142,142,162,191,191,191,266,266,282,296,311,236,26,53,53,53,76,1,333,23,23,37,37,113,113,128,128,128,128,38,38,48,74,74,74,21,32,32,45,45,45,45,45,45,45,78,78],"floor_reached":57,"playtime":5917,"items_purged":["Strike_G","Strike_G"],"score":2868,"play_id":"b521c866-e783-4ab9-b22f-2e0821ca76d6","local_time":"20190210095741","is_ascension_mode":true,"campfire_choices":[{"floor":7,"key":"REST"},{"data":"Noxious Fumes","floor":11,"key":"SMITH"},{"floor":15,"key":"REST"},{"data":"Apotheosis","floor":24,"key":"SMITH"},{"data":"After Image","floor":30,"key":"SMITH"},{"floor":32,"key":"REST"},{"data":"Footwork","floor":40,"key":"SMITH"},{"floor":44,"key":"RECALL"},{"data":"Footwork","floor":47,"key":"SMITH"},{"floor":49,"key":"REST"},{"data":"Well Laid Plans","floor":53,"key":"SMITH"}],"neow_cost":"NONE","seed_source_timestamp":425860509278900,"circlet_count":0,"master_deck":["AscendersBane","Defend_G","Defend_G","Defend_G","Defend_G","Defend_G","Strike_G","Survivor","Neutralize","Blade Dance","After Image+1","Dagger Spray","Noxious Fumes+1","Bane","Sucker Punch","Footwork+1","Well Laid Plans+1","Blur","Burst","Backflip","Cloak And Dagger","Apotheosis+1","PiercingWail","Corpse Explosion","Cloak And Dagger","Venomology","Backflip","Footwork+1","Acrobatics","Cloak And Dagger+1","Acrobatics","Catalyst"],"relics":["Ring of the Snake","NeowsBlessing","Blue Candle","Bronze Scales","PreservedInsect","Pocketwatch","Happy Flower","Philosopher\u0027s Stone","Ice Cream","Mummified Hand","Blood Vial","Old Coin","Bag of Preparation","Sozu","Centennial Puzzle","Thread and Needle"],"potions_floor_usage":[6,8,13,23,33,55],"damage_taken":[{"damage":0,"enemies":"2 Louse","floor":1,"turns":1},{"damage":0,"enemies":"Cultist","floor":3,"turns":1},{"damage":0,"enemies":"Jaw Worm","floor":5,"turns":1},{"damage":42,"enemies":"Gremlin Nob","floor":6,"turns":5},{"damage":14,"enemies":"Lagavulin","floor":8,"turns":11},{"damage":0,"enemies":"2 Fungi Beasts","floor":12,"turns":3},{"damage":32,"enemies":"Gremlin Nob","floor":13,"turns":4},{"damage":23,"enemies":"Slime Boss","floor":16,"turns":10},{"damage":9,"enemies":"3 Byrds","floor":18,"turns":3},{"damage":2,"enemies":"Spheric Guardian","floor":19,"turns":6},{"damage":10,"enemies":"Centurion and Healer","floor":20,"turns":9},{"damage":3,"enemies":"Slavers","floor":23,"turns":4},{"damage":0,"enemies":"Gremlin Leader","floor":28,"turns":5},{"damage":0,"enemies":"Snake Plant","floor":31,"turns":4},{"damage":2,"enemies":"Collector","floor":33,"turns":7},{"damage":9,"enemies":"Orb Walker","floor":35,"turns":4},{"damage":21,"enemies":"3 Darklings","floor":41,"turns":3},{"damage":0,"enemies":"Giant Head","floor":42,"turns":9},{"damage":0,"enemies":"Maw","floor":46,"turns":8},{"damage":0,"enemies":"Spire Growth","floor":48,"turns":5},{"damage":0,"enemies":"Donu and Deca","floor":50,"turns":8},{"damage":27,"enemies":"Time Eater","floor":51,"turns":17},{"damage":19,"enemies":"Shield and Spear","floor":55,"turns":7},{"damage":24,"enemies":"The Heart","floor":56,"turns":8}],"seed_played":"5137425187707385649","potions_obtained":[{"floor":6,"key":"EssenceOfSteel"},{"floor":8,"key":"Energy Potion"},{"floor":16,"key":"GhostInAJar"},{"floor":18,"key":"GamblersBrew"},{"floor":28,"key":"PowerPotion"},{"floor":33,"key":"FairyPotion"}],"is_trial":false,"path_per_floor":["M","?","M","$","M","E","R","E","T","?","R","M","E","?","R","B",null,"M","M","M","?","$","E","R","T","T","$","E","$","R","M","R","B",null,"M","?","$","?","$","R","M","E","T","R","$","M","R","M","R","B","B",null,"R","$","E","B",null],"character_chosen":"THE_SILENT","items_purchased":["Bane","FearPotion","Apotheosis","Bag of Preparation","Cloak And Dagger","Footwork","Acrobatics"],"campfire_rested":4,"item_purchase_floors":[4,4,22,29,29,39,45],"current_hp_per_floor":[59,59,59,59,59,17,36,22,22,44,44,44,12,12,31,8,52,43,41,31,31,31,28,28,28,28,28,30,30,30,32,51,51,62,55,55,55,55,55,55,36,38,38,38,38,40,40,42,61,63,38,59,59,59,42,20],"gold":78,"neow_bonus":"THREE_ENEMY_KILL","is_prod":false,"is_daily":false,"chose_seed":false,"campfire_upgraded":6,"win_rate":0,"timestamp":1549789061,"path_taken":["M","?","?","$","M","E","R","E","T","?","R","M","E","?","R","BOSS","M","M","?","?","$","E","R","?","T","$","E","$","R","M","R","BOSS","M","?","$","?","$","R","?","E","T","R","$","M","R","M","R","BOSS","BOSS","R","$","E","BOSS"],"build_version":"2019-01-23","purchased_purges":2,"victory":true,"max_hp_per_floor":[66,66,66,66,66,66,66,66,66,66,66,66,66,66,66,66,66,66,66,66,66,66,66,66,66,66,66,66,66,66,66,66,66,66,66,66,66,66,66,66,66,66,66,66,66,66,66,66,66,66,66,66,66,66,66,66],"card_choices":[{"not_picked":["Dodge and Roll","Expertise"],"picked":"Blade Dance","floor":1},{"not_picked":["Escape Plan","Concentrate"],"picked":"Noxious Fumes","floor":3},{"not_picked":["Slice","Dagger Throw"],"picked":"Sucker Punch","floor":5},{"not_picked":["All Out Attack","Blur"],"picked":"Footwork","floor":6},{"not_picked":["Bouncing Flask","Tactician","Bane"],"picked":"SKIP","floor":8},{"not_picked":["Tools of the Trade","Reflex"],"picked":"Well Laid Plans","floor":12},{"not_picked":["Dagger Spray","Acrobatics"],"picked":"Blur","floor":13},{"not_picked":["Night Terror","Bullet Time"],"picked":"Burst","floor":16},{"not_picked":["Poisoned Stab","Dagger Spray"],"picked":"Backflip","floor":18},{"not_picked":["Flechettes","Choke","Setup"],"picked":"SKIP","floor":19},{"not_picked":["Deadly Poison+1","Sucker Punch"],"picked":"Cloak And Dagger","floor":20},{"not_picked":["Eviscerate","Quick Slash"],"picked":"PiercingWail","floor":23},{"not_picked":["Setup","Well Laid Plans"],"picked":"Corpse Explosion","floor":28},{"not_picked":["Outmaneuver","Poisoned Stab","Blade Dance"],"picked":"SKIP","floor":31},{"not_picked":["Tools of the Trade","Grand Finale"],"picked":"Venomology","floor":33},{"not_picked":["Deadly Poison","Slice"],"picked":"Backflip","floor":35},{"not_picked":["Dagger Throw","Expertise","Infinite Blades"],"picked":"SKIP","floor":41},{"not_picked":["Flying Knee+1","Tools of the Trade","Blade Dance"],"picked":"SKIP","floor":42},{"not_picked":["Poisoned Stab","All Out Attack+1"],"picked":"Cloak And Dagger+1","floor":46},{"not_picked":["Deflect+1","Deadly Poison+1"],"picked":"Acrobatics","floor":48},{"not_picked":["Cloak And Dagger","Skewer"],"picked":"Catalyst","floor":55}],"player_experience":542114,"relics_obtained":[{"floor":6,"key":"Blue Candle"},{"floor":8,"key":"Bronze Scales"},{"floor":9,"key":"PreservedInsect"},{"floor":13,"key":"Pocketwatch"},{"floor":14,"key":"Happy Flower"},{"floor":23,"key":"Ice Cream"},{"floor":25,"key":"Mummified Hand"},{"floor":26,"key":"Blood Vial"},{"floor":28,"key":"Old Coin"},{"floor":42,"key":"Centennial Puzzle"},{"floor":55,"key":"Thread and Needle"}],"event_choices":[{"damage_healed":0,"gold_gain":0,"player_choice":"2 cards matched","damage_taken":0,"max_hp_gain":0,"max_hp_loss":0,"event_name":"Match and Keep!","floor":2,"gold_loss":0,"cards_obtained":["After Image","Dagger Spray"]},{"damage_healed":22,"gold_gain":0,"player_choice":"Banana","damage_taken":0,"max_hp_gain":0,"max_hp_loss":0,"event_name":"Big Fish","floor":10,"gold_loss":0},{"damage_healed":0,"gold_gain":0,"player_choice":"Relic","damage_taken":0,"max_hp_gain":0,"max_hp_loss":0,"event_name":"Wheel of Change","floor":14,"gold_loss":0},{"cards_removed":["Strike_G"],"damage_healed":0,"gold_gain":0,"player_choice":"Gave Gold","damage_taken":0,"max_hp_gain":0,"max_hp_loss":0,"event_name":"Beggar","floor":21,"gold_loss":75},{"damage_healed":0,"gold_gain":0,"player_choice":"Ignored","damage_taken":0,"max_hp_gain":0,"max_hp_loss":0,"event_name":"Mysterious Sphere","floor":36,"gold_loss":0},{"cards_removed":["Strike_G"],"damage_healed":0,"gold_gain":0,"player_choice":"Purged","damage_taken":0,"max_hp_gain":0,"max_hp_loss":0,"event_name":"Purifier","floor":38,"gold_loss":0}],"is_beta":false,"boss_relics":[{"not_picked":["Orrery","Snecko Eye"],"picked":"Philosopher\u0027s Stone"},{"not_picked":["Tiny House","Calling Bell"],"picked":"Sozu"}],"items_purged_floors":[27,29],"is_endless":false,"potions_floor_spawned":[6,8,16,18,19,28,33,35,42],"ascension_level":20}