{"gold_per_floor":[109,7,7,7,20,20,40,68,68,68,83,83,83,94,94,199,199,199,199,139,38,38,38,38,38,38,38,38,38,38,38,38,38,38,38,38,38,38,38],"floor_reached":39,"playtime":2252,"items_purged":["Defend_R"],"score":545,"play_id":"c48b5200-cb2d-4e04-b61b-219a6d2f38ee","local_time":"20190209184554","is_ascension_mode":true,"campfire_choices":[{"data":"Armaments","floor":6.0,"key":"SMITH"},{"data":"Shockwave","floor":10.0,"key":"SMITH"},{"floor":13,"key":"REST"},{"data":"Body Slam","floor":15,"key":"SMITH"},{"data":"Juggernaut","floor":24,"key":"SMITH"},{"data":"Shrug It Off","floor":27,"key":"SMITH"},{"floor":32,"key":"REST"}],"neow_cost":"NONE","seed_source_timestamp":0,"circlet_count":0,"master_deck":["Strike_R","Strike_R","Strike_R","Defend_R","Defend_R","Defend_R","Bash","Shrug It Off+1","Shrug It Off","Armaments+1","Shockwave+1","Headbutt","Body Slam+1","Juggernaut+1","Evolve","Shrug It Off","Juggernaut","Iron Wave+1","Offering","Writhe","True Grit","Shrug It Off+1","Exhume"],"special_seed":0,"relics":["Burning Blood","Omamori","Self Forming Clay","Champion Belt","Ectoplasm","Nloth\u0027s Gift","Calling Bell","Ancient Tea Set","Letter Opener","Gambling Chip","Question Card"],"potions_floor_usage":[16,16,33,33,33,39],"damage_taken":[{"damage":0.0,"enemies":"Small Slimes","floor":1.0,"turns":3.0},{"damage":6.0,"enemies":"Cultist","floor":5.0,"turns":3.0},{"damage":0.0,"enemies":"2 Louse","floor":7.0,"turns":3.0},{"damage":38.0,"enemies":"Gremlin Nob","floor":8.0,"turns":6.0},{"damage":19.0,"enemies":"Exordium Thugs","floor":11.0,"turns":9.0},{"damage":20,"enemies":"Gremlin Gang","floor":14,"turns":6},{"damage":18,"enemies":"Slime Boss","floor":16,"turns":9},{"damage":3,"enemies":"Chosen","floor":18,"turns":4},{"damage":22,"enemies":"2 Thieves","floor":20,"turns":4},{"damage":15,"enemies":"Snake Plant","floor":22,"turns":5},{"damage":10,"enemies":"Centurion and Healer","floor":23,"turns":9},{"damage":15,"enemies":"Snecko","floor":28,"turns":6},{"damage":18,"enemies":"Cultist and Chosen","floor":29,"turns":6},{"damage":5,"enemies":"Snake Plant","floor":31,"turns":4},{"damage":39,"enemies":"Collector","floor":33,"turns":8},{"damage":27,"enemies":"3 Darklings","floor":35,"turns":5},{"damage":8,"enemies":"3 Shapes","floor":36,"turns":5},{"damage":12,"enemies":"Transient","floor":37,"turns":5},{"damage":47,"enemies":"4 Shapes","floor":39,"turns":3}],"seed_played":"-6620899420139298787","potions_obtained":[{"floor":1.0,"key":"Block Potion"},{"floor":11,"key":"Dexterity Potion"},{"floor":14,"key":"EssenceOfSteel"},{"floor":23,"key":"Block Potion"},{"floor":29,"key":"Dexterity Potion"},{"floor":31,"key":"FearPotion"},{"floor":35,"key":"Fire Potion"}],"is_trial":false,"path_per_floor":["M","$","?","$","M","R","M","E","T","R","M","?","R","M","R","B",null,"M","?","M","$","M","M","R","$","T","R","M","M","?","M","R","B",null,"M","M","M","?","M"],"character_chosen":"IRONCLAD","items_purchased":["Shrug It Off","Evolve","Shrug It Off"],"campfire_rested":2,"item_purchase_floors":[2,21,21],"current_hp_per_floor":[78,78,78,78,78,78,80,48,48,48,35,23,47,33,33,21,65,68,68,52,52,43,39,39,39,39,39,30,18,18,19,43,10,63,42,40,34,34,0],"gold":38,"neow_bonus":"RANDOM_COMMON_RELIC","is_prod":false,"is_daily":false,"chose_seed":false,"campfire_upgraded":5,"win_rate":0,"timestamp":1549705554,"path_taken":["M","$","?","?","M","R","M","E","T","R","M","?","R","M","R","BOSS","M","?","M","$","?","?","R","?","T","R","M","?","?","M","R","BOSS","M","M","M","?","?"],"build_version":"2019-01-23","purchased_purges":1,"victory":false,"max_hp_per_floor":[80,80,80,80,80,80,80,80,80,80,80,80,80,80,80,80,80,80,80,80,80,80,80,80,80,80,80,80,80,80,80,80,80,80,80,80,80,80,80],"card_choices":[{"not_picked":["Dropkick","True Grit"],"picked":"Shrug It Off","floor":1.0},{"not_picked":["Twin Strike","Pummel"],"picked":"Armaments","floor":5.0},{"not_picked":["Clash","Havoc","Heavy Blade"],"picked":"SKIP","floor":7.0},{"not_picked":["Armaments","Power Through"],"picked":"Shockwave","floor":8.0},{"not_picked":["Twin Strike","Wild Strike"],"picked":"Headbutt","floor":11},{"not_picked":["Bludgeon","Wild Strike"],"picked":"Body Slam","floor":14},{"not_picked":["Exhume","Feed"],"picked":"Juggernaut","floor":16},{"not_picked":["Second Wind+1","Seeing Red","Blood for Blood"],"picked":"SKIP","floor":18},{"not_picked":["Spot Weakness+1","Reckless Charge","Blood for Blood+1"],"picked":"SKIP","floor":20},{"not_picked":["Dropkick","Infernal Blade","Combust"],"picked":"SKIP","floor":22},{"not_picked":["Twin Strike","Havoc","Clothesline"],"picked":"SKIP","floor":23},{"not_picked":["Armaments","Combust+1"],"picked":"Juggernaut","floor":28},{"not_picked":["Sword Boomerang","Thunderclap"],"picked":"Iron Wave+1","floor":29},{"not_picked":["Clothesline","Burning Pact","Hemokinesis"],"picked":"SKIP","floor":31},{"not_picked":["Berserk","Double Tap"],"picked":"Offering","floor":33},{"not_picked":["Cleave+1","Twin Strike+1"],"picked":"True Grit","floor":35},{"not_picked":["Havoc","Flame Barrier"],"picked":"Shrug It Off+1","floor":36},{"not_picked":["Clash+1","Bloodletting+1"],"picked":"Exhume","floor":37}],"player_experience":844405,"relics_obtained":[{"floor":8.0,"key":"Self Forming Clay"},{"floor":9.0,"key":"Bottled Lightning"},{"floor":34,"key":"Ancient Tea Set"},{"floor":34,"key":"Letter Opener"},{"floor":34,"key":"Gambling Chip"},{"floor":38,"key":"Question Card"}],"event_choices":[{"cards_removed":["Strike_R"],"damage_healed":0.0,"max_hp_gain":0.0,"max_hp_loss":0.0,"gold_gain":0.0,"event_name":"Purifier","player_choice":"Purged","floor":3.0,"gold_loss":0.0,"damage_taken":0.0},{"damage_healed":0,"gold_gain":0,"player_choice":"Success","damage_taken":12,"relics_obtained":["Champion Belt"],"max_hp_gain":0,"max_hp_loss":0,"event_name":"Scrap Ooze","floor":12,"gold_loss":0},{"damage_healed":0,"gold_gain":0,"player_choice":"Traded Relic","damage_taken":0,"relics_obtained":["Nloth\u0027s Gift"],"max_hp_gain":0,"max_hp_loss":0,"event_name":"N\u0027loth","floor":19,"relics_lost":["Bottled Lightning"],"gold_loss":0},{"cards_removed":["Strike_R"],"damage_healed":0,"gold_gain":0,"player_choice":"Offered Basic","damage_taken":0,"max_hp_gain":0,"max_hp_loss":0,"event_name":"Bonfire Elementals","floor":30,"gold_loss":0},{"damage_healed":0,"gold_gain":0,"player_choice":"Relic","damage_taken":0,"max_hp_gain":0,"max_hp_loss":0,"event_name":"Wheel of Change","floor":38,"gold_loss":0}],"is_beta":false,"boss_relics":[{"not_picked":["Tiny House","Lizard Tail"],"picked":"Ectoplasm"},{"not_picked":["Black Blood","Runic Cube"],"picked":"Calling Bell"}],"items_purged_floors":[2],"is_endless":false,"potions_floor_spawned":[1,11,14,23,29,31,35],"killed_by":"4 Shapes","ascension_level":7}