{"gold_per_floor":[116,116,133,80,93,93,128,128,154,154,167,180,105,124,124,219,219,129,129,129,129,129,129,129,129,129,129,129,129,129,129,129,129,129,129,129,129,0,0,0,0,0,0,0,0,0,0,0,0,0],"floor_reached":50,"playtime":1489,"items_purged":["Defend_B"],"score":575,"play_id":"11f5f689-ad19-490f-830e-d9d2beecab03","local_time":"20190104224128","is_ascension_mode":false,"campfire_choices":[{"data":"Dualcast","floor":6.0,"key":"SMITH"},{"data":"Zap","floor":8.0,"key":"SMITH"},{"data":"Ball Lightning","floor":15.0,"key":"SMITH"},{"data":"Electrodynamics","floor":23.0,"key":"SMITH"},{"floor":25.0,"key":"REST"},{"floor":29.0,"key":"REST"},{"data":"Cold Snap","floor":32,"key":"SMITH"},{"data":"Conserve Battery","floor":40,"key":"SMITH"},{"data":"Conserve Battery","floor":42,"key":"SMITH"},{"data":"Strike_B","floor":49,"key":"SMITH"}],"neow_cost":"NONE","seed_source_timestamp":960247356450262,"circlet_count":0,"master_deck":["Strike_B+1","Defend_B+1","Defend_B+1","Zap+1","Dualcast+1","Conserve Battery+1","Conserve Battery+1","Chill","Cold Snap+1","Ball Lightning+1","Electrodynamics+1","Melter+1","FTL+1","Melter+1","Self Repair+1","BootSequence+1","Hologram+1"],"special_seed":0,"relics":["Cracked Core","War Paint","Oddly Smooth Stone","Ectoplasm","Pen Nib","Bag of Preparation","Darkstone Periapt","Pocketwatch","Astrolabe","Red Mask","Strawberry"],"potions_floor_usage":[41,50,50],"damage_taken":[{"damage":1.0,"enemies":"Jaw Worm","floor":1.0,"turns":3.0},{"damage":0.0,"enemies":"Cultist","floor":3.0,"turns":3.0},{"damage":0.0,"enemies":"Small Slimes","floor":5.0,"turns":3.0},{"damage":25.0,"enemies":"3 Sentries","floor":7.0,"turns":10.0},{"damage":0.0,"enemies":"3 Louse","floor":11.0,"turns":3.0},{"damage":3.0,"enemies":"Red Slaver","floor":12.0,"turns":3.0},{"damage":0.0,"enemies":"Large Slime","floor":14.0,"turns":4.0},{"damage":48.0,"enemies":"Hexaghost","floor":16.0,"turns":10.0},{"damage":11.0,"enemies":"2 Thieves","floor":18.0,"turns":4.0},{"damage":0.0,"enemies":"Chosen","floor":21.0,"turns":4.0},{"damage":7.0,"enemies":"Snake Plant","floor":22.0,"turns":4.0},{"damage":31.0,"enemies":"Gremlin Leader","floor":24.0,"turns":7.0},{"damage":0.0,"enemies":"Slavers","floor":27.0,"turns":3.0},{"damage":2.0,"enemies":"Chosen and Byrds","floor":28.0,"turns":3.0},{"damage":0,"enemies":"Gremlin Leader","floor":31,"turns":5},{"damage":27,"enemies":"Automaton","floor":33,"turns":8},{"damage":5,"enemies":"3 Shapes","floor":35,"turns":3},{"damage":0,"enemies":"3 Darklings","floor":36,"turns":3},{"damage":7,"enemies":"Transient","floor":41,"turns":5},{"damage":0,"enemies":"Writhing Mass","floor":45,"turns":4},{"damage":21,"enemies":"Spire Growth","floor":48,"turns":4},{"damage":55,"enemies":"Time Eater","floor":50,"turns":13}],"seed_played":"-2746601383867357234","potions_obtained":[{"floor":3.0,"key":"SpeedPotion"},{"floor":11.0,"key":"Poison Potion"},{"floor":12.0,"key":"Poison Potion"},{"floor":18.0,"key":"Weak Potion"},{"floor":24.0,"key":"PowerPotion"},{"floor":31,"key":"FearPotion"},{"floor":36,"key":"Strength Potion"},{"floor":41,"key":"GamblersBrew"},{"floor":48,"key":"Energy Potion"}],"is_trial":false,"path_per_floor":["M","$","M","$","M","R","E","R","T","?","M","M","$","M","R","B",null,"M","?","?","M","M","R","E","R","T","E","M","R","$","E","R","B",null,"M","M","?","?","$","R","M","R","T","?","M","$","$","M","R","B"],"character_chosen":"DEFECT","items_purchased":["Conserve Battery"],"campfire_rested":2,"item_purchase_floors":[4],"current_hp_per_floor":[81,81,81,81,81,81,56,56,56,56,56,53,53,53,53,5,82,71,55,55,55,48,48,17,43,43,43,41,67,67,67,67,40,87,87,87,87,87,87,87,87,87,94,94,94,94,94,83,83,28],"gold":0,"neow_bonus":"TEN_PERCENT_HP_BONUS","is_prod":false,"is_daily":false,"chose_seed":false,"campfire_upgraded":8,"win_rate":0,"timestamp":1546641688,"path_taken":["M","$","M","$","M","R","E","R","T","?","?","M","?","M","R","BOSS","M","?","?","M","M","R","E","R","T","E","?","R","$","E","R","BOSS","M","M","?","?","$","R","M","R","T","?","M","?","$","M","R","BOSS"],"build_version":"2019-01-03v4","purchased_purges":1,"victory":false,"max_hp_per_floor":[82,82,82,82,82,82,82,82,82,82,82,82,82,82,82,82,82,82,87,87,87,87,87,87,87,87,87,87,87,87,87,87,87,87,87,87,87,87,87,87,87,87,94,94,94,94,94,94,94,94],"card_choices":[{"not_picked":["Barrage","Double Energy"],"picked":"Conserve Battery","floor":1.0},{"not_picked":["Streamline","Blizzard","Sweeping Beam"],"picked":"SKIP","floor":3.0},{"not_picked":["Storm","Gash","Barrage"],"picked":"SKIP","floor":5.0},{"not_picked":["Hyperbeam","Blizzard"],"picked":"Chill","floor":7.0},{"not_picked":["Steam","Go for the Eyes"],"picked":"Cold Snap","floor":11.0},{"not_picked":["Scrape","Aggregate","Compile Driver"],"picked":"SKIP","floor":12.0},{"not_picked":["Conserve Battery","Redo"],"picked":"Ball Lightning","floor":14.0},{"not_picked":["Conserve Battery","Sweeping Beam","Go for the Eyes"],"picked":"SKIP","floor":18.0},{"not_picked":["Leap","Tempest","Beam Cell"],"picked":"SKIP","floor":21.0},{"not_picked":["Self Repair","Cold Snap+1"],"picked":"Electrodynamics","floor":22.0},{"not_picked":["Beam Cell","Rip and Tear"],"picked":"Melter+1","floor":24.0},{"not_picked":["Gash+1","Hologram","White Noise"],"picked":"SKIP","floor":27.0},{"not_picked":["Coolheaded","Reprogram+1","Skim+1"],"picked":"SKIP","floor":28.0},{"not_picked":["Hologram","Redo","White Noise"],"picked":"SKIP","floor":31},{"not_picked":["Redo+1","Sweeping Beam+1"],"picked":"BootSequence+1","floor":35},{"not_picked":["Redo","Fusion"],"picked":"Hologram+1","floor":36},{"not_picked":["Sunder","Gash+1","Stack+1"],"picked":"SKIP","floor":41},{"not_picked":["Sweeping Beam","Rip and Tear","Steam"],"picked":"SKIP","floor":45},{"not_picked":["Stack","Sweeping Beam+1","Double Energy+1"],"picked":"SKIP","floor":48}],"player_experience":944208,"relics_obtained":[{"floor":7.0,"key":"War Paint"},{"floor":9.0,"key":"Oddly Smooth Stone"},{"floor":24.0,"key":"Pen Nib"},{"floor":26.0,"key":"Bag of Preparation"},{"floor":27.0,"key":"Darkstone Periapt"},{"floor":31,"key":"Pocketwatch"},{"floor":43,"key":"Strawberry"}],"event_choices":[{"cards_removed":["Defend_B"],"damage_healed":0.0,"max_hp_gain":0.0,"max_hp_loss":0.0,"gold_gain":0.0,"event_name":"Bonfire Elementals","player_choice":"Offered Basic","floor":10.0,"gold_loss":0.0,"damage_taken":0.0},{"damage_healed":0.0,"max_hp_gain":5.0,"max_hp_loss":0.0,"gold_gain":0.0,"event_name":"Forgotten Altar","player_choice":"Shed Blood","floor":19.0,"gold_loss":0.0,"damage_taken":21.0},{"damage_healed":0.0,"max_hp_gain":0.0,"max_hp_loss":0.0,"gold_gain":100.0,"event_name":"Golden Shrine","player_choice":"Pray","floor":20.0,"gold_loss":0.0,"damage_taken":0.0},{"damage_healed":0,"gold_gain":0,"player_choice":"Memory 1","damage_taken":0,"max_hp_gain":0,"max_hp_loss":0,"event_name":"SensoryStone","floor":37,"gold_loss":0},{"damage_healed":0,"gold_gain":0,"player_choice":"Paid","damage_taken":0,"relics_obtained":["Red Mask"],"max_hp_gain":0,"max_hp_loss":0,"event_name":"Tomb of Lord Red Mask","floor":38,"gold_loss":129},{"damage_healed":0,"gold_gain":0,"player_choice":"Ignored","damage_taken":0,"max_hp_gain":0,"max_hp_loss":0,"event_name":"Mysterious Sphere","floor":44,"gold_loss":0}],"is_beta":false,"boss_relics":[{"not_picked":["FrozenCore","Inserter"],"picked":"Ectoplasm"},{"not_picked":["Coffee Dripper","Cursed Key"],"picked":"Astrolabe"}],"items_purged_floors":[13],"is_endless":false,"potions_floor_spawned":[3,11,12,18,24,31,33,36,41,48],"killed_by":"Time Eater","ascension_level":0}