{"gold_per_floor":[116,116,116,137,137,137,152,152,152,168,187,223,223,244,244,367,367,390,364,489,408,408,446,446,481,481,396,417,437,536,22,22,150,150,165,165,17,142,165,165,186,186,186,186,211,211,236,259,259,259],"floor_reached":51,"playtime":1361,"items_purged":["Defend_B"],"score":735,"play_id":"d998f5f8-cf57-42a7-af0b-8f71bca48ec3","local_time":"20181202202243","is_ascension_mode":false,"campfire_choices":[{"data":"Dualcast","floor":6.0,"key":"SMITH"},{"data":"Zap","floor":8.0,"key":"SMITH"},{"data":"Go for the Eyes","floor":13.0,"key":"SMITH"},{"data":"Electrodynamics","floor":15.0,"key":"SMITH"},{"floor":24.0,"key":"REST"},{"data":"Rainbow","floor":32.0,"key":"SMITH"},{"data":"Capacitor","floor":40.0,"key":"SMITH"},{"data":"Buffer","floor":42.0,"key":"SMITH"},{"data":"Conserve Battery","floor":49,"key":"SMITH"}],"neow_cost":"NONE","seed_source_timestamp":0,"circlet_count":0,"master_deck":["Strike_B+1","Strike_B","Defend_B","Zap+1","Dualcast+1","Go for the Eyes+1","Ball Lightning+1","Steam","Electrodynamics+1","Rainbow+1","Conserve Battery+1","Hologram+1","Capacitor+1","Glacier+1","Melter+1","Chill","Force Field+1","Buffer+1","Darkness+1","Storm+1","Coolheaded+1","Barrage+1","Conserve Battery+1","Jack Of All Trades+1","Ball Lightning+1","Parasite"],"special_seed":0,"relics":["Cracked Core","Potion Belt","Golden Idol","Emotion Chip","Whetstone","Philosopher\u0027s Stone","StoneCalendar","Ornamental Fan","Mummified Hand","Matryoshka","PreservedInsect","Strawberry","Bottled Tornado","Boot","Lee\u0027s Waffle","Toxic Egg 2","Astrolabe","Thread and Needle","Cables","Pear","FaceOfCleric"],"potions_floor_usage":[50,50],"damage_taken":[{"damage":1.0,"enemies":"Jaw Worm","floor":1.0,"turns":5.0},{"damage":0.0,"enemies":"2 Louse","floor":4.0,"turns":1.0},{"damage":0.0,"enemies":"Small Slimes","floor":7.0,"turns":3.0},{"damage":4.0,"enemies":"3 Louse","floor":10.0,"turns":2.0},{"damage":5.0,"enemies":"Blue Slaver","floor":11.0,"turns":3.0},{"damage":18.0,"enemies":"Gremlin Nob","floor":12.0,"turns":4.0},{"damage":0.0,"enemies":"Looter","floor":14.0,"turns":2.0},{"damage":1.0,"enemies":"Slime Boss","floor":16.0,"turns":5.0},{"damage":0.0,"enemies":"Chosen","floor":18.0,"turns":4.0},{"damage":13.0,"enemies":"Colosseum Slavers","floor":20.0,"turns":2.0},{"damage":17.0,"enemies":"Colosseum Nobs","floor":20.0,"turns":3.0},{"damage":14.0,"enemies":"Book of Stabbing","floor":23.0,"turns":5.0},{"damage":24.0,"enemies":"Gremlin Leader","floor":25.0,"turns":7.0},{"damage":7.0,"enemies":"Shell Parasite","floor":28.0,"turns":4.0},{"damage":2.0,"enemies":"Centurion and Healer","floor":29.0,"turns":3.0},{"damage":50.0,"enemies":"Automaton","floor":33.0,"turns":10.0},{"damage":0.0,"enemies":"3 Shapes","floor":35.0,"turns":1.0},{"damage":0.0,"enemies":"Mind Bloom Boss Battle","floor":38.0,"turns":4.0},{"damage":0.0,"enemies":"Orb Walker","floor":39.0,"turns":3.0},{"damage":0.0,"enemies":"Jaw Worm Horde","floor":41.0,"turns":2.0},{"damage":0.0,"enemies":"4 Shapes","floor":45.0,"turns":2.0},{"damage":8.0,"enemies":"Maw","floor":47.0,"turns":7.0},{"damage":0,"enemies":"Writhing Mass","floor":48,"turns":5},{"damage":28,"enemies":"Awakened One","floor":50,"turns":8}],"seed_played":"-7994368847693429694","potions_obtained":[{"floor":4.0,"key":"Energy Potion"},{"floor":7.0,"key":"Weak Potion"},{"floor":14.0,"key":"Swift Potion"},{"floor":16.0,"key":"Weak Potion"},{"floor":20.0,"key":"Energy Potion"},{"floor":25.0,"key":"GamblersBrew"},{"floor":33.0,"key":"Energy Potion"},{"floor":45.0,"key":"Fire Potion"},{"floor":48,"key":"Energy Potion"}],"is_trial":false,"path_per_floor":["M","?","?","M","$","R","M","R","T","M","M","E","R","M","R","B",null,"M","$","?","$","T","E","R","E","T","?","M","M","?","$","R","B",null,"M","?","$","?","M","R","M","R","T","?","M","?","M","M","R","B",null],"character_chosen":"DEFECT","items_purchased":["Conserve Battery","Capacitor","Lee\u0027s Waffle","Toxic Egg 2","Force Field+1","FocusPotion"],"campfire_rested":1,"item_purchase_floors":[19,21,31,31,31,37],"current_hp_per_floor":[74,67,49,49,49,49,49,49,49,45,40,22,22,22,22,21,75,75,75,45,45,45,31,53,29,36,36,29,27,27,89,89,39,89,89,89,89,89,89,89,89,89,99,99,99,99,92,93,93,66],"gold":259,"neow_bonus":"RANDOM_COMMON_RELIC","is_prod":false,"is_daily":false,"chose_seed":false,"campfire_upgraded":8,"win_rate":0,"timestamp":1543782163,"path_taken":["M","?","?","M","$","R","M","R","T","M","M","E","R","M","R","BOSS","M","$","?","?","?","E","R","E","T","?","M","M","?","$","R","BOSS","M","?","$","?","M","R","M","R","T","?","M","?","M","?","R","BOSS"],"build_version":"2018-11-15","purchased_purges":1,"victory":true,"max_hp_per_floor":[75,75,75,75,75,75,75,75,75,75,75,75,75,75,75,75,75,75,75,75,75,75,75,75,75,82,82,82,82,82,89,89,89,89,89,89,89,89,89,89,89,89,99,99,99,99,100,101,101,102],"card_choices":[{"not_picked":["Gash","Redo"],"picked":"Go for the Eyes","floor":1.0},{"not_picked":["Loop","Stack","Reinforced Body"],"picked":"SKIP","floor":4.0},{"not_picked":["Gash","Rebound"],"picked":"Ball Lightning","floor":7.0},{"not_picked":["Self Repair","Stack"],"picked":"Steam","floor":10.0},{"not_picked":["Heatsinks","Force Field","Skim"],"picked":"SKIP","floor":11.0},{"not_picked":["Steam","Leap","Gash"],"picked":"SKIP","floor":12.0},{"not_picked":["Conserve Battery","Reinforced Body"],"picked":"Electrodynamics","floor":14.0},{"not_picked":["All For One","Meteor Strike"],"picked":"Rainbow","floor":16.0},{"not_picked":["Aggregate","Rip and Tear","White Noise"],"picked":"SKIP","floor":18.0},{"not_picked":["Turbo+1","Leap"],"picked":"Hologram+1","floor":20.0},{"not_picked":["Beam Cell","Compile Driver"],"picked":"Glacier+1","floor":23.0},{"not_picked":["Lockon","White Noise"],"picked":"Melter+1","floor":25.0},{"not_picked":["Go for the Eyes","Reprogram+1","Sunder"],"picked":"SKIP","floor":28.0},{"not_picked":["FTL","Loop"],"picked":"Chill","floor":29.0},{"not_picked":["Hyperbeam","Biased Cognition"],"picked":"Buffer","floor":33.0},{"not_picked":["Streamline+1","Redo+1","Force Field+1"],"picked":"SKIP","floor":35.0},{"not_picked":["Sunder+1","Stack+1"],"picked":"Barrage+1","floor":38.0},{"not_picked":["Reprogram+1","Go for the Eyes+1","Steam+1"],"picked":"SKIP","floor":39.0},{"not_picked":["Cold Snap","Fission+1"],"picked":"Conserve Battery+1","floor":41.0},{"not_picked":["Purity+1","HandOfGreed"],"picked":"Jack Of All Trades+1","floor":44.0},{"not_picked":["Sweeping Beam+1","Gash"],"picked":"Ball Lightning+1","floor":45.0},{"not_picked":["Barrage","Heatsinks+1","Self Repair"],"picked":"SKIP","floor":47.0},{"not_picked":["Scrape","Redo+1","Skim+1"],"picked":"SKIP","floor":48}],"player_experience":846126,"relics_obtained":[{"floor":9.0,"key":"Emotion Chip"},{"floor":12.0,"key":"Whetstone"},{"floor":20.0,"key":"StoneCalendar"},{"floor":20.0,"key":"Ornamental Fan"},{"floor":22.0,"key":"Mummified Hand"},{"floor":23.0,"key":"Matryoshka"},{"floor":25.0,"key":"PreservedInsect"},{"floor":26.0,"key":"Strawberry"},{"floor":26.0,"key":"Bottled Tornado"},{"floor":38.0,"key":"Thread and Needle"},{"floor":43.0,"key":"Cables"},{"floor":43.0,"key":"Pear"}],"event_choices":[{"cards_removed":["Defend_B"],"damage_healed":0.0,"max_hp_gain":0.0,"max_hp_loss":0.0,"gold_gain":0.0,"event_name":"Golden Wing","player_choice":"Card Removal","floor":2.0,"gold_loss":0.0,"damage_taken":7.0},{"damage_healed":0.0,"max_hp_gain":0.0,"max_hp_loss":0.0,"gold_gain":0.0,"event_name":"Golden Idol","player_choice":"Take Damage","floor":3.0,"gold_loss":0.0,"damage_taken":18.0,"relics_obtained":["Golden Idol"]},{"damage_healed":0.0,"max_hp_gain":0.0,"max_hp_loss":0.0,"gold_gain":0.0,"event_name":"Colosseum","player_choice":"Fight","floor":20.0,"gold_loss":0.0,"damage_taken":0.0},{"damage_healed":0.0,"max_hp_gain":0.0,"max_hp_loss":0.0,"gold_gain":0.0,"event_name":"Colosseum","player_choice":"Fought Nobs","floor":20.0,"gold_loss":0.0,"damage_taken":0.0},{"damage_healed":0.0,"max_hp_gain":0.0,"max_hp_loss":0.0,"gold_gain":0.0,"event_name":"Addict","player_choice":"Obtained Relic","floor":27.0,"gold_loss":85.0,"damage_taken":0.0,"relics_obtained":["Boot"]},{"damage_healed":0.0,"max_hp_gain":0.0,"max_hp_loss":0.0,"gold_gain":99.0,"event_name":"Nest","player_choice":"Stole From Cult","floor":30.0,"gold_loss":0.0,"damage_taken":0.0},{"damage_healed":0.0,"max_hp_gain":0.0,"max_hp_loss":0.0,"gold_gain":0.0,"event_name":"Mysterious Sphere","player_choice":"Ignored","floor":36.0,"gold_loss":0.0,"damage_taken":0.0},{"damage_healed":0.0,"max_hp_gain":0.0,"max_hp_loss":0.0,"gold_gain":0.0,"event_name":"MindBloom","player_choice":"Fight","floor":38.0,"gold_loss":0.0,"damage_taken":0.0},{"damage_healed":0.0,"max_hp_gain":0.0,"max_hp_loss":0.0,"gold_gain":0.0,"event_name":"SensoryStone","player_choice":"Memory 1","floor":44.0,"gold_loss":0.0,"damage_taken":0.0},{"damage_healed":0.0,"max_hp_gain":0.0,"max_hp_loss":0.0,"gold_gain":0.0,"event_name":"FaceTrader","player_choice":"Trade","floor":46.0,"gold_loss":0.0,"damage_taken":0.0,"relics_obtained":["FaceOfCleric"]}],"is_beta":false,"boss_relics":[{"not_picked":["Tiny House","Calling Bell"],"picked":"Philosopher\u0027s Stone"},{"not_picked":["Runic Dome","Orrery"],"picked":"Astrolabe"}],"items_purged_floors":[37],"is_endless":false,"potions_floor_spawned":[4,7,14,16,20,25,33,39,45,48],"ascension_level":0}