{"gold_per_floor":[111,129,304,36,36,36,61,61,61,61,81,96,96,116,116,212,212,227,137,151,163,78,78,94,94,163,163,20,33,50,50],"floor_reached":31,"playtime":604,"items_purged":["Doubt","Strike_B"],"score":262,"play_id":"3488a89f-7258-4fc5-a3e1-f16b8a70a24e","local_time":"20190202002406","is_ascension_mode":false,"campfire_choices":[{"data":"Panache","floor":6,"key":"SMITH"},{"data":"Dualcast","floor":8,"key":"SMITH"},{"data":"Lockon","floor":10,"key":"SMITH"},{"data":"Defragment","floor":13,"key":"SMITH"},{"data":"Ball Lightning","floor":15,"key":"SMITH"},{"floor":23,"key":"DIG"},{"floor":25,"key":"DIG"}],"neow_cost":"NONE","seed_source_timestamp":25727473200617,"circlet_count":0,"master_deck":["Strike_B+1","Strike_B","Defend_B","Defend_B","Defend_B","Defend_B","Zap+1","Dualcast+1","Sweeping Beam","Conserve Battery","Panache+1","Lockon+1","Defragment+1","Ball Lightning+1","Rainbow","Hologram","Cold Snap","Ball Lightning+1","Fusion+1","Melter","Conserve Battery","Meteor Strike","Cold Snap+1"],"relics":["Cracked Core","NeowsBlessing","Pen Nib","Smiling Mask","Fusion Hammer","Shovel","Matryoshka","Darkstone Periapt","Juzu Bracelet","Kunai"],"potions_floor_usage":[16,16,16],"damage_taken":[{"damage":0,"enemies":"Small Slimes","floor":1,"turns":1},{"damage":0,"enemies":"Cultist","floor":2,"turns":1},{"damage":0,"enemies":"Lagavulin","floor":7,"turns":1},{"damage":0,"enemies":"2 Louse","floor":11,"turns":2},{"damage":18,"enemies":"Gremlin Gang","floor":12,"turns":3},{"damage":0,"enemies":"Large Slime","floor":14,"turns":2},{"damage":23,"enemies":"Hexaghost","floor":16,"turns":7},{"damage":30,"enemies":"2 Thieves","floor":18,"turns":4},{"damage":16,"enemies":"3 Byrds","floor":20,"turns":3},{"damage":18,"enemies":"Snake Plant","floor":21,"turns":4},{"damage":4,"enemies":"Snecko","floor":24,"turns":4},{"damage":0,"enemies":"3 Cultists","floor":29,"turns":4},{"damage":1,"enemies":"Cultist and Chosen","floor":30,"turns":4},{"damage":9,"enemies":"Snake Plant","floor":31,"turns":2}],"seed_played":"-1379533391672061482","potions_obtained":[{"floor":1,"key":"Strength Potion"},{"floor":11,"key":"LiquidBronze"},{"floor":12,"key":"PowerPotion"},{"floor":16,"key":"GamblersBrew"},{"floor":20,"key":"FocusPotion"},{"floor":29,"key":"Fire Potion"}],"is_trial":false,"path_per_floor":["M","M","?","$","?","R","E","R","T","R","M","M","R","M","R","B",null,"M","?","M","M","?","R","M","R","T","?","$","M","M","M"],"character_chosen":"DEFECT","items_purchased":["Panache","Melter","Conserve Battery"],"campfire_rested":0,"item_purchase_floors":[4,28,28],"current_hp_per_floor":[75,75,75,75,75,75,75,75,75,75,75,57,57,57,57,34,75,45,45,29,11,11,11,7,7,7,7,7,7,6,0],"gold":50,"neow_bonus":"THREE_ENEMY_KILL","is_prod":false,"is_daily":false,"chose_seed":false,"campfire_upgraded":5,"win_rate":0,"timestamp":1549038246,"path_taken":["M","M","?","$","?","R","E","R","T","R","M","?","R","M","R","BOSS","M","?","?","M","?","R","M","R","T","?","$","M","M","M"],"build_version":"2019-01-23","purchased_purges":2,"victory":false,"max_hp_per_floor":[75,75,75,75,75,75,75,75,75,75,75,75,75,75,75,75,75,75,75,75,75,75,75,75,75,75,75,75,75,75,75],"card_choices":[{"not_picked":["Consume","Go for the Eyes"],"picked":"Sweeping Beam","floor":1},{"not_picked":["Hologram","Compile Driver"],"picked":"Conserve Battery","floor":2},{"not_picked":["Scrape","Stack"],"picked":"Lockon","floor":7},{"not_picked":["BootSequence","Chill"],"picked":"Defragment","floor":11},{"not_picked":["Hologram","Fission"],"picked":"Ball Lightning","floor":12},{"not_picked":["Sweeping Beam","Barrage","Stack"],"picked":"SKIP","floor":14},{"not_picked":["Hyperbeam","Amplify"],"picked":"Rainbow","floor":16},{"not_picked":["Rebound","Go for the Eyes"],"picked":"Hologram","floor":18},{"not_picked":["Steam","Redo"],"picked":"Cold Snap","floor":20},{"not_picked":["Recycle","Lockon+1"],"picked":"Ball Lightning+1","floor":21},{"not_picked":["Genetic Algorithm","Lockon"],"picked":"Fusion+1","floor":24},{"not_picked":["Hello World","Undo"],"picked":"Meteor Strike","floor":29},{"not_picked":["Turbo","Genetic Algorithm"],"picked":"Cold Snap+1","floor":30}],"player_experience":166501,"relics_obtained":[{"floor":7,"key":"Pen Nib"},{"floor":9,"key":"Smiling Mask"},{"floor":23,"key":"Matryoshka"},{"floor":25,"key":"Darkstone Periapt"},{"floor":26,"key":"Juzu Bracelet"},{"floor":26,"key":"Kunai"}],"event_choices":[{"damage_healed":0,"gold_gain":175,"player_choice":"AGREE","damage_taken":0,"max_hp_gain":0,"max_hp_loss":0,"event_name":"Liars Game","floor":3,"gold_loss":0,"cards_obtained":["Doubt"]},{"damage_healed":0,"gold_gain":0,"player_choice":"Forge","damage_taken":0,"max_hp_gain":0,"max_hp_loss":0,"event_name":"Accursed Blacksmith","floor":5,"gold_loss":0,"cards_upgraded":["Zap"]},{"cards_removed":["Strike_B"],"damage_healed":0,"gold_gain":0,"player_choice":"Upgrade and Remove","damage_taken":0,"max_hp_gain":0,"max_hp_loss":0,"event_name":"Designer","floor":19,"gold_loss":90,"cards_upgraded":["Strike_B"]},{"damage_healed":0,"gold_gain":0,"player_choice":"Obtained Relic","damage_taken":0,"relics_obtained":["Shovel"],"max_hp_gain":0,"max_hp_loss":0,"event_name":"Addict","floor":22,"gold_loss":85},{"damage_healed":0,"gold_gain":0,"player_choice":"Ignored","damage_taken":0,"max_hp_gain":0,"max_hp_loss":0,"event_name":"Vampires","floor":27,"gold_loss":0}],"is_beta":false,"boss_relics":[{"not_picked":["Eternal Feather","Empty Cage"],"picked":"Fusion Hammer"}],"items_purged_floors":[4,28],"is_endless":false,"potions_floor_spawned":[1,11,12,16,20,29],"killed_by":"Snake Plant","ascension_level":0}