{"gold_per_floor":[116,116,116,191,191,224,224,237,237,251,251,280,13,24,24,120,120,138,138,138,38,54,54,82,82,109,109,109,141,66,94,94,94],"floor_reached":33,"playtime":725,"items_purged":["Strike_R","Strike_R"],"score":476,"play_id":"a2fa922b-e855-41ee-9715-c4f4c0cf9fd6","local_time":"20190210053932","is_ascension_mode":true,"campfire_choices":[{"data":"Inflame","floor":7.0,"key":"SMITH"},{"data":"Sword Boomerang","floor":11.0,"key":"SMITH"},{"data":"Pummel","floor":15.0,"key":"SMITH"},{"floor":23.0,"key":"REST"},{"floor":28.0,"key":"REST"},{"data":"Limit Break","floor":32.0,"key":"SMITH"}],"neow_cost":"TEN_PERCENT_HP_LOSS","seed_source_timestamp":53602669273500,"circlet_count":0,"master_deck":["AscendersBane","Strike_R","Strike_R","Defend_R+1","Defend_R","Defend_R+1","Defend_R","Bash+1","Bludgeon+1","Inflame+1","Sword Boomerang+1","Ghostly Armor","Pummel+1","Limit Break+1","Body Slam+1","Shrug It Off"],"special_seed":0,"relics":["Burning Blood","War Paint","Matryoshka","Sundial","Pear","Bag of Preparation","Boot","Mark of Pain","Nilry\u0027s Codex","Juzu Bracelet","Strawberry","Bottled Lightning","Bronze Scales","Potion Belt","Du-Vu Doll"],"potions_floor_usage":[33],"damage_taken":[{"damage":0.0,"enemies":"Cultist","floor":1.0,"turns":4.0},{"damage":16.0,"enemies":"Gremlin Nob","floor":6.0,"turns":3.0},{"damage":7.0,"enemies":"2 Louse","floor":8.0,"turns":4.0},{"damage":12.0,"enemies":"Small Slimes","floor":10.0,"turns":3.0},{"damage":21.0,"enemies":"3 Sentries","floor":12.0,"turns":6.0},{"damage":4.0,"enemies":"Red Slaver","floor":14.0,"turns":2.0},{"damage":25.0,"enemies":"Hexaghost","floor":16.0,"turns":9.0},{"damage":19.0,"enemies":"2 Thieves","floor":18.0,"turns":4.0},{"damage":12.0,"enemies":"Chosen","floor":22.0,"turns":3.0},{"damage":17.0,"enemies":"Book of Stabbing","floor":24.0,"turns":3.0},{"damage":20.0,"enemies":"Slavers","floor":29.0,"turns":5.0},{"damage":7.0,"enemies":"Gremlin Leader","floor":31.0,"turns":4.0},{"damage":56,"enemies":"Collector","floor":33,"turns":5}],"seed_played":"-79941768751549346","potions_obtained":[{"floor":10.0,"key":"EssenceOfSteel"},{"floor":16.0,"key":"SteroidPotion"},{"floor":22.0,"key":"SpeedPotion"},{"floor":24.0,"key":"Fire Potion"}],"is_trial":false,"path_per_floor":["M","?","?","?","?","E","R","M","T","M","R","E","$","M","R","B",null,"M","?","?","$","M","R","E","T","T","$","R","E","?","E","R","B"],"character_chosen":"IRONCLAD","items_purchased":["Pummel","Boot"],"campfire_rested":2,"item_purchase_floors":[13,13],"current_hp_per_floor":[72,65,65,54,54,44,44,43,53,47,47,32,32,34,34,15,65,52,36,20,20,14,40,29,36,36,36,64,50,50,49,49,0],"gold":94,"neow_bonus":"THREE_RARE_CARDS","is_prod":false,"is_daily":false,"chose_seed":false,"campfire_upgraded":4,"win_rate":0,"timestamp":1549769972,"path_taken":["M","?","?","?","?","E","R","M","T","?","R","E","?","M","R","BOSS","M","?","?","$","M","R","E","?","T","$","R","E","?","E","R","BOSS"],"build_version":"2019-01-23","purchased_purges":2,"victory":false,"max_hp_per_floor":[72,72,72,72,72,72,72,72,82,82,82,82,82,82,82,82,82,82,82,87,87,87,87,87,94,94,94,94,94,94,94,94,94],"card_choices":[{"not_picked":["Double Tap","Fiend Fire"],"picked":"Bludgeon","floor":0.0},{"not_picked":["Shrug It Off","True Grit","Anger"],"picked":"SKIP","floor":1.0},{"not_picked":["Reckless Charge","Reaper"],"picked":"Inflame","floor":6.0},{"not_picked":["Anger","Perfected Strike"],"picked":"Sword Boomerang","floor":8.0},{"not_picked":["Evolve","Havoc","Thunderclap"],"picked":"SKIP","floor":10.0},{"not_picked":["Headbutt","Hemokinesis"],"picked":"Ghostly Armor","floor":12.0},{"not_picked":["Clash","Burning Pact","Iron Wave"],"picked":"SKIP","floor":14.0},{"not_picked":["Fiend Fire","Reaper"],"picked":"Limit Break","floor":16.0},{"not_picked":["Sentinel","Perfected Strike+1","Clothesline"],"picked":"SKIP","floor":18.0},{"not_picked":["Heavy Blade","Headbutt"],"picked":"Body Slam+1","floor":22.0},{"not_picked":["Anger","Rupture+1"],"picked":"Shrug It Off","floor":24.0},{"not_picked":["Power Through","Armaments+1","Juggernaut"],"picked":"SKIP","floor":29.0},{"not_picked":["Burning Pact","Clash+1","Thunderclap"],"picked":"SKIP","floor":31.0}],"player_experience":691836,"relics_obtained":[{"floor":6.0,"key":"Matryoshka"},{"floor":9.0,"key":"Sundial"},{"floor":9.0,"key":"Pear"},{"floor":12.0,"key":"Bag of Preparation"},{"floor":19.0,"key":"Nilry\u0027s Codex"},{"floor":24.0,"key":"Juzu Bracelet"},{"floor":25.0,"key":"Strawberry"},{"floor":25.0,"key":"Bottled Lightning"},{"floor":26.0,"key":"Bronze Scales"},{"floor":29.0,"key":"Potion Belt"},{"floor":31.0,"key":"Du-Vu Doll"}],"event_choices":[{"damage_healed":0.0,"max_hp_gain":0.0,"max_hp_loss":0.0,"gold_gain":0.0,"event_name":"Scrap Ooze","player_choice":"Success","floor":2.0,"gold_loss":0.0,"damage_taken":7.0,"relics_obtained":["War Paint"]},{"damage_healed":0.0,"max_hp_gain":0.0,"max_hp_loss":0.0,"gold_gain":0.0,"event_name":"Living Wall","player_choice":"Grow","floor":3.0,"gold_loss":0.0,"damage_taken":0.0,"cards_upgraded":["Bludgeon"]},{"damage_healed":0.0,"max_hp_gain":0.0,"max_hp_loss":0.0,"gold_gain":75.0,"event_name":"World of Goop","player_choice":"Gather Gold","floor":4.0,"gold_loss":0.0,"damage_taken":11.0},{"damage_healed":0.0,"max_hp_gain":0.0,"max_hp_loss":0.0,"gold_gain":0.0,"event_name":"Upgrade Shrine","player_choice":"Upgraded","floor":5.0,"gold_loss":0.0,"damage_taken":0.0,"cards_upgraded":["Bash"]},{"damage_healed":0.0,"max_hp_gain":0.0,"max_hp_loss":0.0,"gold_gain":0.0,"event_name":"Cursed Tome","player_choice":"Obtained Book","floor":19.0,"gold_loss":0.0,"damage_taken":16.0},{"damage_healed":0.0,"max_hp_gain":5.0,"max_hp_loss":0.0,"gold_gain":0.0,"event_name":"Forgotten Altar","player_choice":"Shed Blood","floor":20.0,"gold_loss":0.0,"damage_taken":21.0},{"cards_removed":["Strike_R"],"damage_healed":0.0,"max_hp_gain":0.0,"max_hp_loss":0.0,"gold_gain":0.0,"event_name":"Beggar","player_choice":"Gave Gold","floor":30.0,"gold_loss":75.0,"damage_taken":0.0}],"is_beta":false,"boss_relics":[{"not_picked":["Empty Cage","Tiny House"],"picked":"Mark of Pain"}],"items_purged_floors":[13,21],"is_endless":false,"potions_floor_spawned":[10,16,22,24],"killed_by":"Collector","ascension_level":11}