{"gold_per_floor":[117,42,53,72,85,85,85,98,98,98,126,126,126,47,47,147,147,161,177,193,49,49,49,49,69,69,69,69,69,97,107,107,210,210,230,243,51,69,84,84],"floor_reached":40,"playtime":3066,"items_purged":["Strike_B"],"score":469,"play_id":"cf7c3a78-7ae3-4264-8541-b2a5bead44d9","local_time":"20180708140359","is_ascension_mode":true,"campfire_choices":[{"floor":6,"key":"REST"},{"floor":10,"key":"REST"},{"data":"Self Repair","floor":12,"key":"SMITH"},{"floor":15,"key":"REST"},{"floor":23,"key":"REST"},{"data":"Static Discharge","floor":27,"key":"SMITH"},{"floor":32,"key":"REST"}],"neow_cost":"NONE","seed_source_timestamp":12531226316126,"circlet_count":0,"master_deck":["Zap","Dualcast","Reboot","Hologram","Machine Learning","Ball Lightning","Self Repair+1","Steam","Static Discharge+1","Sweeping Beam","Ball Lightning","Redo","Beam Cell","Barrage","Chill","Chill","Hologram+1","Force Field","Machine Learning","Leap","Echo Form","Doubt","Hologram+1","Double Energy+1","Conserve Battery"],"relics":["Cracked Core","Letter Opener","Art of War","Emotion Chip","Pandora\u0027s Box","Omamori","Nilry\u0027s Codex","Turnip","FaceOfCleric","Ancient Tea Set","Calling Bell","Lantern","Mercury Hourglass","Du-Vu Doll","ClockworkSouvenir"],"potions_floor_usage":[16,16,20,30,39,40,40],"damage_taken":[{"damage":8,"enemies":"Jaw Worm","floor":1,"turns":4},{"damage":8,"enemies":"2 Louse","floor":3,"turns":3},{"damage":6,"enemies":"Cultist","floor":4,"turns":4},{"damage":24,"enemies":"Exordium Thugs","floor":5,"turns":5},{"damage":0,"enemies":"2 Fungi Beasts","floor":8,"turns":2},{"damage":28,"enemies":"3 Sentries","floor":11,"turns":5},{"damage":19,"enemies":"The Guardian","floor":16,"turns":7},{"damage":6,"enemies":"Spheric Guardian","floor":18,"turns":4},{"damage":7,"enemies":"3 Byrds","floor":19,"turns":4},{"damage":14,"enemies":"Centurion and Healer","floor":20,"turns":5},{"damage":8,"enemies":"3 Cultists","floor":25,"turns":4},{"damage":30,"enemies":"Book of Stabbing","floor":30,"turns":4},{"damage":35,"enemies":"Sentry and Sphere","floor":31,"turns":6},{"damage":53,"enemies":"Champ","floor":33,"turns":10},{"damage":15,"enemies":"3 Shapes","floor":35,"turns":3},{"damage":18,"enemies":"Orb Walker","floor":36,"turns":4},{"damage":30,"enemies":"3 Darklings","floor":38,"turns":6},{"damage":16,"enemies":"Maw","floor":39,"turns":7},{"damage":79,"enemies":"Giant Head","floor":40,"turns":9}],"seed_played":"7432154416458918965","potions_obtained":[{"floor":3,"key":"FairyPotion"},{"floor":5,"key":"FocusPotion"},{"floor":11,"key":"AttackPotion"},{"floor":18,"key":"FocusPotion"},{"floor":19,"key":"Explosive Potion"},{"floor":33,"key":"Ancient Potion"},{"floor":38,"key":"AttackPotion"},{"floor":39,"key":"SkillPotion"}],"is_trial":false,"path_per_floor":["M","$","M","M","M","R","$","M","T","R","E","R","?","$","R","B",null,"M","M","M","$","?","R","?","M","T","R","?","?","E","M","R","B",null,"M","M","$","M","M"],"character_chosen":"DEFECT","items_purchased":["Static Discharge","Omamori","ClockworkSouvenir"],"campfire_rested":5,"item_purchase_floors":[14,21,37],"current_hp_per_floor":[67,67,59,53,29,51,51,51,51,73,52,52,49,49,71,52,75,75,75,71,71,55,75,75,75,75,75,75,75,56,32,55,20,78,74,77,77,58,53,0],"gold":84,"neow_bonus":"ONE_RANDOM_RARE_CARD","is_prod":false,"is_daily":false,"chose_seed":false,"campfire_upgraded":2,"win_rate":0,"timestamp":1531073039,"path_taken":["M","$","M","M","M","R","$","M","T","R","E","R","?","$","R","BOSS","M","M","M","$","?","R","?","?","T","R","?","?","E","?","R","BOSS","M","M","$","M","M","E"],"build_version":"2018-07-05","purchased_purges":1,"victory":false,"max_hp_per_floor":[75,75,75,75,75,75,75,75,75,75,75,75,75,75,75,75,75,75,75,75,75,75,75,75,75,75,75,75,75,76,77,77,78,78,79,80,80,81,82,82],"card_choices":[{"not_picked":["Compile Driver","Coolheaded"],"picked":"Hologram","floor":1},{"not_picked":["Beam Cell","Compile Driver"],"picked":"Machine Learning","floor":3},{"not_picked":["Double Energy","Stack","Beam Cell"],"picked":"SKIP","floor":4},{"not_picked":["Redo","Barrage"],"picked":"Ball Lightning","floor":5},{"not_picked":["Rebound","Sweeping Beam"],"picked":"Self Repair","floor":8},{"not_picked":["Scrape","Sweeping Beam"],"picked":"Steam","floor":11},{"not_picked":["All For One","Hyperbeam"],"picked":"Core Surge","floor":16},{"not_picked":["Compile Driver","Undo"],"picked":"Hologram+1","floor":18},{"not_picked":["Melter","Blizzard","Stack"],"picked":"SKIP","floor":19},{"not_picked":["Redo+1","Sweeping Beam"],"picked":"Force Field","floor":20},{"not_picked":["FTL+1","Steam+1"],"picked":"Leap","floor":25},{"not_picked":["Undo","Steam","Redo+1"],"picked":"SKIP","floor":30},{"not_picked":["Leap","Stack","Hologram"],"picked":"SKIP","floor":31},{"not_picked":["Fission","Meteor Strike"],"picked":"Echo Form","floor":33},{"not_picked":["Beam Cell+1","Redo","Cold Snap"],"picked":"SKIP","floor":35},{"not_picked":["Stack","Darkness+1"],"picked":"Hologram+1","floor":36},{"not_picked":["Doom and Gloom+1","Leap"],"picked":"Double Energy+1","floor":38},{"not_picked":["Blizzard","Hologram"],"picked":"Conserve Battery","floor":39}],"player_experience":302491,"relics_obtained":[{"floor":9,"key":"Letter Opener"},{"floor":11,"key":"Art of War"},{"floor":22,"key":"Nilry\u0027s Codex"},{"floor":26,"key":"Turnip"},{"floor":30,"key":"Ancient Tea Set"},{"floor":34,"key":"Lantern"},{"floor":34,"key":"Mercury Hourglass"},{"floor":34,"key":"Du-Vu Doll"}],"event_choices":[{"event_name":"Scrap Ooze","player_choice":"success","floor":13,"damage_taken":3},{"event_name":"Cursed Tome","player_choice":"Obtained Book","floor":22,"damage_taken":0},{"event_name":"Transmorgrifier","player_choice":"Transform","floor":24,"damage_taken":0},{"event_name":"FaceTrader","player_choice":"Trade","floor":28,"damage_taken":0},{"event_name":"Addict","player_choice":"Ignored","floor":29,"damage_taken":0}],"boss_relics":[{"not_picked":["Empty Cage","Orrery"],"picked":"Pandora\u0027s Box"},{"not_picked":["White Beast Statue","Philosopher\u0027s Stone"],"picked":"Calling Bell"}],"items_purged_floors":[2],"is_endless":false,"potions_floor_spawned":[3,5,11,18,19,33,38,39],"killed_by":"Giant Head","ascension_level":3}