{"gold_per_floor":[114,114,125,135,147,147,177,177,177,204,204,214,61,95,95,200,200,220,231,306,317,330,330,330,330,330,330,54,81,41,41,41,144,144,159,91,91,106,106,134,147,147,147,163,263,283,150,150,150,150],"floor_reached":51,"playtime":4047,"items_purged":["Strike_G","Infinite Blades"],"score":738,"play_id":"6257a5df-a69d-41f1-96cd-49b8711e18fe","local_time":"20190206183017","is_ascension_mode":false,"campfire_choices":[{"data":"Neutralize","floor":6,"key":"SMITH"},{"floor":8,"key":"REST"},{"floor":11,"key":"REST"},{"data":"Noxious Fumes","floor":15,"key":"SMITH"},{"data":"Catalyst","floor":23,"key":"SMITH"},{"data":"Deadly Poison","floor":25,"key":"SMITH"},{"data":"Night Terror","floor":27,"key":"SMITH"},{"floor":32,"key":"REST"},{"data":"Crippling Poison","floor":42,"key":"SMITH"},{"floor":49,"key":"REST"}],"neow_cost":"NONE","seed_source_timestamp":256854473452322,"circlet_count":0,"master_deck":["Defend_G+1","Defend_G+1","Defend_G+1","Defend_G+1","Defend_G+1","Strike_G+1","Strike_G+1","Strike_G+1","Strike_G+1","Survivor+1","Neutralize+1","Backflip+1","Blur","Deadly Poison+1","Leg Sweep","Dodge and Roll","Noxious Fumes+1","Night Terror+1","Catalyst+1","Deadly Poison+1","Deflect","Bouncing Flask","Bane+1","Burst","Backflip","Bullet Time","Crippling Poison+1","Prepared+1","Deflect+1","Footwork","Writhe","Outmaneuver+1","Well Laid Plans+1","Dodge and Roll+1","Malaise","Calculated Gamble"],"relics":["Ring of the Snake","NeowsBlessing","Matryoshka","Letter Opener","Calipers","Regal Pillow","Snake Skull","Velvet Choker","MutagenicStrength","Juzu Bracelet","Darkstone Periapt","Oddly Smooth Stone","Mercury Hourglass","Orrery","Bottled Lightning","Whetstone","Ginger"],"potions_floor_usage":[7,16,16,16,29,40,50,50],"damage_taken":[{"damage":0,"enemies":"Small Slimes","floor":1,"turns":1},{"damage":0,"enemies":"Cultist","floor":3,"turns":1},{"damage":0,"enemies":"2 Louse","floor":4,"turns":1},{"damage":18,"enemies":"Lots of Slimes","floor":5,"turns":11},{"damage":40,"enemies":"Gremlin Nob","floor":7,"turns":8},{"damage":19,"enemies":"3 Sentries","floor":10,"turns":15},{"damage":0,"enemies":"3 Louse","floor":12,"turns":4},{"damage":0,"enemies":"Lagavulin","floor":14,"turns":8},{"damage":19,"enemies":"Slime Boss","floor":16,"turns":10},{"damage":0,"enemies":"Spheric Guardian","floor":18,"turns":5},{"damage":10,"enemies":"Shell Parasite","floor":19,"turns":7},{"damage":10,"enemies":"Chosen and Byrds","floor":21,"turns":5},{"damage":12,"enemies":"Centurion and Healer","floor":22,"turns":6},{"damage":26,"enemies":"Gremlin Leader","floor":29,"turns":5},{"damage":18,"enemies":"Collector","floor":33,"turns":6},{"damage":6,"enemies":"3 Darklings","floor":35,"turns":3},{"damage":0,"enemies":"3 Shapes","floor":38,"turns":6},{"damage":34,"enemies":"Giant Head","floor":40,"turns":8},{"damage":3,"enemies":"Maw","floor":41,"turns":6},{"damage":0,"enemies":"Sphere and 2 Shapes","floor":44,"turns":5},{"damage":0,"enemies":"Mind Bloom Boss Battle","floor":45,"turns":4},{"damage":0,"enemies":"4 Shapes","floor":46,"turns":4},{"damage":41,"enemies":"Awakened One","floor":50,"turns":13}],"seed_played":"-2606083527946483860","potions_obtained":[{"floor":2,"key":"GhostInAJar"},{"floor":2,"key":"SneckoOil"},{"floor":2,"key":"Weak Potion"},{"floor":3,"key":"GamblersBrew"},{"floor":10,"key":"Dexterity Potion"},{"floor":12,"key":"Fire Potion"},{"floor":14,"key":"Swift Potion"},{"floor":22,"key":"Regen Potion"},{"floor":33,"key":"LiquidBronze"},{"floor":38,"key":"GhostInAJar"},{"floor":41,"key":"SteroidPotion"},{"floor":45,"key":"Explosive Potion"}],"is_trial":false,"path_per_floor":["M","?","M","M","M","R","E","R","T","E","R","M","$","E","R","B",null,"M","M","?","M","M","R","?","R","T","R","$","E","?","?","R","B",null,"M","$","?","M","?","E","M","R","T","M","?","M","$","?","R","B",null],"character_chosen":"THE_SILENT","items_purchased":["Noxious Fumes","Deflect","Bouncing Flask","Oddly Smooth Stone","Footwork","Calculated Gamble"],"campfire_rested":4,"item_purchase_floors":[13,28,28,28,36,47],"current_hp_per_floor":[70,70,70,70,52,52,12,33,33,14,50,50,50,50,50,31,70,70,60,53,43,31,31,31,31,31,31,31,19,19,19,55,37,70,64,64,76,76,76,42,39,39,39,39,39,39,39,39,76,35],"gold":150,"neow_bonus":"THREE_ENEMY_KILL","is_prod":false,"is_daily":false,"chose_seed":false,"campfire_upgraded":6,"win_rate":0,"timestamp":1549474217,"path_taken":["M","?","M","M","M","R","E","R","T","E","R","M","$","E","R","BOSS","M","M","?","?","M","R","?","R","T","R","$","E","?","?","R","BOSS","M","$","?","M","?","E","M","R","T","M","?","M","$","?","R","BOSS"],"build_version":"2019-01-23","purchased_purges":2,"victory":true,"max_hp_per_floor":[70,70,70,70,70,70,70,70,70,70,70,70,70,70,70,70,70,70,70,70,70,70,70,70,70,70,70,70,70,70,70,70,70,70,70,70,76,76,76,76,76,76,76,76,76,76,76,76,76,76],"card_choices":[{"not_picked":["PiercingWail","Deadly Poison"],"picked":"Backflip","floor":1},{"not_picked":["Sucker Punch","Slice","Quick Slash"],"picked":"SKIP","floor":3},{"not_picked":["Bane","Prepared"],"picked":"Blur","floor":4},{"not_picked":["Reflex","Wraith Form v2"],"picked":"Deadly Poison","floor":5},{"not_picked":["Deadly Poison","Reflex"],"picked":"Leg Sweep","floor":7},{"not_picked":["Dagger Throw","Prepared"],"picked":"Dodge and Roll","floor":10},{"not_picked":["Tactician","Dodge and Roll","Bane"],"picked":"SKIP","floor":12},{"not_picked":["Dodge and Roll","Blade Dance"],"picked":"Infinite Blades","floor":14},{"not_picked":["A Thousand Cuts","Corpse Explosion"],"picked":"Night Terror","floor":16},{"not_picked":["Blade Dance+1","Prepared","Endless Agony"],"picked":"SKIP","floor":18},{"not_picked":["Skewer","Backflip"],"picked":"Catalyst","floor":19},{"not_picked":["Dodge and Roll","Eviscerate+1","Slice"],"picked":"SKIP","floor":21},{"not_picked":["Outmaneuver+1","Deflect"],"picked":"Deadly Poison+1","floor":22},{"not_picked":["Flying Knee","Riddle With Holes"],"picked":"Bane+1","floor":29},{"not_picked":["Venomology","Die Die Die"],"picked":"Burst","floor":33},{"not_picked":["Underhanded Strike+1","Sucker Punch"],"picked":"Backflip","floor":34},{"not_picked":["Noxious Fumes","Backflip"],"picked":"Bullet Time","floor":34},{"not_picked":["Blur","Dodge and Roll"],"picked":"Crippling Poison","floor":34},{"not_picked":["Dodge and Roll","Flying Knee+1"],"picked":"Prepared+1","floor":34},{"not_picked":["Dagger Throw+1","Underhanded Strike"],"picked":"Deflect+1","floor":35},{"not_picked":["Slice+1","Underhanded Strike","Flying Knee"],"picked":"SKIP","floor":38},{"not_picked":["Riddle With Holes","Poisoned Stab+1"],"picked":"Outmaneuver+1","floor":40},{"not_picked":["Prepared+1","Flechettes+1"],"picked":"Well Laid Plans+1","floor":41},{"not_picked":["Dagger Throw+1","Sucker Punch+1"],"picked":"Dodge and Roll+1","floor":44},{"not_picked":["Dagger Spray","Bane+1"],"picked":"Malaise","floor":46}],"player_experience":35043,"relics_obtained":[{"floor":7,"key":"Matryoshka"},{"floor":9,"key":"Letter Opener"},{"floor":9,"key":"Calipers"},{"floor":10,"key":"Regal Pillow"},{"floor":14,"key":"Snake Skull"},{"floor":26,"key":"Juzu Bracelet"},{"floor":26,"key":"Darkstone Periapt"},{"floor":29,"key":"Mercury Hourglass"},{"floor":40,"key":"Bottled Lightning"},{"floor":43,"key":"Whetstone"},{"floor":45,"key":"Ginger"}],"event_choices":[{"damage_healed":0,"gold_gain":0,"player_choice":"Got Potions","damage_taken":0,"max_hp_gain":0,"max_hp_loss":0,"event_name":"Lab","floor":2,"gold_loss":0},{"damage_healed":0,"gold_gain":75,"player_choice":"Touch","damage_taken":7,"max_hp_gain":0,"max_hp_loss":0,"event_name":"FaceTrader","floor":20,"gold_loss":0},{"damage_healed":0,"gold_gain":0,"player_choice":"Inject Mutagens","damage_taken":0,"relics_obtained":["MutagenicStrength"],"max_hp_gain":0,"max_hp_loss":0,"event_name":"Drug Dealer","floor":24,"gold_loss":0},{"damage_healed":0,"gold_gain":0,"player_choice":"Upgraded Two","damage_taken":0,"max_hp_gain":0,"max_hp_loss":0,"event_name":"Designer","floor":30,"gold_loss":40,"cards_upgraded":["Backflip","Survivor"]},{"damage_healed":0,"gold_gain":0,"player_choice":"Simplicity","damage_taken":0,"max_hp_gain":0,"max_hp_loss":0,"event_name":"Back to Basics","floor":31,"gold_loss":0,"cards_upgraded":["Defend_G","Defend_G","Defend_G","Defend_G","Defend_G","Strike_G","Strike_G","Strike_G","Strike_G"]},{"damage_healed":18,"gold_gain":0,"player_choice":"Writhe","damage_taken":0,"max_hp_gain":0,"max_hp_loss":0,"event_name":"Winding Halls","floor":37,"gold_loss":0,"cards_obtained":["Writhe"]},{"damage_healed":0,"gold_gain":0,"player_choice":"Memory 1","damage_taken":0,"max_hp_gain":0,"max_hp_loss":0,"event_name":"SensoryStone","floor":39,"gold_loss":0},{"damage_healed":0,"gold_gain":0,"player_choice":"Fight","damage_taken":0,"max_hp_gain":0,"max_hp_loss":0,"event_name":"MindBloom","floor":45,"gold_loss":0},{"damage_healed":0,"gold_gain":0,"player_choice":"Ignored","damage_taken":0,"max_hp_gain":0,"max_hp_loss":0,"event_name":"NoteForYourself","floor":48,"gold_loss":0}],"is_beta":false,"boss_relics":[{"not_picked":["Busted Crown","Snecko Eye"],"picked":"Velvet Choker"},{"not_picked":["Coffee Dripper","Empty Cage"],"picked":"Orrery"}],"items_purged_floors":[13,47],"is_endless":false,"potions_floor_spawned":[3,10,12,14,22,33,38,41,45],"ascension_level":0}