{"gold_per_floor":[110,121,132,132,149,178,178,178,202,222,222,237,187,136,136,233,233],"floor_reached":17,"playtime":400,"items_purged":[],"score":157,"play_id":"3bf0e4d7-2c24-45cb-9ab5-8c4523cd3283","local_time":"20181201011811","is_ascension_mode":false,"campfire_choices":[{"data":"Dualcast","floor":7,"key":"SMITH"},{"floor":11,"key":"REST"},{"data":"Sunder","floor":15,"key":"SMITH"}],"neow_cost":"NONE","seed_source_timestamp":180928155230806,"circlet_count":0,"master_deck":["Strike_B","Strike_B","Strike_B","Defend_B","Defend_B","Defend_B","Zap","Dualcast+1","Undo","Sunder+1","Go for the Eyes","Auto Shields","Core Surge","Ball Lightning","Conserve Battery","Thunder Strike","Chill","Conserve Battery"],"special_seed":0,"relics":["Cracked Core","PreservedInsect","Lantern","Orrery"],"potions_floor_usage":[],"damage_taken":[{"damage":0.0,"enemies":"2 Louse","floor":1.0,"turns":2.0},{"damage":0.0,"enemies":"Small Slimes","floor":2.0,"turns":3.0},{"damage":6.0,"enemies":"Jaw Worm","floor":3.0,"turns":2.0},{"damage":0,"enemies":"Exordium Thugs","floor":5,"turns":5},{"damage":50,"enemies":"3 Sentries","floor":6,"turns":12},{"damage":0,"enemies":"Exordium Wildlife","floor":10,"turns":2},{"damage":0,"enemies":"Large Slime","floor":12,"turns":3},{"damage":12,"enemies":"The Guardian","floor":16,"turns":9}],"seed_played":"3651042338048704057","potions_obtained":[{"floor":1.0,"key":"FairyPotion"},{"floor":6,"key":"Strength Potion"},{"floor":16,"key":"Block Potion"}],"is_trial":false,"path_per_floor":["M","M","M","$","M","E","R","$","T","M","R","M","?","$","R","B",null],"character_chosen":"DEFECT","items_purchased":["Conserve Battery"],"campfire_rested":1,"item_purchase_floors":[14],"current_hp_per_floor":[75,75,69,69,69,19,19,19,19,19,41,41,41,41,41,29,29],"gold":233,"neow_bonus":"REMOVE_CARD","is_prod":false,"is_daily":false,"chose_seed":false,"campfire_upgraded":2,"win_rate":0,"timestamp":1543627091,"path_taken":["M","M","M","$","M","E","R","$","T","M","R","M","?","$","R","BOSS"],"build_version":"2018-11-15","purchased_purges":0,"victory":false,"max_hp_per_floor":[75,75,75,75,75,75,75,75,75,75,75,75,75,75,75,75,75],"card_choices":[{"not_picked":["Steam Power","Gash"],"picked":"Undo","floor":1.0},{"not_picked":["Rip and Tear","Go for the Eyes"],"picked":"Sunder","floor":2.0},{"not_picked":["Gash","Cold Snap"],"picked":"Go for the Eyes","floor":3.0},{"not_picked":["Cold Snap","Stack"],"picked":"Auto Shields","floor":5},{"not_picked":["Hologram","Barrage"],"picked":"Core Surge","floor":6},{"not_picked":["Rip and Tear","Steam","Hologram"],"picked":"SKIP","floor":10},{"not_picked":["Beam Cell","Auto Shields"],"picked":"Ball Lightning","floor":12},{"not_picked":["Machine Learning","Reboot"],"picked":"Thunder Strike","floor":16},{"not_picked":["Barrage","Compile Driver"],"picked":"Chill","floor":17},{"not_picked":["Rebound","Ball Lightning"],"picked":"Conserve Battery","floor":17}],"player_experience":841070,"relics_obtained":[{"floor":6,"key":"PreservedInsect"},{"floor":9,"key":"Lantern"}],"event_choices":[{"cards_removed":["Strike_B"],"damage_healed":0,"gold_gain":0,"player_choice":"Card Removal","damage_taken":0,"max_hp_gain":0,"max_hp_loss":0,"event_name":"The Cleric","floor":13,"gold_loss":50}],"is_beta":false,"boss_relics":[{"not_picked":["Velvet Choker","Tiny House"],"picked":"Orrery"}],"items_purged_floors":[],"is_endless":false,"potions_floor_spawned":[1,6,16],"ascension_level":0}