{"gold_per_floor":[215,53,64,77,77,77,103,117,165,177,177,203,52,71,71,71],"floor_reached":16,"playtime":1390,"items_purged":["Strike_G","Strike_G"],"score":224,"play_id":"350dac5c-8bd6-419a-bd54-ff525936ffa8","local_time":"20190209104515","is_ascension_mode":true,"campfire_choices":[{"data":"Neutralize","floor":6,"key":"SMITH"},{"data":"Noxious Fumes","floor":11,"key":"SMITH"},{"data":"Crippling Poison","floor":15,"key":"SMITH"}],"neow_cost":"NONE","seed_source_timestamp":346865268246500,"circlet_count":0,"master_deck":["AscendersBane","Defend_G","Defend_G","Defend_G","Defend_G","Defend_G","Strike_G","Strike_G","Survivor","Neutralize+1","Dagger Throw","Die Die Die","Backstab","Well Laid Plans","Blur","Noxious Fumes+1","Crippling Poison+1","Backflip"],"relics":["Ring of the Snake","Meat on the Bone","Potion Belt","Art of War"],"potions_floor_usage":[7,12,12,16],"damage_taken":[{"damage":4,"enemies":"Small Slimes","floor":1,"turns":4},{"damage":0,"enemies":"2 Louse","floor":3,"turns":2},{"damage":0,"enemies":"Cultist","floor":4,"turns":3},{"damage":44,"enemies":"Lagavulin","floor":7,"turns":11},{"damage":0,"enemies":"Looter","floor":8,"turns":3},{"damage":0,"enemies":"Gremlin Gang","floor":10,"turns":5},{"damage":24,"enemies":"Gremlin Nob","floor":12,"turns":4},{"damage":1,"enemies":"Blue Slaver","floor":14,"turns":4},{"damage":28,"enemies":"Hexaghost","floor":16,"turns":11}],"seed_played":"4316272995636646884","potions_obtained":[{"floor":3,"key":"Fire Potion"},{"floor":8,"key":"LiquidBronze"},{"floor":10,"key":"Swift Potion"},{"floor":14,"key":"Energy Potion"}],"is_trial":false,"path_per_floor":["M","$","M","M","?","R","E","M","T","M","R","E","$","M","R","B"],"character_chosen":"THE_SILENT","items_purchased":["Die Die Die","Backflip"],"campfire_rested":0,"item_purchase_floors":[2,13],"current_hp_per_floor":[55,55,55,55,48,48,4,16,16,28,28,16,16,27,27,0],"gold":71,"neow_bonus":"HUNDRED_GOLD","is_prod":false,"is_daily":false,"chose_seed":false,"campfire_upgraded":3,"win_rate":0,"timestamp":1549705515,"path_taken":["M","$","M","M","?","R","E","M","T","M","R","E","$","M","R","BOSS"],"build_version":"2019-01-23","purchased_purges":2,"victory":false,"max_hp_per_floor":[66,66,66,66,66,66,66,66,66,66,66,66,66,66,66,66],"card_choices":[{"not_picked":["Flying Knee","Distraction"],"picked":"Dagger Throw","floor":1},{"not_picked":["Cloak And Dagger","Flechettes"],"picked":"Backstab","floor":3},{"not_picked":["Underhanded Strike","PiercingWail"],"picked":"Well Laid Plans","floor":4},{"not_picked":["Flying Knee","Escape Plan"],"picked":"Blur","floor":7},{"not_picked":["Outmaneuver","Masterful Stab"],"picked":"Noxious Fumes","floor":8},{"not_picked":["Bane","Finisher","Slice"],"picked":"SKIP","floor":10},{"not_picked":["Blur","Blade Dance"],"picked":"Crippling Poison","floor":12},{"not_picked":["Dagger Spray","Catalyst","Blade Dance"],"picked":"SKIP","floor":14}],"player_experience":498416,"relics_obtained":[{"floor":7,"key":"Meat on the Bone"},{"floor":9,"key":"Potion Belt"},{"floor":12,"key":"Art of War"}],"event_choices":[{"cards_removed":["Strike_G"],"damage_healed":0,"gold_gain":0,"player_choice":"Card Removal","damage_taken":7,"max_hp_gain":0,"max_hp_loss":0,"event_name":"Golden Wing","floor":5,"gold_loss":0}],"is_beta":false,"boss_relics":[],"items_purged_floors":[2,13],"is_endless":false,"potions_floor_spawned":[3,8,10,14],"killed_by":"Hexaghost","ascension_level":20}