{"gold_per_floor":[112,112,135,210,234,234,220,220,269,282,829,849,870,894,894,1018,1018,1033,1033,96,114,138,138],"floor_reached":23,"playtime":952,"items_purged":["Injury"],"score":262,"play_id":"776d1b4f-0e95-45fd-8ca8-f8572a2e4f1c","local_time":"20190209031517","is_ascension_mode":false,"campfire_choices":[{"data":"Zap","floor":6,"key":"SMITH"},{"floor":15,"key":"REST"}],"neow_cost":"NONE","seed_source_timestamp":12613219544100,"circlet_count":0,"master_deck":["Strike_B","Strike_B","Strike_B","Strike_B","Defend_B","Defend_B","Defend_B","Defend_B","Zap+1","Dualcast","Beam Cell","Redo","Genetic Algorithm","Leap","Sweeping Beam+1","Ball Lightning+1","Rip and Tear+1","Dark Shackles","Transmutation","Storm","Leap","Lockon+1","All For One+1","Consume+1","Storm+1","Blizzard+1","Tempest+1","Thunder Strike+1","Zap","Dramatic Entrance+1","Mayhem+1","Coolheaded","Stack","Melter+1","Blizzard+1","Doom and Gloom+1","Compile Driver+1"],"relics":["Cracked Core","NeowsBlessing","Golden Idol","Molten Egg 2","Strawberry","Bronze Scales","Vajra","TheAbacus","Astrolabe","Frozen Egg 2","Letter Opener","Membership Card"],"potions_floor_usage":[22,23,23],"damage_taken":[{"damage":0,"enemies":"Cultist","floor":1,"turns":1},{"damage":0,"enemies":"2 Louse","floor":3,"turns":1},{"damage":0,"enemies":"Jaw Worm","floor":5,"turns":1},{"damage":19,"enemies":"Exordium Thugs","floor":7,"turns":4},{"damage":7,"enemies":"Lots of Slimes","floor":10,"turns":4},{"damage":2,"enemies":"Blue Slaver","floor":12,"turns":1},{"damage":15,"enemies":"Gremlin Gang","floor":13,"turns":3},{"damage":0,"enemies":"Lots of Slimes","floor":14,"turns":1},{"damage":0,"enemies":"Hexaghost","floor":16,"turns":6},{"damage":31,"enemies":"Chosen","floor":18,"turns":5},{"damage":20,"enemies":"2 Thieves","floor":21,"turns":3},{"damage":10,"enemies":"Snake Plant","floor":22,"turns":3},{"damage":27,"enemies":"Slavers","floor":23,"turns":1}],"seed_played":"1617127606572696063","potions_obtained":[{"floor":1,"key":"Explosive Potion"},{"floor":3,"key":"AttackPotion"},{"floor":5,"key":"LiquidBronze"},{"floor":16,"key":"Weak Potion"}],"is_trial":false,"path_per_floor":["M","?","M","?","M","R","M","T","T","M","$","M","M","M","R","B",null,"M","?","$","M","M","E"],"character_chosen":"DEFECT","items_purchased":["Ball Lightning+1","Bronze Scales","Vajra","TheAbacus","Rip and Tear+1","Dark Shackles","Transmutation","Storm","Stack","Leap","Frozen Egg 2","Letter Opener","Membership Card","Dramatic Entrance+1","Mayhem+1","Coolheaded","Stack","Melter+1","Blizzard+1"],"campfire_rested":1,"item_purchase_floors":[11,11,11,11,11,11,11,11,11,11,20,20,20,20,20,20,20,20,20],"current_hp_per_floor":[75,75,75,64,64,64,45,45,52,45,45,43,28,28,52,52,82,51,51,51,31,21,0],"gold":138,"neow_bonus":"THREE_ENEMY_KILL","is_prod":false,"is_daily":false,"chose_seed":false,"campfire_upgraded":1,"win_rate":0.0,"timestamp":1549653317,"path_taken":["M","?","M","?","M","R","M","?","T","M","$","M","M","M","R","BOSS","M","?","$","?","M","E"],"build_version":"2019-01-23","purchased_purges":1,"victory":false,"max_hp_per_floor":[75,75,75,75,75,75,75,75,82,82,82,82,82,82,82,82,82,82,82,82,82,82,82],"card_choices":[{"not_picked":["Blizzard","Hologram"],"picked":"Beam Cell","floor":1},{"not_picked":["Skim","Streamline"],"picked":"Redo","floor":3},{"not_picked":["Leap","Seek"],"picked":"Genetic Algorithm","floor":5},{"not_picked":["Streamline","Barrage"],"picked":"Leap","floor":7},{"not_picked":["Beam Cell+1","Scrape+1"],"picked":"Sweeping Beam+1","floor":10},{"not_picked":["Rainbow","Barrage+1"],"picked":"Lockon+1","floor":12},{"not_picked":["Double Energy","Gash+1"],"picked":"Conserve Battery","floor":13},{"not_picked":["Conserve Battery","Consume"],"picked":"Hologram","floor":14},{"not_picked":["Machine Learning","Biased Cognition"],"picked":"All For One+1","floor":16},{"not_picked":["Heatsinks+1","Gash+1"],"picked":"Tempest+1","floor":18},{"not_picked":["Aggregate","Streamline+1"],"picked":"Doom and Gloom+1","floor":21},{"not_picked":["Go for the Eyes+1","Consume"],"picked":"Compile Driver+1","floor":22}],"player_experience":9642,"relics_obtained":[{"floor":8,"key":"Molten Egg 2"},{"floor":9,"key":"Strawberry"}],"event_choices":[{"damage_healed":0,"gold_gain":0,"player_choice":"Take Wound","damage_taken":0,"relics_obtained":["Golden Idol"],"max_hp_gain":0,"max_hp_loss":0,"event_name":"Golden Idol","floor":2,"gold_loss":0,"cards_obtained":["Injury"]},{"damage_healed":0,"gold_gain":75,"player_choice":"Gather Gold","damage_taken":11,"max_hp_gain":0,"max_hp_loss":0,"event_name":"World of Goop","floor":4,"gold_loss":0},{"damage_healed":0,"gold_gain":0,"player_choice":"2 cards matched","damage_taken":0,"max_hp_gain":0,"max_hp_loss":0,"event_name":"Match and Keep!","floor":19,"gold_loss":0,"cards_obtained":["Thunder Strike","Zap"]}],"is_beta":false,"boss_relics":[{"not_picked":["Fusion Hammer","Coffee Dripper"],"picked":"Astrolabe"}],"items_purged_floors":[11],"is_endless":false,"potions_floor_spawned":[1,3,5,16],"killed_by":"Slavers","ascension_level":0}