{"gold_per_floor":[111,126,126,8,8,8,38,38,38,65,65,65,95,106,106,180,180,191,210,229,240,240,240,5,82,82,82],"floor_reached":27,"playtime":1630,"items_purged":["Regret","Strike_G"],"score":558,"play_id":"42b9d024-b579-4e7a-9cda-de23d1687a36","local_time":"20190210073400","is_ascension_mode":true,"campfire_choices":[{"data":"Quick Slash","floor":6,"key":"SMITH"},{"data":"Noxious Fumes","floor":8,"key":"SMITH"},{"data":"Footwork","floor":11,"key":"SMITH"},{"data":"Neutralize","floor":15,"key":"SMITH"},{"floor":23,"key":"REST"}],"neow_cost":"NONE","seed_source_timestamp":421549910692300,"circlet_count":0,"master_deck":["AscendersBane","Defend_G","Defend_G","Defend_G","Defend_G+1","Defend_G+1","Strike_G","Strike_G","Survivor","Neutralize+1","Quick Slash+1","Endless Agony","Footwork+1","Noxious Fumes+1","Backstab","Backstab","Riddle With Holes","Phantasmal Killer","Blade Dance","Footwork","Blade Dance+1","Cloak And Dagger","Accuracy","Decay","Decay"],"relics":["Ring of the Snake","NeowsBlessing","War Paint","Thread and Needle","Du-Vu Doll","Pocketwatch","Kunai","Cursed Key","Vajra","The Courier","Frozen Egg 2"],"potions_floor_usage":[16,18,20],"damage_taken":[{"damage":0,"enemies":"Cultist","floor":1,"turns":1},{"damage":0,"enemies":"Jaw Worm","floor":2,"turns":1},{"damage":0,"enemies":"Lagavulin","floor":7,"turns":1},{"damage":32,"enemies":"Gremlin Nob","floor":10,"turns":5},{"damage":0,"enemies":"Lagavulin","floor":13,"turns":7},{"damage":0,"enemies":"Small Slimes","floor":14,"turns":2},{"damage":8,"enemies":"The Guardian","floor":16,"turns":9},{"damage":0,"enemies":"3 Byrds","floor":18,"turns":2},{"damage":7,"enemies":"2 Thieves","floor":19,"turns":4},{"damage":2,"enemies":"Shelled Parasite and Fungi","floor":20,"turns":3},{"damage":22,"enemies":"Cultist and Chosen","floor":21,"turns":10},{"damage":46,"enemies":"Gremlin Leader","floor":27,"turns":4}],"seed_played":"3929103070093280924","potions_obtained":[{"floor":14,"key":"SteroidPotion"},{"floor":16,"key":"LiquidBronze"},{"floor":19,"key":"AttackPotion"},{"floor":20,"key":"LiquidBronze"}],"is_trial":false,"path_per_floor":["M","M","?","$","?","R","E","R","T","E","R","?","E","M","R","B",null,"M","M","M","M","?","R","$","T","T","E"],"character_chosen":"THE_SILENT","items_purchased":["Footwork","Cloak And Dagger","Accuracy"],"campfire_rested":1,"item_purchase_floors":[4,24,24],"current_hp_per_floor":[59,59,59,59,59,59,59,59,59,27,27,20,20,20,20,12,53,53,46,44,22,22,41,41,41,41,0],"gold":82,"neow_bonus":"THREE_ENEMY_KILL","is_prod":false,"is_daily":false,"chose_seed":false,"campfire_upgraded":4,"win_rate":0,"timestamp":1549780440,"path_taken":["M","?","?","$","?","R","E","R","T","E","R","?","E","M","R","BOSS","M","M","M","M","?","R","$","?","T","E"],"build_version":"2019-01-23","purchased_purges":2,"victory":false,"max_hp_per_floor":[66,66,66,66,66,66,66,66,66,66,66,66,66,66,66,66,66,66,66,66,66,66,66,66,66,66,66],"card_choices":[{"not_picked":["Outmaneuver","Underhanded Strike"],"picked":"Quick Slash","floor":1},{"not_picked":["Prepared","Heel Hook"],"picked":"Endless Agony","floor":2},{"not_picked":["Dagger Spray","Dodge and Roll"],"picked":"Noxious Fumes","floor":7},{"not_picked":["A Thousand Cuts","Acrobatics"],"picked":"Backstab","floor":10},{"not_picked":["Outmaneuver","Sucker Punch"],"picked":"Backstab","floor":13},{"not_picked":["Dagger Throw","Outmaneuver"],"picked":"Riddle With Holes","floor":14},{"not_picked":["Tools of the Trade","Grand Finale"],"picked":"Phantasmal Killer","floor":16},{"not_picked":["Riddle With Holes","Underhanded Strike","Terror"],"picked":"SKIP","floor":18},{"not_picked":["Underhanded Strike","Sucker Punch"],"picked":"Blade Dance","floor":19},{"not_picked":["Deflect","Outmaneuver"],"picked":"Footwork","floor":20},{"not_picked":["Acrobatics","Underhanded Strike"],"picked":"Blade Dance+1","floor":21}],"player_experience":537911,"relics_obtained":[{"floor":7,"key":"Thread and Needle"},{"floor":9,"key":"Du-Vu Doll"},{"floor":10,"key":"Pocketwatch"},{"floor":13,"key":"Kunai"},{"floor":25,"key":"The Courier"},{"floor":26,"key":"Frozen Egg 2"}],"event_choices":[{"damage_healed":0,"gold_gain":0,"player_choice":"Box","damage_taken":0,"relics_obtained":["War Paint"],"max_hp_gain":0,"max_hp_loss":0,"event_name":"Big Fish","floor":3,"gold_loss":0,"cards_obtained":["Regret"]},{"cards_removed":["Strike_G"],"damage_healed":0,"gold_gain":0,"player_choice":"Forget","damage_taken":0,"max_hp_gain":0,"max_hp_loss":0,"event_name":"Living Wall","floor":5,"gold_loss":0},{"cards_removed":["Strike_G"],"damage_healed":0,"gold_gain":0,"player_choice":"Card Removal","damage_taken":7,"max_hp_gain":0,"max_hp_loss":0,"event_name":"Golden Wing","floor":12,"gold_loss":0},{"damage_healed":0,"gold_gain":0,"player_choice":"Gave Potion","damage_taken":0,"relics_obtained":["Vajra"],"max_hp_gain":0,"max_hp_loss":0,"event_name":"WeMeetAgain","floor":22,"gold_loss":0}],"is_beta":false,"boss_relics":[{"not_picked":["WristBlade","Philosopher\u0027s Stone"],"picked":"Cursed Key"}],"items_purged_floors":[4,24],"is_endless":false,"potions_floor_spawned":[14,16,19,20],"killed_by":"Gremlin Leader","ascension_level":20}