{"gold_per_floor":[147,72,72,89,103,103,135,135],"floor_reached":8,"playtime":392,"items_purged":["Pain"],"score":98,"play_id":"9c5e2058-1479-40b0-a64c-6489e2b557ab","local_time":"20181125201143","is_ascension_mode":true,"campfire_choices":[{"floor":6,"key":"REST"}],"neow_cost":"NONE","seed_source_timestamp":0,"circlet_count":0,"master_deck":["AscendersBane","Defend_G","Defend_G","Defend_G","Defend_G","Defend_G","Strike_G","Strike_G","Strike_G","Strike_G","Strike_G","Survivor","Neutralize","Pain","Regret","Crippling Poison","Dagger Spray","Blade Dance"],"special_seed":0,"relics":["Calling Bell","Tiny Chest","Shuriken","Bird Faced Urn","Nunchaku"],"potions_floor_usage":[7],"damage_taken":[{"damage":7.0,"enemies":"2 Louse","floor":1.0,"turns":5.0},{"damage":10,"enemies":"Small Slimes","floor":4,"turns":5},{"damage":8,"enemies":"Cultist","floor":5,"turns":4},{"damage":40,"enemies":"3 Sentries","floor":7,"turns":9},{"damage":15,"enemies":"Large Slime","floor":8,"turns":3}],"seed_played":"179830955353438041","potions_obtained":[{"floor":4,"key":"SneckoOil"},{"floor":5,"key":"GamblersBrew"},{"floor":7,"key":"LiquidBronze"}],"is_trial":false,"path_per_floor":["M","$","?","M","M","R","E","M"],"character_chosen":"THE_SILENT","items_purchased":[],"campfire_rested":1,"item_purchase_floors":[],"current_hp_per_floor":[52,52,52,42,34,53,13,0],"gold":135,"neow_bonus":"BOSS_RELIC","is_prod":false,"is_daily":false,"chose_seed":false,"campfire_upgraded":0,"win_rate":0,"timestamp":1543205503,"path_taken":["M","$","?","M","M","R","E","M"],"build_version":"2018-11-15","purchased_purges":1,"victory":false,"max_hp_per_floor":[66,66,66,66,66,66,66,66],"card_choices":[{"not_picked":["Underhanded Strike","Backflip"],"picked":"Crippling Poison","floor":1.0},{"not_picked":["Deflect","Setup","Calculated Gamble"],"picked":"SKIP","floor":4},{"not_picked":["Outmaneuver","Backflip"],"picked":"Dagger Spray","floor":5},{"not_picked":["PiercingWail","Catalyst"],"picked":"Blade Dance","floor":7}],"player_experience":149076,"relics_obtained":[{"floor":0.0,"key":"Tiny Chest"},{"floor":0.0,"key":"Shuriken"},{"floor":0.0,"key":"Bird Faced Urn"},{"floor":7,"key":"Nunchaku"}],"event_choices":[{"damage_healed":0.0,"max_hp_gain":0.0,"max_hp_loss":0.0,"gold_gain":0.0,"event_name":"Shining Light","player_choice":"Ignored","floor":3.0,"gold_loss":0.0,"damage_taken":0.0}],"is_beta":false,"boss_relics":[],"items_purged_floors":[2],"is_endless":false,"potions_floor_spawned":[4,5,7],"killed_by":"Large Slime","ascension_level":15}