{"gold_per_floor":[111,35,210,210,210,210,240,240,319,382,404,32,57,57,57,161,161,175,189,88,88,100,100,120,155,155,155,167,184,184,204,204,300,300,313,324,235,335,335,335,335,349,417,417,436,446,464,464],"floor_reached":48,"playtime":1472,"items_purged":["Defend_R","Strike_R"],"score":518,"play_id":"0c75f74b-842c-4b82-bf8b-e96e5c53689b","local_time":"20190127004439","is_ascension_mode":false,"campfire_choices":[{"data":"Bash","floor":6,"key":"SMITH"},{"data":"Inflame","floor":8,"key":"SMITH"},{"data":"True Grit","floor":15,"key":"SMITH"},{"floor":23,"key":"REST"},{"floor":27,"key":"REST"},{"floor":30,"key":"REST"},{"data":"Demon Form","floor":32,"key":"SMITH"},{"floor":40,"key":"REST"},{"floor":44,"key":"REST"}],"neow_cost":"NONE","seed_source_timestamp":531869333441276,"circlet_count":0,"master_deck":["Strike_R","Strike_R","Strike_R","Strike_R","Defend_R","Defend_R","Defend_R","Bash+1","Heavy Blade","Perfected Strike","True Grit+1","Inflame+1","Perfected Strike","Twin Strike","Shrug It Off","Demon Form+1","Heavy Blade","Uppercut","Flex+1","Whirlwind+1","Inflame","Berserk","Armaments+1","Evolve","True Grit+1","Pommel Strike+1"],"relics":["Burning Blood","Sundial","Smiling Mask","Shuriken","Tiny Chest","Odd Mushroom","Membership Card","Mercury Hourglass","Charon\u0027s Ashes","Kunai","Runic Dome","Lee\u0027s Waffle","Question Card","Red Skull","Fusion Hammer","Prayer Wheel","Toxic Egg 2"],"potions_floor_usage":[11,16,16,25,33,33,38,47,48,48],"damage_taken":[{"damage":6,"enemies":"Jaw Worm","floor":1,"turns":4},{"damage":20,"enemies":"Gremlin Nob","floor":7,"turns":4},{"damage":44,"enemies":"Lagavulin","floor":10,"turns":6},{"damage":17,"enemies":"The Mushroom Lair","floor":11,"turns":5},{"damage":6,"enemies":"Gremlin Nob","floor":13,"turns":3},{"damage":1,"enemies":"Slime Boss","floor":16,"turns":5},{"damage":21,"enemies":"Shell Parasite","floor":18,"turns":4},{"damage":10,"enemies":"Spheric Guardian","floor":19,"turns":3},{"damage":26,"enemies":"Centurion and Healer","floor":22,"turns":5},{"damage":21,"enemies":"3 Cultists","floor":24,"turns":4},{"damage":54,"enemies":"Book of Stabbing","floor":25,"turns":5},{"damage":23,"enemies":"Sentry and Sphere","floor":28,"turns":4},{"damage":9,"enemies":"Shelled Parasite and Fungi","floor":29,"turns":4},{"damage":10,"enemies":"Chosen and Byrds","floor":31,"turns":3},{"damage":10,"enemies":"Champ","floor":33,"turns":6},{"damage":24,"enemies":"3 Darklings","floor":35,"turns":2},{"damage":22,"enemies":"3 Shapes","floor":36,"turns":4},{"damage":44,"enemies":"Mind Bloom Boss Battle","floor":38,"turns":4},{"damage":41,"enemies":"Sphere and 2 Shapes","floor":42,"turns":5},{"damage":18,"enemies":"Spire Growth","floor":45,"turns":4},{"damage":37,"enemies":"Writhing Mass","floor":46,"turns":5},{"damage":14,"enemies":"4 Shapes","floor":47,"turns":4},{"damage":24,"enemies":"Jaw Worm Horde","floor":48,"turns":2}],"seed_played":"2634146080790445883","potions_obtained":[{"floor":10,"key":"Regen Potion"},{"floor":11,"key":"FearPotion"},{"floor":13,"key":"Explosive Potion"},{"floor":16,"key":"Block Potion"},{"floor":28,"key":"Energy Potion"},{"floor":29,"key":"FearPotion"},{"floor":33,"key":"BloodPotion"},{"floor":42,"key":"FearPotion"},{"floor":46,"key":"EssenceOfSteel"},{"floor":47,"key":"BloodPotion"}],"is_trial":false,"path_per_floor":["M","$","?","?","?","R","E","R","T","E","?","$","E","T","R","B",null,"M","M","$","?","M","R","M","E","T","R","M","M","R","M","R","B",null,"M","M","$","?","?","R","?","M","T","R","M","M","M","M"],"character_chosen":"IRONCLAD","items_purchased":["Perfected Strike","True Grit","Membership Card","Mercury Hourglass","Lee\u0027s Waffle","Evolve"],"campfire_rested":5,"item_purchase_floors":[2,2,12,12,20,37],"current_hp_per_floor":[88,88,88,88,76,76,62,62,62,24,25,25,25,25,25,30,88,73,69,95,76,56,86,71,23,23,53,36,33,63,59,59,55,100,82,66,66,38,38,68,65,30,30,60,48,17,9,0],"gold":464,"neow_bonus":"TEN_PERCENT_HP_BONUS","is_prod":false,"is_daily":false,"chose_seed":false,"campfire_upgraded":4,"win_rate":0,"timestamp":1548521079,"path_taken":["M","$","?","?","?","R","E","R","T","E","?","$","E","?","R","BOSS","M","M","$","?","M","R","M","E","T","R","M","M","R","M","R","BOSS","M","M","$","?","?","R","?","?","T","R","M","M","M","M"],"build_version":"2019-01-23","purchased_purges":2,"victory":false,"max_hp_per_floor":[88,88,88,88,88,88,88,88,88,88,88,88,88,88,88,88,88,88,88,95,100,100,100,100,100,100,100,100,100,100,100,100,100,100,100,100,100,100,100,100,100,100,100,100,100,100,100,100],"card_choices":[{"not_picked":["Body Slam","Havoc"],"picked":"Heavy Blade","floor":1},{"not_picked":["Blood for Blood","Body Slam"],"picked":"Inflame","floor":7},{"not_picked":["Uppercut","Blood for Blood"],"picked":"Perfected Strike","floor":10},{"not_picked":["Thunderclap","Clothesline"],"picked":"Twin Strike","floor":11},{"not_picked":["Fiend Fire","Rage"],"picked":"Shrug It Off","floor":13},{"not_picked":["Berserk","Double Tap"],"picked":"Demon Form","floor":16},{"not_picked":["Thunderclap","Dropkick"],"picked":"Heavy Blade","floor":18},{"not_picked":["Iron Wave","Clothesline"],"picked":"Uppercut","floor":19},{"not_picked":["Warcry","Clash","Sword Boomerang"],"picked":"SKIP","floor":22},{"not_picked":["Feed","Cleave","Body Slam"],"picked":"SKIP","floor":24},{"not_picked":["Clothesline","Pommel Strike+1"],"picked":"Flex+1","floor":25},{"not_picked":["Anger","Heavy Blade","Feel No Pain"],"picked":"Whirlwind+1","floor":28},{"not_picked":["Wild Strike","Iron Wave","Searing Blow+1"],"picked":"Inflame","floor":29},{"not_picked":["Anger+1","Cleave","Intimidate+1","Flex+1"],"picked":"SKIP","floor":31},{"not_picked":["Immolate","Offering","Impervious"],"picked":"Berserk","floor":33},{"not_picked":["Sentinel","Anger+1","Flex+1"],"picked":"Armaments+1","floor":35},{"not_picked":["Flex","Iron Wave","Anger","Twin Strike+1"],"picked":"SKIP","floor":36},{"not_picked":["Twin Strike","Clash","Iron Wave+1"],"picked":"True Grit+1","floor":42},{"not_picked":["Iron Wave","Searing Blow+1","Rampage+1","Wild Strike"],"picked":"SKIP","floor":42},{"not_picked":["Exhume+1","Twin Strike","Fire Breathing+1","Thunderclap+1"],"picked":"SKIP","floor":45},{"not_picked":["Clothesline+1","Body Slam","Rage+1","Combust+1"],"picked":"SKIP","floor":45},{"not_picked":["Feel No Pain","Cleave+1","Uppercut","Second Wind+1"],"picked":"SKIP","floor":46},{"not_picked":["Exhume+1","Iron Wave","True Grit+1","Thunderclap+1"],"picked":"SKIP","floor":46},{"not_picked":["Anger","Entrench+1","Clothesline+1"],"picked":"Pommel Strike+1","floor":47},{"not_picked":["Sever Soul+1","Anger","Cleave+1","Pommel Strike"],"picked":"SKIP","floor":47}],"player_experience":147647,"relics_obtained":[{"floor":7,"key":"Smiling Mask"},{"floor":9,"key":"Shuriken"},{"floor":10,"key":"Tiny Chest"},{"floor":11,"key":"Odd Mushroom"},{"floor":13,"key":"Charon\u0027s Ashes"},{"floor":14,"key":"Kunai"},{"floor":25,"key":"Question Card"},{"floor":26,"key":"Red Skull"},{"floor":38,"key":"Prayer Wheel"},{"floor":43,"key":"Toxic Egg 2"}],"event_choices":[{"damage_healed":0,"gold_gain":175,"player_choice":"AGREE","damage_taken":0,"max_hp_gain":0,"max_hp_loss":0,"event_name":"Liars Game","floor":3,"gold_loss":0,"cards_obtained":["Doubt"]},{"cards_removed":["Doubt"],"damage_healed":0,"gold_gain":0,"player_choice":"Forget","damage_taken":0,"max_hp_gain":0,"max_hp_loss":0,"event_name":"Living Wall","floor":4,"gold_loss":0},{"damage_healed":0,"gold_gain":0,"player_choice":"Success","damage_taken":12,"relics_obtained":["Sundial"],"max_hp_gain":0,"max_hp_loss":0,"event_name":"Scrap Ooze","floor":5,"gold_loss":0},{"damage_healed":0,"gold_gain":0,"player_choice":"Fought Mushrooms","damage_taken":0,"max_hp_gain":0,"max_hp_loss":0,"event_name":"Mushrooms","floor":11,"gold_loss":0},{"damage_healed":0,"gold_gain":0,"player_choice":"Shed Blood","damage_taken":24,"max_hp_gain":5,"max_hp_loss":0,"event_name":"Forgotten Altar","floor":21,"gold_loss":0},{"damage_healed":0,"gold_gain":0,"player_choice":"Fight","damage_taken":0,"max_hp_gain":0,"max_hp_loss":0,"event_name":"MindBloom","floor":38,"gold_loss":0},{"damage_healed":0,"gold_gain":0,"player_choice":"Ignored","damage_taken":0,"max_hp_gain":0,"max_hp_loss":0,"event_name":"Mysterious Sphere","floor":39,"gold_loss":0},{"damage_healed":0,"gold_gain":0,"player_choice":"Punched","damage_taken":3,"max_hp_gain":0,"max_hp_loss":0,"event_name":"Designer","floor":41,"gold_loss":0}],"is_beta":false,"boss_relics":[{"not_picked":["Black Star","Lizard Tail"],"picked":"Runic Dome"},{"not_picked":["Busted Crown","Black Blood"],"picked":"Fusion Hammer"}],"items_purged_floors":[12,37],"is_endless":false,"potions_floor_spawned":[10,11,13,16,28,29,33,42,46,47],"killed_by":"Jaw Worm Horde","ascension_level":0}