{"gold_per_floor":[111,111,124,124,141,174,174,174,174,193,193,193,216,237,237,357,357,378,378],"floor_reached":19,"playtime":874,"items_purged":[],"score":194,"play_id":"6caafafc-5a1f-4fc3-acc9-199dce815349","local_time":"20181220011540","is_ascension_mode":true,"campfire_choices":[{"floor":7.0,"key":"REST"},{"floor":12.0,"key":"REST"},{"floor":15.0,"key":"REST"}],"neow_cost":"NONE","seed_source_timestamp":0,"circlet_count":0,"master_deck":["Defend_G","Defend_G","Defend_G","Defend_G","Defend_G","Strike_G","Strike_G","Strike_G","Survivor","Neutralize+1","Acrobatics","Masterful Stab","Blur","Riddle With Holes","Skewer","Crippling Poison","Dodge and Roll","Tools of the Trade","Finisher"],"special_seed":0,"relics":["Ring of the Snake","Torii","Turnip","Golden Idol","Snecko Eye"],"potions_floor_usage":[],"damage_taken":[{"damage":2.0,"enemies":"Small Slimes","floor":1.0,"turns":4.0},{"damage":0.0,"enemies":"Cultist","floor":3.0,"turns":4.0},{"damage":0.0,"enemies":"2 Louse","floor":5.0,"turns":3.0},{"damage":68.0,"enemies":"Lagavulin","floor":6.0,"turns":12.0},{"damage":1.0,"enemies":"2 Fungi Beasts","floor":10.0,"turns":4.0},{"damage":16.0,"enemies":"Large Slime","floor":13.0,"turns":8.0},{"damage":1.0,"enemies":"Exordium Wildlife","floor":14.0,"turns":5.0},{"damage":39.0,"enemies":"The Guardian","floor":16.0,"turns":16.0},{"damage":1,"enemies":"Chosen","floor":18,"turns":5},{"damage":72,"enemies":"Masked Bandits","floor":19,"turns":5}],"seed_played":"-7431151970382394098","potions_obtained":[{"floor":5.0,"key":"Strength Potion"},{"floor":6.0,"key":"Energy Potion"},{"floor":16.0,"key":"LiquidBronze"}],"is_trial":false,"path_per_floor":["M","?","M","?","M","E","R","?","T","M","?","R","M","M","R","B",null,"M","?"],"character_chosen":"THE_SILENT","items_purchased":[],"campfire_rested":3,"item_purchase_floors":[],"current_hp_per_floor":[75,75,75,75,75,7,30,23,23,22,22,43,27,26,47,8,71,70,0],"gold":378,"neow_bonus":"TEN_PERCENT_HP_BONUS","is_prod":false,"is_daily":false,"chose_seed":false,"campfire_upgraded":0,"win_rate":0,"timestamp":1545239740,"path_taken":["M","?","?","?","M","E","R","?","T","M","?","R","M","?","R","BOSS","M","?"],"build_version":"2018-12-13","purchased_purges":0,"victory":false,"max_hp_per_floor":[77,77,77,77,77,77,77,77,77,77,71,71,71,71,71,71,71,71,71],"card_choices":[{"not_picked":["Setup","Underhanded Strike"],"picked":"Acrobatics","floor":1.0},{"not_picked":["Deadly Poison","Poisoned Stab"],"picked":"Masterful Stab","floor":3.0},{"not_picked":["Deflect","Underhanded Strike"],"picked":"Blur","floor":5.0},{"not_picked":["Quick Slash","Bane"],"picked":"Riddle With Holes","floor":6.0},{"not_picked":["Cloak And Dagger","Poisoned Stab"],"picked":"Skewer","floor":10.0},{"not_picked":["Burst","Quick Slash"],"picked":"Crippling Poison","floor":13.0},{"not_picked":["Terror","Leg Sweep"],"picked":"Dodge and Roll","floor":14.0},{"not_picked":["Venomology","Doppelganger"],"picked":"Tools of the Trade","floor":16.0},{"not_picked":["Blade Dance+1","Flechettes"],"picked":"Finisher","floor":18}],"player_experience":62696,"relics_obtained":[{"floor":6.0,"key":"Torii"},{"floor":9.0,"key":"Turnip"}],"event_choices":[{"cards_removed":["Strike_G"],"damage_healed":0.0,"max_hp_gain":0.0,"max_hp_loss":0.0,"gold_gain":0.0,"event_name":"Purifier","player_choice":"Purged","floor":2.0,"gold_loss":0.0,"damage_taken":0.0},{"damage_healed":0.0,"max_hp_gain":0.0,"max_hp_loss":0.0,"gold_gain":0.0,"event_name":"Living Wall","player_choice":"Grow","floor":4.0,"gold_loss":0.0,"damage_taken":0.0,"cards_upgraded":["Neutralize"]},{"cards_removed":["Strike_G"],"damage_healed":0.0,"max_hp_gain":0.0,"max_hp_loss":0.0,"gold_gain":0.0,"event_name":"Golden Wing","player_choice":"Card Removal","floor":8.0,"gold_loss":0.0,"damage_taken":7.0},{"damage_healed":0.0,"max_hp_gain":0.0,"max_hp_loss":6.0,"gold_gain":0.0,"event_name":"Golden Idol","player_choice":"Lose Max HP","floor":11.0,"gold_loss":0.0,"damage_taken":0.0,"relics_obtained":["Golden Idol"]},{"damage_healed":0,"gold_gain":0,"player_choice":"Fought Bandits","damage_taken":0,"max_hp_gain":0,"max_hp_loss":0,"event_name":"Masked Bandits","floor":19,"gold_loss":0}],"is_beta":false,"boss_relics":[{"not_picked":["Lizard Tail","Empty Cage"],"picked":"Snecko Eye"}],"items_purged_floors":[],"is_endless":false,"potions_floor_spawned":[5,6,16],"killed_by":"Masked Bandits","ascension_level":3}