{"gold_per_floor":[112,128,128,147,163,163,190,190,190,215,215],"floor_reached":11,"playtime":596,"items_purged":[],"score":149,"play_id":"f1e9429b-693c-4f78-a9dd-8f2058696cdd","local_time":"20190126225046","is_ascension_mode":true,"campfire_choices":[{"data":"Hologram","floor":6,"key":"SMITH"},{"floor":8,"key":"REST"}],"neow_cost":"NONE","seed_source_timestamp":175806704130700,"circlet_count":0,"master_deck":["AscendersBane","Strike_B","Strike_B","Strike_B","Strike_B","Defend_B","Defend_B","Defend_B","Defend_B","Zap","Dualcast","Hologram+1","Reboot","FTL","Capacitor"],"relics":["Cracked Core","Boot","Orichalcum","Sundial"],"potions_floor_usage":[7,7],"damage_taken":[{"damage":0,"enemies":"2 Louse","floor":1,"turns":2},{"damage":1,"enemies":"Cultist","floor":2,"turns":4},{"damage":3,"enemies":"Jaw Worm","floor":4,"turns":4},{"damage":3,"enemies":"Blue Slaver","floor":5,"turns":4},{"damage":38,"enemies":"Lagavulin","floor":7,"turns":8},{"damage":31,"enemies":"3 Sentries","floor":10,"turns":8},{"damage":25,"enemies":"3 Louse","floor":11,"turns":2}],"seed_played":"-7062629814840186250","potions_obtained":[{"floor":1,"key":"Explosive Potion"},{"floor":2,"key":"Swift Potion"},{"floor":5,"key":"Dexterity Potion"}],"is_trial":false,"path_per_floor":["M","M","?","M","M","R","E","R","T","E","M"],"character_chosen":"DEFECT","items_purchased":[],"campfire_rested":1,"item_purchase_floors":[],"current_hp_per_floor":[71,70,70,67,64,64,26,49,49,18,0],"gold":215,"neow_bonus":"TEN_PERCENT_HP_BONUS","is_prod":false,"is_daily":false,"chose_seed":false,"campfire_upgraded":1,"win_rate":0,"timestamp":1548571846,"path_taken":["M","M","?","M","M","R","E","R","T","E","M"],"build_version":"2019-01-23","purchased_purges":0,"victory":false,"max_hp_per_floor":[78,78,78,78,78,78,78,78,78,78,78],"card_choices":[{"not_picked":["Fusion","Streamline","Rebound"],"picked":"SKIP","floor":1},{"not_picked":["Stack","Beam Cell"],"picked":"Hologram","floor":2},{"not_picked":["Hologram","Doom and Gloom"],"picked":"FTL","floor":4},{"not_picked":["Lockon","Fusion","Darkness"],"picked":"SKIP","floor":5},{"not_picked":["Chaos","BootSequence"],"picked":"Capacitor","floor":7},{"not_picked":["Recycle","Gash","Hyperbeam"],"picked":"SKIP","floor":10}],"player_experience":1204124,"relics_obtained":[{"floor":7,"key":"Boot"},{"floor":9,"key":"Orichalcum"},{"floor":10,"key":"Sundial"}],"event_choices":[{"damage_healed":0,"gold_gain":0,"player_choice":"1 cards matched","damage_taken":0,"max_hp_gain":0,"max_hp_loss":0,"event_name":"Match and Keep!","floor":3,"gold_loss":0,"cards_obtained":["Reboot"]}],"is_beta":false,"boss_relics":[],"items_purged_floors":[],"is_endless":false,"potions_floor_spawned":[1,2,5],"killed_by":"3 Louse","ascension_level":16}