{"gold_per_floor":[115,265,265,275,275,275,306,306,306,350,350,373,386,88,88,181,181,205,232,232,255,72,72,35,75,100,134,404,429,429,453,453,544,544,558,558,891,910,965,965,428,459,485,485,485,516,0,0,0,0],"floor_reached":50,"playtime":23046,"items_purged":["Doubt","Injury"],"score":1015,"play_id":"a8a31599-a7da-4183-8800-1e7e910b9cc5","local_time":"20190126145733","is_ascension_mode":true,"campfire_choices":[{"data":"Zap","floor":6,"key":"SMITH"},{"floor":8,"key":"REST"},{"data":"Defragment","floor":15,"key":"SMITH"},{"floor":23,"key":"REST"},{"floor":30,"key":"REST"},{"floor":32,"key":"REST"},{"floor":40,"key":"REST"},{"floor":44,"key":"REST"},{"floor":49,"key":"RECALL"}],"neow_cost":"NONE","seed_source_timestamp":125021837090200,"circlet_count":0,"master_deck":["AscendersBane","Strike_B","Strike_B","Strike_B","Strike_B","Defend_B","Defend_B","Defend_B","Zap+1","Dualcast","Go for the Eyes","Cold Snap","Defragment+1","Auto Shields","Hologram","Ball Lightning","Electrodynamics","Cold Snap","Glacier","Loop","Doom and Gloom","Storm","Consume","Seek","White Noise+1","Madness","Madness"],"relics":["Cracked Core","Dream Catcher","Oddly Smooth Stone","Shuriken","Pen Nib","Bag of Preparation","Runic Capacitor","Fusion Hammer","Lantern","Omamori","Happy Flower","Juzu Bracelet","Busted Crown","Pocketwatch","Meat on the Bone","Gremlin Horn","Boot","Centennial Puzzle","Anchor","Red Mask"],"potions_floor_usage":[16,16,27,31,42,50],"damage_taken":[{"damage":1,"enemies":"Small Slimes","floor":1,"turns":3},{"damage":0,"enemies":"2 Louse","floor":4,"turns":3},{"damage":41,"enemies":"Lagavulin","floor":7,"turns":8},{"damage":34,"enemies":"3 Sentries","floor":10,"turns":13},{"damage":0,"enemies":"Cultist","floor":13,"turns":3},{"damage":13,"enemies":"Slime Boss","floor":16,"turns":7},{"damage":0,"enemies":"Spheric Guardian","floor":18,"turns":3},{"damage":0,"enemies":"Shell Parasite","floor":21,"turns":4},{"damage":6,"enemies":"Book of Stabbing","floor":25,"turns":5},{"damage":12,"enemies":"Gremlin Leader","floor":27,"turns":5},{"damage":0,"enemies":"Snecko","floor":31,"turns":5},{"damage":11,"enemies":"Automaton","floor":33,"turns":10},{"damage":0,"enemies":"Orb Walker","floor":35,"turns":3},{"damage":27,"enemies":"3 Darklings","floor":38,"turns":5},{"damage":30,"enemies":"2 Orb Walkers","floor":39,"turns":5},{"damage":24,"enemies":"Nemesis","floor":42,"turns":6},{"damage":3,"enemies":"Giant Head","floor":46,"turns":9},{"damage":45,"enemies":"Awakened One","floor":50,"turns":7}],"seed_played":"-6310892791633974488","potions_obtained":[{"floor":10,"key":"FocusPotion"},{"floor":13,"key":"SteroidPotion"},{"floor":18,"key":"Swift Potion"},{"floor":25,"key":"Swift Potion"},{"floor":33,"key":"Regen Potion"},{"floor":42,"key":"SkillPotion"}],"is_trial":false,"path_per_floor":["M","?","?","M","?","R","E","R","T","E","?","T","M","$","R","B",null,"M","T","?","M","$","R","$","E","T","E","?","T","R","M","R","B",null,"M","?","?","M","?","R","$","E","T","R","?","E","?","?","R","B"],"character_chosen":"DEFECT","items_purchased":["Runic Capacitor","Loop","Storm","Meat on the Bone","Gremlin Horn"],"campfire_rested":6,"item_purchase_floors":[14,22,24,41,41],"current_hp_per_floor":[63,63,63,63,63,63,22,43,43,9,32,32,32,32,32,19,58,58,58,58,58,58,71,71,65,65,53,18,18,39,51,71,60,68,68,68,68,41,11,32,32,35,35,56,56,53,53,40,40,0],"gold":0,"neow_bonus":"THREE_CARDS","is_prod":false,"is_daily":false,"chose_seed":false,"campfire_upgraded":2,"win_rate":0,"timestamp":1548543453,"path_taken":["M","?","?","?","?","R","E","R","T","E","?","?","?","?","R","BOSS","M","?","?","M","$","R","?","E","T","E","?","?","R","M","R","BOSS","M","?","?","M","?","R","$","E","T","R","?","E","?","?","R","BOSS"],"build_version":"2019-01-23","purchased_purges":2,"victory":false,"max_hp_per_floor":[71,71,71,71,71,71,71,71,71,71,71,71,71,71,71,71,71,71,71,71,71,71,71,71,71,71,71,71,71,71,71,71,71,71,71,71,71,71,71,71,71,71,71,71,71,71,71,71,71,71],"card_choices":[{"not_picked":["FTL","Beam Cell"],"picked":"Go for the Eyes","floor":0},{"not_picked":["Steam","Barrage"],"picked":"Conserve Battery","floor":1},{"not_picked":["Chill","Darkness"],"picked":"Cold Snap","floor":4},{"not_picked":["Ball Lightning","Auto Shields"],"picked":"Defragment","floor":7},{"not_picked":["FTL","Turbo"],"picked":"Auto Shields","floor":8},{"not_picked":["Go for the Eyes","Steam Power"],"picked":"Hologram","floor":10},{"not_picked":["Go for the Eyes","Steam Power"],"picked":"Ball Lightning","floor":13},{"not_picked":["Thunder Strike","All For One"],"picked":"Electrodynamics","floor":16},{"not_picked":["Steam","Barrage"],"picked":"Cold Snap","floor":18},{"not_picked":["Beam Cell","Steam Power+1"],"picked":"Glacier","floor":21},{"not_picked":["Go for the Eyes","Barrage+1"],"picked":"Doom and Gloom","floor":23},{"not_picked":["Hologram","Scrape"],"picked":"Consume","floor":25},{"not_picked":["Melter","Beam Cell","Coolheaded"],"picked":"SKIP","floor":27},{"not_picked":["Compile Driver","Aggregate+1","Lockon"],"picked":"SKIP","floor":31},{"not_picked":["Core Surge","Meteor Strike"],"picked":"Seek","floor":33},{"not_picked":["Sweeping Beam"],"picked":"SKIP","floor":35},{"not_picked":["Steam"],"picked":"SKIP","floor":38},{"not_picked":[],"picked":"White Noise+1","floor":40},{"not_picked":["Loop"],"picked":"SKIP","floor":42},{"not_picked":["Steam"],"picked":"SKIP","floor":46}],"player_experience":1165976,"relics_obtained":[{"floor":7,"key":"Oddly Smooth Stone"},{"floor":9,"key":"Shuriken"},{"floor":10,"key":"Pen Nib"},{"floor":12,"key":"Bag of Preparation"},{"floor":19,"key":"Lantern"},{"floor":25,"key":"Omamori"},{"floor":26,"key":"Happy Flower"},{"floor":27,"key":"Juzu Bracelet"},{"floor":39,"key":"Pocketwatch"},{"floor":42,"key":"Boot"},{"floor":43,"key":"Centennial Puzzle"},{"floor":46,"key":"Anchor"}],"event_choices":[{"damage_healed":0,"gold_gain":150,"player_choice":"AGREE","damage_taken":0,"max_hp_gain":0,"max_hp_loss":0,"event_name":"Liars Game","floor":2,"gold_loss":0,"cards_obtained":["Doubt"]},{"cards_removed":["Conserve Battery"],"damage_healed":0,"gold_gain":0,"player_choice":"Gave Card","damage_taken":0,"relics_obtained":["Dream Catcher"],"max_hp_gain":0,"max_hp_loss":0,"event_name":"WeMeetAgain","floor":3,"gold_loss":0},{"damage_healed":0,"gold_gain":0,"player_choice":"Take Wound","damage_taken":0,"relics_obtained":["Golden Idol"],"max_hp_gain":0,"max_hp_loss":0,"event_name":"Golden Idol","floor":5,"gold_loss":0,"cards_obtained":["Injury"]},{"damage_healed":23,"gold_gain":0,"player_choice":"Banana","damage_taken":0,"max_hp_gain":0,"max_hp_loss":0,"event_name":"Big Fish","floor":11,"gold_loss":0},{"damage_healed":0,"gold_gain":0,"player_choice":"Ignored","damage_taken":0,"max_hp_gain":0,"max_hp_loss":0,"event_name":"Ghosts","floor":20,"gold_loss":0},{"damage_healed":0,"gold_gain":270,"player_choice":"GOLD POTION GOLD GOLD ","damage_taken":35,"max_hp_gain":0,"max_hp_loss":0,"event_name":"Knowing Skull","floor":28,"potions_obtained":["Regen Potion"],"gold_loss":0,"cards_obtained":[]},{"cards_removed":["Defend_B"],"damage_healed":0,"gold_gain":0,"player_choice":"Removed Skill","damage_taken":0,"max_hp_gain":0,"max_hp_loss":0,"event_name":"Falling","floor":36,"gold_loss":0},{"damage_healed":0,"gold_gain":333,"player_choice":"Gave Idol","damage_taken":0,"max_hp_gain":0,"max_hp_loss":0,"event_name":"The Moai Head","floor":37,"relics_lost":["Golden Idol"],"gold_loss":0},{"damage_healed":0,"gold_gain":0,"player_choice":"Fight","damage_taken":0,"max_hp_gain":0,"max_hp_loss":0,"event_name":"Mysterious Sphere","floor":39,"gold_loss":0},{"damage_healed":0,"gold_gain":0,"player_choice":"Memory 1","damage_taken":0,"max_hp_gain":0,"max_hp_loss":0,"event_name":"SensoryStone","floor":45,"gold_loss":0},{"damage_healed":0,"gold_gain":0,"player_choice":"Paid","damage_taken":0,"relics_obtained":["Red Mask"],"max_hp_gain":0,"max_hp_loss":0,"event_name":"Tomb of Lord Red Mask","floor":47,"gold_loss":516},{"damage_healed":0,"gold_gain":0,"player_choice":"Embrace Madness","damage_taken":13,"max_hp_gain":0,"max_hp_loss":0,"event_name":"Winding Halls","floor":48,"gold_loss":0,"cards_obtained":["Madness","Madness"]}],"is_beta":false,"boss_relics":[{"not_picked":["Ectoplasm","Nuclear Battery"],"picked":"Fusion Hammer"},{"not_picked":["Snecko Eye","Philosopher\u0027s Stone"],"picked":"Busted Crown"}],"items_purged_floors":[14,22],"is_endless":false,"potions_floor_spawned":[10,13,18,25,33,39,42],"killed_by":"Awakened One","ascension_level":16}