{"gold_per_floor":[109,109,184,204,223,236,269,269,269,304,320,320,11,30,30,104,104,114,114,114,134,134],"floor_reached":22,"playtime":836,"items_purged":[],"score":323,"play_id":"55767044-d02b-4e66-8171-839ff3c8fc13","local_time":"20190123231710","is_ascension_mode":true,"campfire_choices":[{"data":"Heavy Blade","floor":8,"key":"SMITH"},{"data":"Inflame","floor":12,"key":"SMITH"},{"floor":15,"key":"REST"}],"neow_cost":"NONE","seed_source_timestamp":91860593587400,"circlet_count":0,"master_deck":["AscendersBane","Strike_R+1","Strike_R+1","Strike_R+1","Defend_R+1","Defend_R+1","Defend_R+1","Bash","Uppercut","Metallicize","Armaments","Heavy Blade+1","True Grit","Inflame+1","Inflame","Feed","Cleave+1","Juggernaut+1","Perfected Strike+1"],"relics":["Burning Blood","Omamori","Potion Belt","Matryoshka","Ancient Tea Set","Dream Catcher","Sundial","Incense Burner","Astrolabe"],"potions_floor_usage":[6,7,7,21],"damage_taken":[{"damage":1,"enemies":"2 Louse","floor":1,"turns":3},{"damage":8,"enemies":"Small Slimes","floor":4,"turns":4},{"damage":0,"enemies":"Cultist","floor":5,"turns":4},{"damage":9,"enemies":"Looter","floor":6,"turns":3},{"damage":14,"enemies":"Gremlin Nob","floor":7,"turns":4},{"damage":38,"enemies":"Lagavulin","floor":10,"turns":9},{"damage":14,"enemies":"Exordium Wildlife","floor":11,"turns":4},{"damage":7,"enemies":"Large Slime","floor":14,"turns":6},{"damage":33,"enemies":"Slime Boss","floor":16,"turns":8},{"damage":12,"enemies":"Chosen","floor":18,"turns":5},{"damage":53,"enemies":"3 Byrds","floor":21,"turns":7},{"damage":15,"enemies":"Snake Plant","floor":22,"turns":1}],"seed_played":"6870822561322517450","potions_obtained":[{"floor":1,"key":"Block Potion"},{"floor":4,"key":"Fire Potion"},{"floor":6,"key":"Strength Potion"},{"floor":14,"key":"SkillPotion"},{"floor":18,"key":"PowerPotion"}],"is_trial":false,"path_per_floor":["M","?","?","M","M","M","E","R","T","E","M","R","$","M","R","B",null,"M","?","$","M","M"],"character_chosen":"IRONCLAD","items_purchased":["Incense Burner"],"campfire_rested":1,"item_purchase_floors":[13],"current_hp_per_floor":[77,77,66,64,70,67,59,59,59,27,19,19,19,18,42,15,64,58,58,58,11,0],"gold":134,"neow_bonus":"RANDOM_COMMON_RELIC","is_prod":false,"is_daily":false,"chose_seed":false,"campfire_upgraded":2,"win_rate":0,"timestamp":1548314230,"path_taken":["M","?","?","M","M","M","E","R","T","E","M","R","$","M","R","BOSS","M","?","$","M","M"],"build_version":"2019-01-23","purchased_purges":0,"victory":false,"max_hp_per_floor":[80,80,80,80,80,80,80,80,80,80,80,80,80,80,80,80,80,80,80,80,80,80],"card_choices":[{"not_picked":["Infernal Blade","Shrug It Off"],"picked":"Uppercut","floor":1},{"not_picked":["Pommel Strike","Twin Strike"],"picked":"Metallicize","floor":4},{"not_picked":["Sword Boomerang","Corruption","Havoc"],"picked":"SKIP","floor":5},{"not_picked":["Dropkick","Second Wind"],"picked":"Armaments","floor":6},{"not_picked":["Clash","Bloodletting"],"picked":"Heavy Blade","floor":7},{"not_picked":["Brutality","Seeing Red"],"picked":"True Grit","floor":10},{"not_picked":["Iron Wave","Clash"],"picked":"Inflame","floor":11},{"not_picked":["Dropkick","Cleave","Headbutt"],"picked":"SKIP","floor":14},{"not_picked":["Flex","Fire Breathing"],"picked":"Inflame","floor":15},{"not_picked":["Dark Embrace","Immolate"],"picked":"Feed","floor":16},{"not_picked":["Thunderclap","Fire Breathing+1","Carnage"],"picked":"SKIP","floor":18},{"not_picked":["Headbutt","Uppercut","Reckless Charge"],"picked":"SKIP","floor":21}],"player_experience":1165140,"relics_obtained":[{"floor":7,"key":"Matryoshka"},{"floor":9,"key":"Ancient Tea Set"},{"floor":9,"key":"Dream Catcher"},{"floor":10,"key":"Sundial"}],"event_choices":[{"damage_healed":0,"gold_gain":0,"player_choice":"Box","damage_taken":0,"relics_obtained":["Potion Belt"],"max_hp_gain":0,"max_hp_loss":0,"event_name":"Big Fish","floor":2,"gold_loss":0,"cards_obtained":["Regret"]},{"damage_healed":0,"gold_gain":75,"player_choice":"Gather Gold","damage_taken":11,"max_hp_gain":0,"max_hp_loss":0,"event_name":"World of Goop","floor":3,"gold_loss":0},{"damage_healed":0,"gold_gain":0,"player_choice":"Simplicity","damage_taken":0,"max_hp_gain":0,"max_hp_loss":0,"event_name":"Back to Basics","floor":19,"gold_loss":0,"cards_upgraded":["Strike_R","Strike_R","Strike_R","Defend_R","Defend_R","Defend_R"]}],"is_beta":false,"boss_relics":[{"not_picked":["Philosopher\u0027s Stone","Runic Pyramid"],"picked":"Astrolabe"}],"items_purged_floors":[],"is_endless":false,"potions_floor_spawned":[1,4,6,14,18],"killed_by":"Snake Plant","ascension_level":13}