{"gold_per_floor":[111,33,33,33,53,86,86,119,188,188,45,57,71,88,88,193,193,204,214,247,247,257,283,302,337,337,337,262,279,292,0,0,95,95,115,127,147,166,184,184,184,184,209,225,255,355,389,409,409,409,409,409,15,41,41],"floor_reached":55,"playtime":3078,"items_purged":["Strike_R","Defend_R"],"score":856,"play_id":"0b308712-5b85-4ec9-aefa-b42df38c962d","local_time":"20190210152422","is_ascension_mode":false,"campfire_choices":[{"data":"Armaments","floor":7.0,"key":"SMITH"},{"data":"Spot Weakness","floor":10.0,"key":"SMITH"},{"data":"Battle Trance","floor":15.0,"key":"SMITH"},{"data":"Heavy Blade","floor":32.0,"key":"SMITH"},{"data":"Metallicize","floor":40.0,"key":"SMITH"},{"floor":42.0,"key":"RECALL"},{"floor":49.0,"key":"REST"},{"data":"Heavy Blade","floor":52,"key":"SMITH"}],"neow_cost":"NONE","seed_source_timestamp":0,"circlet_count":0,"master_deck":["Strike_R","Strike_R+1","Strike_R","Defend_R","Defend_R","Defend_R","Bash+1","True Grit","Spot Weakness+1","Armaments+1","Shrug It Off","Battle Trance+1","Infernal Blade+1","Shrug It Off+1","Havoc+1","Immolate","Whirlwind","Body Slam+1","Heavy Blade+1","Feed","Shrug It Off+1","Flame Barrier+1","Metallicize+1","Perfected Strike+1","Perfected Strike","Armaments+1","Impervious+1","True Grit+1","Sentinel+1","Spot Weakness+1","Dual Wield+1","Heavy Blade+1","Pommel Strike","Shrug It Off+1","Sword Boomerang+1","Mind Blast","Intimidate+1"],"special_seed":0,"relics":["Burning Blood","NeowsBlessing","Whetstone","Bag of Preparation","Toxic Egg 2","Vajra","Velvet Choker","Red Mask","Darkstone Periapt","Dodecahedron","Gremlin Horn","Mummified Hand","Black Star","Shuriken","Blood Vial","StoneCalendar","Champion Belt","Potion Belt","Bottled Flame","Red Skull"],"potions_floor_usage":[54,55],"damage_taken":[{"damage":0.0,"enemies":"Jaw Worm","floor":1.0,"turns":1.0},{"damage":0.0,"enemies":"Cultist","floor":5.0,"turns":1.0},{"damage":0.0,"enemies":"Gremlin Nob","floor":6.0,"turns":1.0},{"damage":12.0,"enemies":"3 Sentries","floor":8.0,"turns":10.0},{"damage":5.0,"enemies":"Small Slimes","floor":12.0,"turns":4.0},{"damage":4.0,"enemies":"2 Fungi Beasts","floor":13.0,"turns":3.0},{"damage":0.0,"enemies":"Blue Slaver","floor":14.0,"turns":3.0},{"damage":12.0,"enemies":"The Guardian","floor":16.0,"turns":13.0},{"damage":19.0,"enemies":"Spheric Guardian","floor":18.0,"turns":8.0},{"damage":0.0,"enemies":"3 Byrds","floor":19.0,"turns":3.0},{"damage":0.0,"enemies":"Masked Bandits","floor":20.0,"turns":3.0},{"damage":10.0,"enemies":"Centurion and Healer","floor":22.0,"turns":3.0},{"damage":5.0,"enemies":"Gremlin Leader","floor":23.0,"turns":4.0},{"damage":0.0,"enemies":"3 Cultists","floor":24.0,"turns":4.0},{"damage":9.0,"enemies":"Slavers","floor":25.0,"turns":4.0},{"damage":4.0,"enemies":"Snecko","floor":29.0,"turns":4.0},{"damage":0.0,"enemies":"Cultist and Chosen","floor":30.0,"turns":4.0},{"damage":22.0,"enemies":"Collector","floor":33.0,"turns":11.0},{"damage":0.0,"enemies":"3 Darklings","floor":35.0,"turns":3.0},{"damage":6.0,"enemies":"3 Shapes","floor":36.0,"turns":6.0},{"damage":0.0,"enemies":"Maw","floor":37.0,"turns":7.0},{"damage":0.0,"enemies":"Transient","floor":38.0,"turns":5.0},{"damage":13.0,"enemies":"Jaw Worm Horde","floor":39.0,"turns":4.0},{"damage":1.0,"enemies":"Sphere and 2 Shapes","floor":44.0,"turns":3.0},{"damage":53.0,"enemies":"Nemesis","floor":45.0,"turns":9.0},{"damage":16.0,"enemies":"Mind Bloom Boss Battle","floor":46.0,"turns":6.0},{"damage":20.0,"enemies":"Reptomancer","floor":47.0,"turns":7.0},{"damage":9.0,"enemies":"Maw","floor":48.0,"turns":7.0},{"damage":59,"enemies":"Awakened One","floor":50,"turns":14},{"damage":61,"enemies":"Shield and Spear","floor":54,"turns":6},{"damage":80,"enemies":"The Heart","floor":55,"turns":8}],"seed_played":"-740968705942913666","potions_obtained":[{"floor":1.0,"key":"Block Potion"},{"floor":5.0,"key":"SteroidPotion"},{"floor":6.0,"key":"AttackPotion"},{"floor":18.0,"key":"Poison Potion"},{"floor":23.0,"key":"Energy Potion"},{"floor":25.0,"key":"PowerPotion"},{"floor":29.0,"key":"Dexterity Potion"},{"floor":30.0,"key":"PowerPotion"},{"floor":33.0,"key":"LiquidBronze"},{"floor":36.0,"key":"Energy Potion"},{"floor":37.0,"key":"Energy Potion"},{"floor":39.0,"key":"Swift Potion"},{"floor":41.0,"key":"Strength Potion"},{"floor":54,"key":"Regen Potion"}],"is_trial":false,"path_per_floor":["M","$","?","$","M","E","R","E","T","R","$","M","M","M","R","B",null,"M","M","?","?","M","E","M","E","T","?","$","M","M","$","R","B",null,"M","M","M","M","M","R","?","R","T","M","E","?","E","M","R","B",null,"R","$","E","B"],"character_chosen":"IRONCLAD","items_purchased":["Spot Weakness","Vajra","Mummified Hand","Armaments+1","Mind Blast","Energy Potion","Energy Potion","FairyPotion"],"campfire_rested":1,"item_purchase_floors":[2,11,31,31,53,53,53,53],"current_hp_per_floor":[80,80,80,80,80,80,80,74,74,74,74,75,77,80,80,74,80,67,73,79,64,60,61,70,71,71,71,71,73,79,79,79,67,96,96,96,96,96,89,89,89,89,89,97,50,45,33,32,62,11,102,102,102,47,0],"gold":41,"neow_bonus":"THREE_ENEMY_KILL","is_prod":false,"is_daily":false,"chose_seed":false,"campfire_upgraded":6,"win_rate":0,"timestamp":1549833862,"path_taken":["M","$","?","?","M","E","R","E","T","R","$","M","M","M","R","BOSS","M","M","?","?","M","E","M","E","T","?","$","?","M","$","R","BOSS","M","?","M","M","M","R","?","R","T","?","E","?","E","M","R","BOSS","R","$","E","BOSS"],"build_version":"2019-01-23","purchased_purges":2,"victory":false,"max_hp_per_floor":[80,80,80,80,80,80,80,80,80,80,80,80,80,80,80,80,80,80,80,80,85,85,85,88,92,92,92,92,92,92,92,92,96,96,96,96,96,96,96,96,96,96,96,99,99,102,102,102,102,102,102,102,102,102,102],"card_choices":[{"not_picked":["Dropkick","Corruption"],"picked":"True Grit","floor":1.0},{"not_picked":["Sword Boomerang","Iron Wave"],"picked":"Armaments","floor":5.0},{"not_picked":["Rampage","Headbutt"],"picked":"Shrug It Off","floor":6.0},{"not_picked":["Fire Breathing","Clash"],"picked":"Battle Trance","floor":8.0},{"not_picked":["Perfected Strike","Heavy Blade"],"picked":"Infernal Blade+1","floor":12.0},{"not_picked":["True Grit+1","Blood for Blood"],"picked":"Shrug It Off+1","floor":13.0},{"not_picked":["Ghostly Armor+1","Twin Strike"],"picked":"Havoc+1","floor":14.0},{"not_picked":["Juggernaut","Double Tap+1"],"picked":"Immolate","floor":16.0},{"not_picked":["Hemokinesis+1","Twin Strike"],"picked":"Whirlwind","floor":18.0},{"not_picked":["Thunderclap+1","True Grit+1"],"picked":"Body Slam+1","floor":19.0},{"not_picked":["Pommel Strike","Clothesline"],"picked":"Heavy Blade","floor":20.0},{"not_picked":["Thunderclap+1","Shockwave+1"],"picked":"Feed","floor":22.0},{"not_picked":["Warcry+1","Battle Trance+1"],"picked":"Shrug It Off+1","floor":23.0},{"not_picked":["Pommel Strike+1","Clothesline+1"],"picked":"Flame Barrier+1","floor":24.0},{"not_picked":["Rampage","Thunderclap+1"],"picked":"Metallicize","floor":25.0},{"not_picked":["Twin Strike","Havoc+1"],"picked":"Perfected Strike+1","floor":29.0},{"not_picked":["Headbutt","Pummel"],"picked":"Perfected Strike","floor":30.0},{"not_picked":["Immolate","Reaper"],"picked":"Impervious+1","floor":33.0},{"not_picked":["Sword Boomerang","Clothesline"],"picked":"True Grit+1","floor":35.0},{"not_picked":["Body Slam+1","Second Wind+1"],"picked":"Sentinel+1","floor":36.0},{"not_picked":["Cleave","Perfected Strike"],"picked":"Spot Weakness+1","floor":37.0},{"not_picked":["Blood for Blood+1","Carnage"],"picked":"Dual Wield+1","floor":38.0},{"not_picked":["Intimidate+1","Thunderclap","Rupture"],"picked":"SKIP","floor":39.0},{"not_picked":["Havoc+1","Combust"],"picked":"Heavy Blade","floor":44.0},{"not_picked":["Bludgeon","Evolve","Reckless Charge"],"picked":"SKIP","floor":45.0},{"not_picked":["Corruption","Twin Strike"],"picked":"Pommel Strike","floor":46.0},{"not_picked":["Sentinel+1","Twin Strike"],"picked":"Shrug It Off+1","floor":47.0},{"not_picked":["Power Through+1","Cleave"],"picked":"Sword Boomerang+1","floor":48.0},{"not_picked":["Clash+1","Anger"],"picked":"Intimidate+1","floor":54}],"player_experience":149973,"relics_obtained":[{"floor":6.0,"key":"Whetstone"},{"floor":8.0,"key":"Bag of Preparation"},{"floor":9.0,"key":"Toxic Egg 2"},{"floor":20.0,"key":"Red Mask"},{"floor":23.0,"key":"Darkstone Periapt"},{"floor":25.0,"key":"Dodecahedron"},{"floor":26.0,"key":"Gremlin Horn"},{"floor":45.0,"key":"Shuriken"},{"floor":45.0,"key":"Blood Vial"},{"floor":46.0,"key":"StoneCalendar"},{"floor":47.0,"key":"Champion Belt"},{"floor":47.0,"key":"Potion Belt"},{"floor":54,"key":"Bottled Flame"},{"floor":54,"key":"Red Skull"}],"event_choices":[{"cards_removed":["Strike_R"],"damage_healed":0.0,"max_hp_gain":0.0,"max_hp_loss":0.0,"gold_gain":0.0,"event_name":"Wheel of Change","player_choice":"Card Removal","floor":3.0,"gold_loss":0.0,"damage_taken":0.0},{"damage_healed":0.0,"max_hp_gain":0.0,"max_hp_loss":0.0,"gold_gain":0.0,"event_name":"Masked Bandits","player_choice":"Fought Bandits","floor":20.0,"gold_loss":0.0,"damage_taken":0.0},{"damage_healed":0.0,"max_hp_gain":5.0,"max_hp_loss":0.0,"gold_gain":0.0,"event_name":"Forgotten Altar","player_choice":"Shed Blood","floor":21.0,"gold_loss":0.0,"damage_taken":20.0},{"damage_healed":0.0,"max_hp_gain":0.0,"max_hp_loss":0.0,"gold_gain":0.0,"event_name":"Ghosts","player_choice":"Ignored","floor":27.0,"gold_loss":0.0,"damage_taken":0.0},{"damage_healed":0.0,"max_hp_gain":0.0,"max_hp_loss":0.0,"gold_gain":0.0,"event_name":"Lab","player_choice":"Got Potions","floor":41.0,"gold_loss":0.0,"damage_taken":0.0},{"damage_healed":0.0,"max_hp_gain":0.0,"max_hp_loss":0.0,"gold_gain":0.0,"event_name":"MindBloom","player_choice":"Fight","floor":46.0,"gold_loss":0.0,"damage_taken":0.0}],"is_beta":false,"boss_relics":[{"not_picked":["Lizard Tail","Coffee Dripper"],"picked":"Velvet Choker"},{"not_picked":["Orrery","Black Blood"],"picked":"Black Star"}],"items_purged_floors":[28,53],"is_endless":false,"potions_floor_spawned":[1,5,6,18,23,25,29,30,33,36,37,39,44,54],"killed_by":"The Heart","ascension_level":0}