{"gold_per_floor":[217,66,79,90,40,68,78,78,78,78,78,78,98,128,128,128],"floor_reached":16,"playtime":476,"items_purged":["Strike_R"],"score":212,"play_id":"c494d242-346b-4377-9672-14a4c5e7e50e","local_time":"20190210213444","is_ascension_mode":true,"campfire_choices":[{"data":"Feed","floor":8,"key":"SMITH"},{"data":"Bash","floor":11,"key":"SMITH"},{"data":"Intimidate","floor":15,"key":"SMITH"}],"neow_cost":"NONE","seed_source_timestamp":18233194491700,"circlet_count":0,"master_deck":["AscendersBane","Strike_R","Strike_R","Strike_R","Defend_R","Defend_R","Defend_R","Defend_R","Bash+1","Feed+1","Infernal Blade+1","Intimidate+1"],"relics":["Burning Blood","Ice Cream","WingedGreaves","Incense Burner"],"potions_floor_usage":[6,6,16],"damage_taken":[{"damage":4,"enemies":"Jaw Worm","floor":1,"turns":4},{"damage":2,"enemies":"2 Louse","floor":3,"turns":4},{"damage":1,"enemies":"Cultist","floor":4,"turns":3},{"damage":32,"enemies":"Lagavulin","floor":6,"turns":4},{"damage":6,"enemies":"3 Louse","floor":7,"turns":6},{"damage":25,"enemies":"Large Slime","floor":13,"turns":7},{"damage":30,"enemies":"3 Sentries","floor":14,"turns":11},{"damage":30,"enemies":"Hexaghost","floor":16,"turns":9}],"seed_played":"3405643094503020785","potions_obtained":[{"floor":1,"key":"FearPotion"},{"floor":3,"key":"AttackPotion"},{"floor":6,"key":"Dexterity Potion"}],"is_trial":false,"path_per_floor":["M","$","M","M","?","E","M","R","T","?","R","?","M","E","R","B"],"character_chosen":"IRONCLAD","items_purchased":["Feed"],"campfire_rested":0,"item_purchase_floors":[2],"current_hp_per_floor":[70,70,77,81,81,55,58,58,58,63,63,63,48,28,28,0],"gold":128,"neow_bonus":"HUNDRED_GOLD","is_prod":false,"is_daily":false,"chose_seed":false,"campfire_upgraded":3,"win_rate":0,"timestamp":1549827284,"path_taken":["M","$","M","M","?","E","M","R","T","?","R","?","?","E","R","BOSS"],"build_version":"2019-01-23","purchased_purges":1,"victory":false,"max_hp_per_floor":[75,75,78,81,81,81,84,84,84,89,89,89,93,97,97,97],"card_choices":[{"not_picked":["Fire Breathing","Pommel Strike","Clothesline"],"picked":"SKIP","floor":1},{"not_picked":["Sentinel","Pommel Strike"],"picked":"Infernal Blade","floor":3},{"not_picked":["Uppercut","Carnage","Body Slam"],"picked":"SKIP","floor":4},{"not_picked":["Fiend Fire","Dual Wield","Thunderclap"],"picked":"SKIP","floor":6},{"not_picked":["Perfected Strike","Wild Strike","Reckless Charge"],"picked":"SKIP","floor":7},{"not_picked":["Dropkick","Rage"],"picked":"Intimidate","floor":13},{"not_picked":["Sentinel","Havoc","Perfected Strike"],"picked":"SKIP","floor":14}],"player_experience":703428,"relics_obtained":[{"floor":6,"key":"Ice Cream"},{"floor":9,"key":"WingedGreaves"},{"floor":14,"key":"Incense Burner"}],"event_choices":[{"cards_removed":["Strike_R"],"damage_healed":0,"gold_gain":0,"player_choice":"Card Removal","damage_taken":0,"max_hp_gain":0,"max_hp_loss":0,"event_name":"The Cleric","floor":5,"gold_loss":50},{"damage_healed":0,"gold_gain":0,"player_choice":"Donut","damage_taken":0,"max_hp_gain":5,"max_hp_loss":0,"event_name":"Big Fish","floor":10,"gold_loss":0},{"damage_healed":0,"gold_gain":0,"player_choice":"Forge","damage_taken":0,"max_hp_gain":0,"max_hp_loss":0,"event_name":"Accursed Blacksmith","floor":12,"gold_loss":0,"cards_upgraded":["Infernal Blade"]}],"is_beta":false,"boss_relics":[],"items_purged_floors":[2],"is_endless":false,"potions_floor_spawned":[1,3,6],"killed_by":"Hexaghost","ascension_level":14}