{"gold_per_floor":[111,125,136,60,135,135,154,172,197,230,230,243,258,289,289,384,384,396,414,426,445,445,217,217,229,229,246,260,279,279,294,294,389,389,409,0,15,32,47,47,82,82,82,0,27,46,46,60,60,60],"floor_reached":51,"playtime":2688,"items_purged":["Strike_R"],"score":754,"play_id":"16aa1eea-bc88-4457-9508-299e0c2dc927","local_time":"20190210191123","is_ascension_mode":false,"campfire_choices":[{"data":"Heavy Blade","floor":6,"key":"SMITH"},{"data":"Armaments","floor":11,"key":"SMITH"},{"floor":15,"key":"REST"},{"data":"Demon Form","floor":24,"key":"SMITH"},{"floor":32,"key":"REST"},{"floor":40,"key":"REST"},{"data":"Barricade","floor":42,"key":"SMITH"},{"data":"Limit Break","floor":47,"key":"SMITH"},{"data":"Pommel Strike","floor":49,"key":"SMITH"}],"neow_cost":"TEN_PERCENT_HP_LOSS","seed_source_timestamp":606309063112776,"circlet_count":0,"master_deck":["Strike_R","Strike_R+1","Defend_R","Defend_R","Defend_R","Defend_R","Bash","Perfected Strike","Heavy Blade+1","Disarm","Headbutt","Cleave+1","Armaments+1","Ghostly Armor","Juggernaut","Pommel Strike+1","Demon Form+1","Shrug It Off","Whirlwind+1","Shrug It Off","Heavy Blade+1","Barricade+1","Flex","Limit Break+1","Writhe","Disarm","Body Slam+1","True Grit+1"],"relics":["Burning Blood","Blood Vial","Bronze Scales","Whetstone","Sozu","Bag of Preparation","Pantograph","Cursed Key","Bottled Tornado","Lantern","Bottled Flame","Molten Egg 2","Red Mask","Dream Catcher"],"potions_floor_usage":[7,7,8,45,45],"damage_taken":[{"damage":1,"enemies":"Cultist","floor":1,"turns":3},{"damage":4,"enemies":"2 Louse","floor":2,"turns":3},{"damage":6,"enemies":"Jaw Worm","floor":3,"turns":4},{"damage":15,"enemies":"Lots of Slimes","floor":7,"turns":9},{"damage":1,"enemies":"3 Louse","floor":8,"turns":5},{"damage":20,"enemies":"Gremlin Nob","floor":10,"turns":4},{"damage":0,"enemies":"Looter","floor":12,"turns":4},{"damage":16,"enemies":"Exordium Thugs","floor":13,"turns":4},{"damage":36,"enemies":"Lagavulin","floor":14,"turns":6},{"damage":38,"enemies":"The Guardian","floor":16,"turns":14},{"damage":9,"enemies":"3 Byrds","floor":18,"turns":3},{"damage":4,"enemies":"Spheric Guardian","floor":19,"turns":4},{"damage":2,"enemies":"Snake Plant","floor":20,"turns":4},{"damage":18,"enemies":"Centurion and Healer","floor":21,"turns":8},{"damage":31,"enemies":"3 Cultists","floor":25,"turns":4},{"damage":15,"enemies":"Snecko","floor":27,"turns":5},{"damage":4,"enemies":"Centurion and Healer","floor":28,"turns":6},{"damage":5,"enemies":"3 Cultists","floor":29,"turns":4},{"damage":9,"enemies":"Snecko","floor":31,"turns":5},{"damage":55,"enemies":"Collector","floor":33,"turns":8},{"damage":28,"enemies":"Orb Walker","floor":35,"turns":6},{"damage":5,"enemies":"3 Shapes","floor":37,"turns":4},{"damage":20,"enemies":"Writhing Mass","floor":38,"turns":4},{"damage":3,"enemies":"3 Darklings","floor":39,"turns":4},{"damage":28,"enemies":"Giant Head","floor":41,"turns":7},{"damage":8,"enemies":"Nemesis","floor":45,"turns":5},{"damage":2,"enemies":"Maw","floor":46,"turns":6},{"damage":5,"enemies":"Transient","floor":48,"turns":5},{"damage":44,"enemies":"Time Eater","floor":50,"turns":6}],"seed_played":"4075381361578264922","potions_obtained":[{"floor":1,"key":"Poison Potion"},{"floor":2,"key":"EssenceOfSteel"},{"floor":3,"key":"Regen Potion"},{"floor":10,"key":"LiquidBronze"},{"floor":12,"key":"LiquidBronze"}],"is_trial":false,"path_per_floor":["M","M","M","$","?","R","M","M","T","E","R","M","M","E","R","B",null,"M","M","M","M","?","$","R","M","T","M","M","M","?","M","R","B",null,"M","$","M","M","M","R","E","R","T","?","E","M","R","M","R","B",null],"character_chosen":"IRONCLAD","items_purchased":["Disarm","Bag of Preparation","Bottled Tornado","Lantern"],"campfire_rested":3,"item_purchase_floors":[4,23,36,36],"current_hp_per_floor":[72,72,72,72,65,65,56,72,72,58,58,66,58,30,51,21,72,69,72,72,60,60,60,60,37,37,30,34,37,37,36,57,23,72,50,50,53,41,46,67,47,47,47,47,47,53,53,56,56,34],"gold":60,"neow_bonus":"REMOVE_TWO","is_prod":false,"is_daily":false,"chose_seed":false,"campfire_upgraded":6,"win_rate":0.0,"timestamp":1549822283,"path_taken":["M","M","M","$","?","R","M","?","T","E","R","M","?","E","R","BOSS","M","M","M","M","?","$","R","M","T","M","M","M","?","M","R","BOSS","M","$","M","M","?","R","E","R","T","?","E","M","R","M","R","BOSS"],"build_version":"2019-01-23","purchased_purges":1,"victory":true,"max_hp_per_floor":[72,72,72,72,72,72,72,72,72,72,72,72,72,72,72,72,72,72,72,72,72,72,72,72,72,72,72,72,72,72,72,72,72,72,72,72,72,72,72,72,72,72,72,72,72,72,72,72,72,72],"card_choices":[{"not_picked":["Power Through","Clash"],"picked":"Perfected Strike","floor":1},{"not_picked":["Fire Breathing","Thunderclap"],"picked":"Heavy Blade","floor":2},{"not_picked":["Sword Boomerang","Havoc","Wild Strike"],"picked":"SKIP","floor":3},{"not_picked":["Hemokinesis","Blood for Blood"],"picked":"Headbutt","floor":7},{"not_picked":["Havoc","Evolve"],"picked":"Cleave","floor":8},{"not_picked":["Anger","Hemokinesis"],"picked":"Armaments","floor":10},{"not_picked":["Warcry","Thunderclap","Cleave"],"picked":"SKIP","floor":12},{"not_picked":["Clothesline","Sword Boomerang","Perfected Strike"],"picked":"SKIP","floor":13},{"not_picked":["Limit Break","Carnage"],"picked":"Ghostly Armor","floor":14},{"not_picked":["Impervious","Brutality"],"picked":"Juggernaut","floor":16},{"not_picked":["Wild Strike","Perfected Strike","Combust"],"picked":"SKIP","floor":18},{"not_picked":["Second Wind+1","Rupture+1","Combust"],"picked":"SKIP","floor":19},{"not_picked":["Reckless Charge","Twin Strike"],"picked":"Pommel Strike","floor":20},{"not_picked":["Twin Strike+1","Thunderclap+1"],"picked":"Demon Form","floor":21},{"not_picked":["Sentinel+1","Cleave"],"picked":"Shrug It Off","floor":25},{"not_picked":["Perfected Strike","Blood for Blood+1","Dual Wield"],"picked":"SKIP","floor":27},{"not_picked":["Armaments","Iron Wave"],"picked":"Whirlwind+1","floor":28},{"not_picked":["Wild Strike","Rage"],"picked":"Shrug It Off","floor":29},{"not_picked":["Anger","Combust","Clash"],"picked":"SKIP","floor":31},{"not_picked":["Brutality","Offering"],"picked":"Barricade","floor":33},{"not_picked":["Clash","Iron Wave","Reckless Charge+1"],"picked":"SKIP","floor":35},{"not_picked":["Clash+1","Whirlwind+1","Warcry"],"picked":"SKIP","floor":37},{"not_picked":["Havoc","Iron Wave","Headbutt+1"],"picked":"SKIP","floor":38},{"not_picked":["Heavy Blade","Burning Pact"],"picked":"Flex","floor":39},{"not_picked":["Clash+1","Perfected Strike"],"picked":"Limit Break","floor":41},{"not_picked":["Perfected Strike+1","Clash+1"],"picked":"Disarm","floor":45},{"not_picked":["Spot Weakness","Sword Boomerang+1"],"picked":"Body Slam+1","floor":46},{"not_picked":["Bloodletting+1","Combust+1"],"picked":"True Grit+1","floor":48}],"player_experience":116613,"relics_obtained":[{"floor":9,"key":"Blood Vial"},{"floor":10,"key":"Bronze Scales"},{"floor":14,"key":"Whetstone"},{"floor":26,"key":"Pantograph"},{"floor":41,"key":"Bottled Flame"},{"floor":43,"key":"Molten Egg 2"},{"floor":45,"key":"Dream Catcher"}],"event_choices":[{"damage_healed":0,"gold_gain":75,"player_choice":"Touch","damage_taken":7,"max_hp_gain":0,"max_hp_loss":0,"event_name":"FaceTrader","floor":5,"gold_loss":0},{"damage_healed":0,"gold_gain":0,"player_choice":"Ignored","damage_taken":0,"max_hp_gain":0,"max_hp_loss":0,"event_name":"Ghosts","floor":22,"gold_loss":0},{"damage_healed":0,"gold_gain":0,"player_choice":"Copied","damage_taken":0,"max_hp_gain":0,"max_hp_loss":0,"event_name":"Duplicator","floor":30,"gold_loss":0,"cards_obtained":["Heavy Blade"]},{"damage_healed":0,"gold_gain":0,"player_choice":"Paid","damage_taken":0,"relics_obtained":["Red Mask"],"max_hp_gain":0,"max_hp_loss":0,"event_name":"Tomb of Lord Red Mask","floor":44,"gold_loss":82}],"is_beta":false,"boss_relics":[{"not_picked":["Velvet Choker","Orrery"],"picked":"Sozu"},{"not_picked":["White Beast Statue","Eternal Feather"],"picked":"Cursed Key"}],"items_purged_floors":[23],"is_endless":false,"potions_floor_spawned":[1,2,3,10,12,19,21,25,27,28,37,41,45],"ascension_level":0}