{"gold_per_floor":[110,110,110,35,53,53,96,96,96,111,139,139,63,81,81,200,200,224,243,243,262,275,275,290,290,314,339,339,339],"floor_reached":29,"playtime":1422,"items_purged":["Regret"],"score":225,"play_id":"eb06ef28-8964-4d19-aa96-cdd7e04ce9bd","local_time":"20190122125843","is_ascension_mode":false,"campfire_choices":[{"data":"Bash","floor":6,"key":"SMITH"},{"floor":12,"key":"REST"},{"data":"Inflame","floor":15,"key":"SMITH"},{"data":"Demon Form","floor":23,"key":"SMITH"},{"data":"Evolve","floor":25,"key":"SMITH"}],"neow_cost":"PERCENT_DAMAGE","seed_source_timestamp":143924865633329,"circlet_count":0,"master_deck":["Strike_R","Strike_R","Strike_R","Strike_R","Strike_R","Defend_R","Defend_R","Defend_R","Defend_R","Bash+1","Clothesline","Metallicize","Heavy Blade","Armaments","Inflame+1","Iron Wave","Demon Form+1","Shrug It Off","Twin Strike+1","Evolve+1"],"relics":["Black Blood","Golden Idol","Self Forming Clay","Bag of Marbles","Regal Pillow","Odd Mushroom","Centennial Puzzle"],"potions_floor_usage":[29,29],"damage_taken":[{"damage":3,"enemies":"Jaw Worm","floor":1,"turns":4},{"damage":0,"enemies":"Small Slimes","floor":5,"turns":3},{"damage":19,"enemies":"3 Sentries","floor":7,"turns":10},{"damage":1,"enemies":"Cultist","floor":10,"turns":4},{"damage":35,"enemies":"The Mushroom Lair","floor":11,"turns":5},{"damage":2,"enemies":"Large Slime","floor":14,"turns":6},{"damage":24,"enemies":"Slime Boss","floor":16,"turns":9},{"damage":26,"enemies":"3 Byrds","floor":18,"turns":6},{"damage":15,"enemies":"Shell Parasite","floor":19,"turns":5},{"damage":36,"enemies":"Snake Plant","floor":21,"turns":5},{"damage":17,"enemies":"Centurion and Healer","floor":22,"turns":7},{"damage":14,"enemies":"Snecko","floor":24,"turns":5},{"damage":34,"enemies":"Shelled Parasite and Fungi","floor":27,"turns":8},{"damage":45,"enemies":"Gremlin Leader","floor":29,"turns":3}],"seed_played":"-6960885263825824890","potions_obtained":[{"floor":7,"key":"Regen Potion"},{"floor":11,"key":"EssenceOfSteel"},{"floor":16,"key":"LiquidBronze"}],"is_trial":false,"path_per_floor":["M","?","?","$","M","R","E","$","T","M","?","R","$","M","R","B",null,"M","M","?","M","M","R","M","R","T","M","?","E"],"character_chosen":"IRONCLAD","items_purchased":["Inflame"],"campfire_rested":1,"item_purchase_floors":[13],"current_hp_per_floor":[59,59,59,59,65,65,52,52,52,57,28,67,67,71,71,53,80,64,59,90,64,57,57,53,53,53,29,29,0],"gold":339,"neow_bonus":"THREE_RARE_CARDS","is_prod":false,"is_daily":false,"chose_seed":false,"campfire_upgraded":4,"win_rate":0,"timestamp":1548133123,"path_taken":["M","?","?","$","M","R","E","$","T","M","?","R","?","M","R","BOSS","M","M","?","M","M","R","M","R","T","?","?","E"],"build_version":"2019-01-17v2","purchased_purges":1,"victory":false,"max_hp_per_floor":[80,80,80,80,80,80,80,80,80,80,80,80,80,80,80,80,80,80,80,90,90,90,90,90,90,90,90,90,90],"card_choices":[{"not_picked":["Exhume","Dark Embrace"],"picked":"Double Tap","floor":0},{"not_picked":["Headbutt","Havoc"],"picked":"Clothesline","floor":1},{"not_picked":["Combust","Shockwave"],"picked":"Metallicize","floor":5},{"not_picked":["Warcry","Reckless Charge"],"picked":"Heavy Blade","floor":7},{"not_picked":["Cleave","Clothesline"],"picked":"Armaments","floor":10},{"not_picked":["Burning Pact","Infernal Blade"],"picked":"Iron Wave","floor":14},{"not_picked":["Feed","Reaper"],"picked":"Demon Form","floor":16},{"not_picked":["Perfected Strike+1","Blood for Blood","Clothesline+1"],"picked":"SKIP","floor":18},{"not_picked":["Twin Strike+1","Anger+1"],"picked":"Shrug It Off","floor":19},{"not_picked":["Shrug It Off","Fire Breathing"],"picked":"Twin Strike+1","floor":21},{"not_picked":["Second Wind+1","Thunderclap","Havoc+1"],"picked":"SKIP","floor":22},{"not_picked":["Power Through","Iron Wave+1"],"picked":"Evolve","floor":24},{"not_picked":["Rage","Corruption+1","Combust"],"picked":"SKIP","floor":27}],"player_experience":122393,"relics_obtained":[{"floor":7,"key":"Bag of Marbles"},{"floor":9,"key":"Regal Pillow"},{"floor":11,"key":"Odd Mushroom"},{"floor":26,"key":"Centennial Puzzle"}],"event_choices":[{"damage_healed":0,"gold_gain":0,"player_choice":"Take Wound","damage_taken":0,"relics_obtained":["Golden Idol"],"max_hp_gain":0,"max_hp_loss":0,"event_name":"Golden Idol","floor":2,"gold_loss":0,"cards_obtained":["Injury"]},{"damage_healed":0,"gold_gain":0,"player_choice":"Box","damage_taken":0,"relics_obtained":["Self Forming Clay"],"max_hp_gain":0,"max_hp_loss":0,"event_name":"Big Fish","floor":3,"gold_loss":0,"cards_obtained":["Regret"]},{"damage_healed":0,"gold_gain":0,"player_choice":"Fought Mushrooms","damage_taken":0,"max_hp_gain":0,"max_hp_loss":0,"event_name":"Mushrooms","floor":11,"gold_loss":0},{"cards_removed":["Double Tap"],"damage_healed":21,"gold_gain":0,"player_choice":"Offered Rare","damage_taken":0,"max_hp_gain":10,"max_hp_loss":0,"event_name":"Bonfire Elementals","floor":20,"gold_loss":0},{"cards_removed":["Injury"],"damage_healed":0,"gold_gain":0,"player_choice":"Elegance","damage_taken":0,"max_hp_gain":0,"max_hp_loss":0,"event_name":"Back to Basics","floor":28,"gold_loss":0}],"is_beta":false,"boss_relics":[{"not_picked":["Runic Pyramid","Eternal Feather"],"picked":"Black Blood"}],"items_purged_floors":[4],"is_endless":false,"potions_floor_spawned":[7,11,16,19,24,27],"killed_by":"Gremlin Leader","ascension_level":0}