{"gold_per_floor":[119,135,11,27,44,44,59,87,87,100,100,100,115,140,140,219,219,230,250,250,175,195,195,213,213,285,295,327,342,342,403,403,476,476,492,106,106,125,125,153,164,199,225,225,235,235,269,286,286,286],"floor_reached":51,"playtime":4632,"items_purged":["Normality","Strike_B"],"score":1289,"play_id":"ecb4a1e3-454f-4e42-9d20-b55621fc0363","local_time":"20190124000655","is_ascension_mode":true,"campfire_choices":[{"data":"Zap","floor":6.0,"key":"SMITH"},{"data":"Defragment","floor":12.0,"key":"SMITH"},{"data":"Static Discharge","floor":15.0,"key":"SMITH"},{"data":"Coolheaded","floor":23,"key":"SMITH"},{"data":"Coolheaded","floor":25,"key":"SMITH"},{"data":"Thunder Strike","floor":30,"key":"SMITH"},{"data":"Go for the Eyes","floor":32,"key":"SMITH"},{"floor":46,"key":"REST"},{"floor":49,"key":"REST"}],"neow_cost":"CURSE","seed_source_timestamp":0,"circlet_count":0,"master_deck":["AscendersBane","Strike_B","Strike_B","Defend_B","Defend_B","Defend_B","Defend_B","Zap+1","Dualcast","Defragment+1","Conserve Battery","Ball Lightning","Coolheaded+1","Cold Snap","Static Discharge+1","Capacitor","Biased Cognition","Go for the Eyes+1","Skim","Compile Driver","Coolheaded+1","Thunder Strike+1","Cold Snap","Compile Driver","Core Surge","Thinking Ahead","Dark Shackles","Coolheaded","Biased Cognition","FTL+1","Static Discharge","Coolheaded"],"special_seed":0,"relics":["Cracked Core","Thread and Needle","Centennial Puzzle","Pantograph","Cables","Sozu","The Courier","Blue Candle","Tiny Chest","Fusion Hammer","MealTicket","Sundial","Gremlin Horn","Potion Belt","Mummified Hand"],"potions_floor_usage":[50],"damage_taken":[{"damage":3.0,"enemies":"Jaw Worm","floor":1.0,"turns":4.0},{"damage":0.0,"enemies":"2 Louse","floor":2.0,"turns":3.0},{"damage":0.0,"enemies":"Small Slimes","floor":4.0,"turns":3.0},{"damage":5.0,"enemies":"3 Louse","floor":5.0,"turns":3.0},{"damage":7.0,"enemies":"Lots of Slimes","floor":7.0,"turns":4.0},{"damage":17.0,"enemies":"Lagavulin","floor":8.0,"turns":6.0},{"damage":6.0,"enemies":"Gremlin Gang","floor":10.0,"turns":4.0},{"damage":4.0,"enemies":"Exordium Wildlife","floor":13.0,"turns":3.0},{"damage":5.0,"enemies":"Gremlin Nob","floor":14.0,"turns":3.0},{"damage":3.0,"enemies":"Hexaghost","floor":16.0,"turns":11.0},{"damage":7,"enemies":"Shell Parasite","floor":18,"turns":4},{"damage":4,"enemies":"Chosen","floor":19,"turns":4},{"damage":4,"enemies":"Shelled Parasite and Fungi","floor":22,"turns":4},{"damage":2,"enemies":"3 Cultists","floor":24,"turns":4},{"damage":0,"enemies":"Snake Plant","floor":27,"turns":3},{"damage":9,"enemies":"Gremlin Leader","floor":28,"turns":5},{"damage":4,"enemies":"Sentry and Sphere","floor":29,"turns":5},{"damage":3,"enemies":"Book of Stabbing","floor":31,"turns":7},{"damage":47,"enemies":"Automaton","floor":33,"turns":12},{"damage":1,"enemies":"Orb Walker","floor":35,"turns":3},{"damage":6,"enemies":"3 Darklings","floor":38,"turns":5},{"damage":43,"enemies":"Reptomancer","floor":40,"turns":8},{"damage":0,"enemies":"Sphere and 2 Shapes","floor":41,"turns":7},{"damage":0,"enemies":"Nemesis","floor":42,"turns":11},{"damage":0,"enemies":"Maw","floor":45,"turns":7},{"damage":14,"enemies":"Reptomancer","floor":47,"turns":5},{"damage":0,"enemies":"Transient","floor":48,"turns":5},{"damage":9,"enemies":"Donu and Deca","floor":50,"turns":14}],"seed_played":"7106777988213657610","potions_obtained":[{"floor":7.0,"key":"FearPotion"},{"floor":8.0,"key":"SkillPotion"},{"floor":14.0,"key":"AttackPotion"},{"floor":16.0,"key":"Ancient Potion"}],"is_trial":false,"path_per_floor":["M","M","$","M","M","R","M","E","T","M","?","R","M","E","R","B",null,"M","M","?","?","M","R","M","R","T","M","E","M","R","E","R","B",null,"M","$","?","M","?","E","M","E","T","?","M","R","E","M","R","B",null],"character_chosen":"DEFECT","items_purchased":["Ball Lightning","MealTicket","Thinking Ahead"],"campfire_rested":2,"item_purchase_floors":[3,36,36],"current_hp_per_floor":[65,65,65,65,60,60,53,36,36,30,30,30,26,21,21,43,67,60,56,56,56,52,52,50,50,50,50,41,37,37,34,34,12,59,58,58,58,52,52,9,9,9,9,9,9,30,16,16,37,53],"gold":286,"neow_bonus":"ONE_RARE_RELIC","is_prod":false,"is_daily":false,"chose_seed":false,"campfire_upgraded":7,"win_rate":0,"timestamp":1548317215,"path_taken":["M","M","$","M","M","R","M","E","T","M","?","R","M","E","R","BOSS","M","M","?","?","M","R","M","R","T","M","E","M","R","E","R","BOSS","M","$","?","M","?","E","M","E","T","?","M","R","E","M","R","BOSS"],"build_version":"2019-01-23","purchased_purges":2,"victory":true,"max_hp_per_floor":[75,75,75,75,75,75,75,75,75,75,75,75,75,75,75,75,75,75,75,75,75,75,75,75,75,75,75,75,75,75,75,75,75,75,75,75,75,75,71,71,71,71,71,71,71,71,71,71,71,71],"card_choices":[{"not_picked":["Cold Snap","Beam Cell"],"picked":"Defragment","floor":1.0},{"not_picked":["Go for the Eyes","Turbo"],"picked":"Conserve Battery","floor":2.0},{"not_picked":["Rebound","Heatsinks","Recycle"],"picked":"SKIP","floor":4.0},{"not_picked":["Amplify","Stack","Turbo"],"picked":"SKIP","floor":5.0},{"not_picked":["Amplify","Stack","Turbo"],"picked":"SKIP","floor":5.0},{"not_picked":["Turbo","Stack","Consume"],"picked":"SKIP","floor":7.0},{"not_picked":["Steam","Cold Snap"],"picked":"Coolheaded","floor":8.0},{"not_picked":["Leap","Streamline"],"picked":"Cold Snap","floor":10.0},{"not_picked":["Beam Cell","Go for the Eyes"],"picked":"Static Discharge","floor":13.0},{"not_picked":["Hologram","Undo"],"picked":"Capacitor","floor":14.0},{"not_picked":["Thunder Strike","Creative AI"],"picked":"Biased Cognition","floor":16.0},{"not_picked":["Heatsinks","Melter+1"],"picked":"Go for the Eyes","floor":18},{"not_picked":["Ball Lightning","Gash"],"picked":"Skim","floor":19},{"not_picked":["Force Field","Barrage"],"picked":"Compile Driver","floor":22},{"not_picked":["Conserve Battery","Steam"],"picked":"Coolheaded","floor":24},{"not_picked":["Blizzard","Gash"],"picked":"Thunder Strike","floor":27},{"not_picked":["Conserve Battery","Sweeping Beam"],"picked":"Cold Snap","floor":28},{"not_picked":["Ball Lightning","Beam Cell"],"picked":"Compile Driver","floor":29},{"not_picked":["Compile Driver","Storm","Rebound"],"picked":"SKIP","floor":31},{"not_picked":["Creative AI","Thunder Strike"],"picked":"Core Surge","floor":33},{"not_picked":["Ball Lightning+1","Hello World","Redo+1"],"picked":"SKIP","floor":35},{"not_picked":["Blind","Enlightenment"],"picked":"Dark Shackles","floor":37},{"not_picked":["Beam Cell","Blizzard"],"picked":"Coolheaded","floor":38},{"not_picked":["Melter","Ball Lightning"],"picked":"Biased Cognition","floor":40},{"not_picked":["Redo","Auto Shields+1","Self Repair"],"picked":"SKIP","floor":41},{"not_picked":["Beam Cell","Aggregate"],"picked":"FTL+1","floor":42},{"not_picked":["Gash","Self Repair","Conserve Battery"],"picked":"SKIP","floor":45},{"not_picked":["Hologram","Leap"],"picked":"Static Discharge","floor":47},{"not_picked":["Ball Lightning+1","Stack"],"picked":"Coolheaded","floor":48}],"player_experience":458381,"relics_obtained":[{"floor":8.0,"key":"Centennial Puzzle"},{"floor":9.0,"key":"Pantograph"},{"floor":14.0,"key":"Cables"},{"floor":26,"key":"The Courier"},{"floor":28,"key":"Blue Candle"},{"floor":31,"key":"Tiny Chest"},{"floor":40,"key":"Sundial"},{"floor":42,"key":"Gremlin Horn"},{"floor":43,"key":"Potion Belt"},{"floor":47,"key":"Mummified Hand"}],"event_choices":[{"damage_healed":0.0,"max_hp_gain":0.0,"max_hp_loss":0.0,"gold_gain":0.0,"event_name":"Liars Game","player_choice":"Ignored","floor":11.0,"gold_loss":0.0,"damage_taken":0.0},{"damage_healed":0,"gold_gain":0,"player_choice":"Ignored","damage_taken":0,"max_hp_gain":0,"max_hp_loss":0,"event_name":"Vampires","floor":20,"gold_loss":0},{"cards_removed":["Strike_B"],"damage_healed":0,"gold_gain":0,"player_choice":"Gave Gold","damage_taken":0,"max_hp_gain":0,"max_hp_loss":0,"event_name":"Beggar","floor":21,"gold_loss":75},{"damage_healed":0,"gold_gain":0,"player_choice":"Memory 1","damage_taken":0,"max_hp_gain":0,"max_hp_loss":0,"event_name":"SensoryStone","floor":37,"gold_loss":0},{"damage_healed":0,"gold_gain":0,"player_choice":"Max HP","damage_taken":0,"max_hp_gain":0,"max_hp_loss":4,"event_name":"Winding Halls","floor":39,"gold_loss":0},{"damage_healed":0,"gold_gain":0,"player_choice":"Ignored","damage_taken":0,"max_hp_gain":0,"max_hp_loss":0,"event_name":"Tomb of Lord Red Mask","floor":44,"gold_loss":0}],"is_beta":false,"boss_relics":[{"not_picked":["Cursed Key","White Beast Statue"],"picked":"Sozu"},{"not_picked":["Pandora\u0027s Box","Astrolabe"],"picked":"Fusion Hammer"}],"items_purged_floors":[3,36],"is_endless":false,"potions_floor_spawned":[7,8,10,14,16,18,22,29,31,35,41,48],"ascension_level":13}