{"gold_per_floor":[114,114,114,124,23,23,55,75,124,124,134,145,221,246,246,348,348,368,368,293,293,306,306,335,335,361,373,235,254,108,120,120,224,224,238,252,56,72,72,72,104,104,127,127,144,164,164,164,164,164],"floor_reached":51,"playtime":1402,"items_purged":["Strike_B"],"score":728,"play_id":"3cbebc76-df64-4085-ad0a-cc9525756979","local_time":"20181227004029","is_ascension_mode":false,"campfire_choices":[{"data":"Ball Lightning","floor":6.0,"key":"SMITH"},{"data":"Dualcast","floor":10.0,"key":"SMITH"},{"data":"Zap","floor":15.0,"key":"SMITH"},{"data":"Defragment","floor":23.0,"key":"SMITH"},{"data":"Echo Form","floor":25.0,"key":"SMITH"},{"data":"Ball Lightning","floor":27.0,"key":"SMITH"},{"data":"Go for the Eyes","floor":32.0,"key":"SMITH"},{"data":"Electrodynamics","floor":40.0,"key":"SMITH"},{"data":"Conserve Battery","floor":44.0,"key":"SMITH"},{"data":"Coolheaded","floor":47.0,"key":"SMITH"},{"data":"Defend_B","floor":49.0,"key":"SMITH"}],"neow_cost":"NONE","seed_source_timestamp":0,"circlet_count":0,"master_deck":["Strike_B+1","Defend_B+1","Defend_B","Defend_B+1","Zap+1","Dualcast+1","Ball Lightning+1","Coolheaded+1","Ball Lightning+1","Glacier+1","Echo Form+1","Defragment+1","Clumsy","Conserve Battery+1","Conserve Battery+1","Go for the Eyes+1","Electrodynamics+1","Chaos+1","Defragment+1","Clumsy"],"special_seed":0,"relics":["Cracked Core","Vajra","PreservedInsect","Torii","Cursed Key","Shuriken","MawBank","War Paint","Eternal Feather","DollysMirror","Whetstone","Bag of Preparation"],"potions_floor_usage":[50,50,50],"damage_taken":[{"damage":6.0,"enemies":"Jaw Worm","floor":1.0,"turns":3.0},{"damage":0.0,"enemies":"Cultist","floor":4.0,"turns":3.0},{"damage":14.0,"enemies":"Gremlin Nob","floor":7.0,"turns":4.0},{"damage":0.0,"enemies":"Small Slimes","floor":8.0,"turns":4.0},{"damage":0.0,"enemies":"3 Louse","floor":11.0,"turns":2.0},{"damage":5.0,"enemies":"Blue Slaver","floor":12.0,"turns":2.0},{"damage":11.0,"enemies":"Lagavulin","floor":14.0,"turns":4.0},{"damage":19.0,"enemies":"Slime Boss","floor":16.0,"turns":12.0},{"damage":15.0,"enemies":"3 Byrds","floor":18.0,"turns":3.0},{"damage":0.0,"enemies":"Spheric Guardian","floor":22.0,"turns":3.0},{"damage":21.0,"enemies":"Slavers","floor":24.0,"turns":5.0},{"damage":1.0,"enemies":"Chosen and Byrds","floor":29.0,"turns":5.0},{"damage":0.0,"enemies":"Snake Plant","floor":31.0,"turns":3.0},{"damage":29.0,"enemies":"Automaton","floor":33.0,"turns":12.0},{"damage":0.0,"enemies":"Orb Walker","floor":35.0,"turns":3.0},{"damage":7.0,"enemies":"3 Darklings","floor":36.0,"turns":4.0},{"damage":0.0,"enemies":"Sphere and 2 Shapes","floor":38.0,"turns":3.0},{"damage":0.0,"enemies":"Giant Head","floor":41.0,"turns":8.0},{"damage":1.0,"enemies":"Transient","floor":45.0,"turns":5.0},{"damage":0.0,"enemies":"4 Shapes","floor":46.0,"turns":2.0},{"damage":38,"enemies":"Donu and Deca","floor":50,"turns":8}],"seed_played":"-2375216984620340070","potions_obtained":[{"floor":7.0,"key":"Strength Potion"},{"floor":8.0,"key":"Fire Potion"},{"floor":11.0,"key":"EssenceOfSteel"},{"floor":16.0,"key":"PowerPotion"},{"floor":18.0,"key":"PowerPotion"},{"floor":33.0,"key":"SkillPotion"}],"is_trial":false,"path_per_floor":["M","?","$","M","$","R","E","M","T","R","M","M","?","E","R","B",null,"M","?","?","T","M","R","E","R","T","R","$","M","$","M","R","B",null,"M","M","$","M","?","R","E","?","T","R","M","M","R","?","R","B",null],"character_chosen":"DEFECT","items_purchased":["Ball Lightning","Coolheaded","War Paint","Conserve Battery","Go for the Eyes","DollysMirror"],"campfire_rested":0,"item_purchase_floors":[5,5,28,30,30,37],"current_hp_per_floor":[69,69,69,69,69,69,55,55,55,55,55,50,50,39,39,20,75,60,60,60,60,60,60,39,39,39,39,39,38,38,38,38,9,75,75,68,68,68,68,75,75,75,75,75,74,74,75,75,75,37],"gold":164,"neow_bonus":"REMOVE_CARD","is_prod":false,"is_daily":false,"chose_seed":false,"campfire_upgraded":11,"win_rate":0,"timestamp":1545871229,"path_taken":["M","?","$","?","?","R","E","M","T","R","M","M","?","E","R","BOSS","M","?","?","?","M","R","E","R","T","R","$","?","$","M","R","BOSS","M","M","$","M","?","R","E","?","T","R","M","M","R","?","R","BOSS"],"build_version":"2018-12-20","purchased_purges":1,"victory":true,"max_hp_per_floor":[75,75,75,75,75,75,75,75,75,75,75,75,75,75,75,75,75,75,75,75,75,75,75,75,75,75,75,75,75,75,75,75,75,75,75,75,75,75,75,75,75,75,75,75,75,75,75,75,75,75],"card_choices":[{"not_picked":["Barrage","Compile Driver","Sweeping Beam"],"picked":"SKIP","floor":1.0},{"not_picked":["Steam","Scrape","Rip and Tear"],"picked":"SKIP","floor":4.0},{"not_picked":["Static Discharge","Compile Driver","Steam"],"picked":"SKIP","floor":7.0},{"not_picked":["Leap","Gash"],"picked":"Ball Lightning","floor":8.0},{"not_picked":["Sweeping Beam","Beam Cell","Storm"],"picked":"SKIP","floor":11.0},{"not_picked":["Reinforced Body","Leap","Streamline"],"picked":"SKIP","floor":12.0},{"not_picked":["Barrage","Steam"],"picked":"Glacier","floor":14.0},{"not_picked":["Core Surge","Seek"],"picked":"Echo Form","floor":16.0},{"not_picked":["Storm+1","Steam"],"picked":"Defragment","floor":18.0},{"not_picked":["Sweeping Beam","Redo","Coolheaded"],"picked":"SKIP","floor":22.0},{"not_picked":["Coolheaded","Leap","Reinforced Body"],"picked":"SKIP","floor":24.0},{"not_picked":["Self Repair","Capacitor"],"picked":"Conserve Battery+1","floor":29.0},{"not_picked":["Turbo","Ball Lightning","Gash"],"picked":"SKIP","floor":31.0},{"not_picked":["Hyperbeam","Buffer"],"picked":"Electrodynamics","floor":33.0},{"not_picked":["Streamline","Storm+1","Leap"],"picked":"SKIP","floor":35.0},{"not_picked":["Melter+1","Steam"],"picked":"Chaos+1","floor":36.0},{"not_picked":["FTL","Cold Snap+1","Rebound+1"],"picked":"SKIP","floor":38.0},{"not_picked":["Sunder","Force Field+1","Redo"],"picked":"SKIP","floor":41.0},{"not_picked":["Sweeping Beam+1","Heatsinks+1","Barrage+1"],"picked":"SKIP","floor":45.0},{"not_picked":["Force Field","Recycle","Fusion"],"picked":"SKIP","floor":46.0}],"player_experience":917090,"relics_obtained":[{"floor":7.0,"key":"Vajra"},{"floor":9.0,"key":"PreservedInsect"},{"floor":14.0,"key":"Torii"},{"floor":24.0,"key":"Shuriken"},{"floor":26.0,"key":"MawBank"},{"floor":41.0,"key":"Whetstone"},{"floor":43.0,"key":"Bag of Preparation"}],"event_choices":[{"cards_removed":["Strike_B"],"damage_healed":0.0,"max_hp_gain":0.0,"max_hp_loss":0.0,"gold_gain":0.0,"event_name":"Bonfire Elementals","player_choice":"Offered Basic","floor":2.0,"gold_loss":0.0,"damage_taken":0.0},{"damage_healed":0.0,"max_hp_gain":0.0,"max_hp_loss":0.0,"gold_gain":76.0,"event_name":"Golden Wing","player_choice":"Gained Gold","floor":13.0,"gold_loss":0.0,"damage_taken":0.0},{"damage_healed":0.0,"max_hp_gain":0.0,"max_hp_loss":0.0,"gold_gain":0.0,"event_name":"Vampires","player_choice":"Ignored","floor":19.0,"gold_loss":0.0,"damage_taken":0.0},{"cards_removed":["Strike_B"],"damage_healed":0.0,"max_hp_gain":0.0,"max_hp_loss":0.0,"gold_gain":0.0,"event_name":"Beggar","player_choice":"Gave Gold","floor":20.0,"gold_loss":75.0,"damage_taken":0.0},{"damage_healed":0.0,"max_hp_gain":0.0,"max_hp_loss":0.0,"gold_gain":0.0,"event_name":"Mysterious Sphere","player_choice":"Ignored","floor":39.0,"gold_loss":0.0,"damage_taken":0.0},{"damage_healed":0.0,"max_hp_gain":0.0,"max_hp_loss":0.0,"gold_gain":0.0,"event_name":"Tomb of Lord Red Mask","player_choice":"Ignored","floor":42.0,"gold_loss":0.0,"damage_taken":0.0},{"damage_healed":0.0,"max_hp_gain":0.0,"max_hp_loss":0.0,"gold_gain":0.0,"event_name":"SensoryStone","player_choice":"Memory 1","floor":48.0,"gold_loss":0.0,"damage_taken":0.0}],"is_beta":false,"boss_relics":[{"not_picked":["Philosopher\u0027s Stone","Coffee Dripper"],"picked":"Cursed Key"},{"not_picked":["Velvet Choker","Pandora\u0027s Box"],"picked":"Eternal Feather"}],"items_purged_floors":[30],"is_endless":false,"potions_floor_spawned":[7,8,11,16,18,29,33,36,41,45],"ascension_level":0}