{"gold_per_floor":[18,18,18,37,37,69,84,48,48,62,96,109,109,123,123,221,221,235,81,81,63,63,63,63,63,63,63],"floor_reached":27,"playtime":2472,"items_purged":["Defend_B"],"score":323,"play_id":"100e1143-f14f-4113-9c5a-1c88d8fb3d89","local_time":"20180720215927","is_ascension_mode":true,"campfire_choices":[{"data":"Storm","floor":13.0,"key":"SMITH"},{"floor":15.0,"key":"REST"},{"floor":23.0,"key":"REST"},{"floor":25.0,"key":"REST"}],"neow_cost":"NO_GOLD","seed_source_timestamp":5532512735054,"circlet_count":0,"master_deck":["Strike_B+1","Strike_B","Strike_B","Defend_B","Defend_B","Defend_B","Zap","Dualcast","FTL","Cold Snap+1","Conserve Battery","Conserve Battery","White Noise","Reprogram","Storm+1","Cold Snap","Coolheaded","Echo Form","Turbo+1","Self Repair","Go for the Eyes+1","Decay"],"special_seed":0,"relics":["Cracked Core","Darkstone Periapt","Blood Vial","Happy Flower","Whetstone","Inserter","Ginger"],"potions_floor_usage":[27],"damage_taken":[{"damage":3.0,"enemies":"Small Slimes","floor":1.0,"turns":3.0},{"damage":0.0,"enemies":"2 Louse","floor":4.0,"turns":2.0},{"damage":9.0,"enemies":"Gremlin Nob","floor":6.0,"turns":3.0},{"damage":3.0,"enemies":"Jaw Worm","floor":7.0,"turns":3.0},{"damage":5.0,"enemies":"2 Fungi Beasts","floor":10.0,"turns":3.0},{"damage":19.0,"enemies":"Lagavulin","floor":11.0,"turns":7.0},{"damage":2.0,"enemies":"Looter","floor":12.0,"turns":3.0},{"damage":24.0,"enemies":"Lots of Slimes","floor":14.0,"turns":5.0},{"damage":38.0,"enemies":"Slime Boss","floor":16.0,"turns":13.0},{"damage":26.0,"enemies":"3 Byrds","floor":18.0,"turns":5.0},{"damage":38.0,"enemies":"2 Thieves","floor":21.0,"turns":4.0},{"damage":91,"enemies":"Gremlin Leader","floor":27,"turns":9}],"seed_played":"605222077374323416","potions_obtained":[{"floor":1.0,"key":"FocusPotion"},{"floor":6.0,"key":"SkillPotion"},{"floor":14.0,"key":"FearPotion"}],"is_trial":false,"path_per_floor":["M","?","?","M","T","E","M","$","T","M","E","M","R","M","R","B",null,"M","$","?","M","$","R","?","R","T"],"character_chosen":"DEFECT","items_purchased":["White Noise","Self Repair"],"campfire_rested":3,"item_purchase_floors":[8,19],"current_hp_per_floor":[79,84,77,77,77,68,67,67,67,64,54,54,54,32,60,24,77,53,53,53,24,24,52,58,88,88,0],"gold":63,"neow_bonus":"TWENTY_PERCENT_HP_BONUS","is_prod":false,"is_daily":false,"chose_seed":false,"campfire_upgraded":1,"win_rate":0,"timestamp":1532138367,"path_taken":["M","?","?","M","?","E","M","$","T","?","E","M","R","M","R","BOSS","M","$","?","M","?","R","?","R","T","E"],"build_version":"2018-07-19v2","purchased_purges":1,"victory":false,"max_hp_per_floor":[89,94,94,94,94,94,94,94,94,94,94,94,94,94,94,94,94,94,94,94,94,94,94,100,100,100,100],"card_choices":[{"not_picked":["Steam","Rip and Tear"],"picked":"FTL","floor":1.0},{"not_picked":["Turbo","Static Discharge"],"picked":"Cold Snap","floor":4.0},{"not_picked":["Loop","Stack"],"picked":"Conserve Battery","floor":6.0},{"not_picked":["Beam Cell","Compile Driver"],"picked":"Conserve Battery","floor":7.0},{"not_picked":["Hologram","Stack"],"picked":"Reprogram","floor":10.0},{"not_picked":["Cold Snap","FTL"],"picked":"Storm","floor":11.0},{"not_picked":["Compile Driver","Sweeping Beam"],"picked":"Cold Snap","floor":12.0},{"not_picked":["Ball Lightning","Tempest"],"picked":"Coolheaded","floor":14.0},{"not_picked":["Hyperbeam","Machine Learning"],"picked":"Echo Form","floor":16.0},{"not_picked":["Beam Cell","Compile Driver"],"picked":"Turbo+1","floor":18.0},{"not_picked":["Steam","Streamline"],"picked":"Go for the Eyes+1","floor":21.0}],"player_experience":441954,"relics_obtained":[{"floor":5.0,"key":"Darkstone Periapt"},{"floor":6.0,"key":"Blood Vial"},{"floor":9.0,"key":"Happy Flower"},{"floor":11.0,"key":"Whetstone"},{"floor":26.0,"key":"Ginger"}],"event_choices":[{"event_name":"Big Fish","player_choice":"Donut","floor":2.0,"damage_taken":0.0},{"event_name":"Golden Wing","player_choice":"Card Removal","floor":3.0,"damage_taken":0.0},{"event_name":"The Woman in Blue","player_choice":"Bought 0 Potions","floor":20.0,"damage_taken":0.0},{"event_name":"Forgotten Altar","player_choice":"Smashed Altar","floor":24.0,"damage_taken":0.0}],"is_beta":false,"boss_relics":[{"not_picked":["Runic Dome","Sozu"],"picked":"Inserter"}],"items_purged_floors":[19],"is_endless":false,"potions_floor_spawned":[1,6,14],"killed_by":"Gremlin Leader","ascension_level":7}