{"gold_per_floor":[111,125,138,153,153,153,110,444,444,479,498,530,530,543,543,622,622,638,648,648,666,679,679,698,698],"floor_reached":25,"playtime":1633,"items_purged":[],"score":454,"play_id":"387a374c-6274-4bbc-a978-2abc569a0f11","local_time":"20181227120828","is_ascension_mode":true,"campfire_choices":[{"data":"Glass Knife","floor":6.0,"key":"SMITH"},{"data":"Bouncing Flask","floor":13.0,"key":"SMITH"},{"floor":15.0,"key":"REST"},{"floor":23.0,"key":"REST"}],"neow_cost":"PERCENT_DAMAGE","seed_source_timestamp":869955644304463,"circlet_count":0,"master_deck":["AscendersBane","Defend_G","Defend_G","Defend_G","Defend_G","Defend_G","Strike_G","Strike_G","Strike_G","Strike_G","Survivor","Neutralize","Dash","Glass Knife+1","Infinite Blades","Deadly Poison","Dodge and Roll","Bouncing Flask+1","Noxious Fumes","Well Laid Plans","Die Die Die","Acrobatics+1","Catalyst","PiercingWail","Sucker Punch+1"],"special_seed":0,"relics":["Ring of the Snake","Du-Vu Doll","Matryoshka","Dodecahedron","Shovel","Fusion Hammer","Nloth\u0027s Gift"],"potions_floor_usage":[25,25],"damage_taken":[{"damage":1.0,"enemies":"2 Louse","floor":1.0,"turns":4.0},{"damage":0.0,"enemies":"Cultist","floor":2.0,"turns":4.0},{"damage":7.0,"enemies":"Small Slimes","floor":3.0,"turns":5.0},{"damage":2.0,"enemies":"3 Louse","floor":4.0,"turns":6.0},{"damage":9.0,"enemies":"3 Sentries","floor":8.0,"turns":7.0},{"damage":7.0,"enemies":"Lagavulin","floor":10.0,"turns":5.0},{"damage":0.0,"enemies":"2 Fungi Beasts","floor":11.0,"turns":2.0},{"damage":3.0,"enemies":"Gremlin Nob","floor":12.0,"turns":4.0},{"damage":1.0,"enemies":"Looter","floor":14.0,"turns":2.0},{"damage":12.0,"enemies":"The Guardian","floor":16.0,"turns":8.0},{"damage":0.0,"enemies":"Spheric Guardian","floor":18.0,"turns":3.0},{"damage":27.0,"enemies":"2 Thieves","floor":19.0,"turns":4.0},{"damage":14.0,"enemies":"Cultist and Chosen","floor":21.0,"turns":5.0},{"damage":0.0,"enemies":"Centurion and Healer","floor":22.0,"turns":5.0},{"damage":28,"enemies":"Shelled Parasite and Fungi","floor":24,"turns":4},{"damage":8,"enemies":"Snake Plant","floor":25,"turns":1}],"seed_played":"-1237716788780629277","potions_obtained":[{"floor":1.0,"key":"Poison Potion"},{"floor":10.0,"key":"PowerPotion"},{"floor":12.0,"key":"Weak Potion"},{"floor":14.0,"key":"Strength Potion"},{"floor":19.0,"key":"SpeedPotion"},{"floor":21.0,"key":"Fire Potion"},{"floor":22.0,"key":"Fire Potion"}],"is_trial":false,"path_per_floor":["M","M","M","M","?","R","$","E","T","E","M","E","R","M","R","B",null,"M","M","?","M","M","R","M","M"],"character_chosen":"THE_SILENT","items_purchased":["Infinite Blades"],"campfire_rested":2,"item_purchase_floors":[7],"current_hp_per_floor":[43,43,36,34,34,34,34,25,25,18,18,15,15,14,33,21,55,55,28,28,14,14,33,5,0],"gold":698,"neow_bonus":"ONE_RARE_RELIC","is_prod":false,"is_daily":false,"chose_seed":false,"campfire_upgraded":2,"win_rate":0,"timestamp":1545941308,"path_taken":["M","M","M","M","?","R","$","E","T","E","M","E","R","M","R","BOSS","M","?","?","?","M","R","M","M"],"build_version":"2018-12-20","purchased_purges":0,"victory":false,"max_hp_per_floor":[66,66,66,66,66,66,66,66,66,66,66,66,66,66,66,66,66,66,66,66,66,66,66,66,66],"card_choices":[{"not_picked":["Outmaneuver","Deflect","Concentrate"],"picked":"SKIP","floor":2.0},{"not_picked":["Dagger Spray","Slice"],"picked":"Dash","floor":3.0},{"not_picked":["Blur","Bouncing Flask"],"picked":"Glass Knife","floor":4.0},{"not_picked":["Calculated Gamble","PiercingWail"],"picked":"Deadly Poison","floor":8.0},{"not_picked":["Blade Dance","Dagger Throw"],"picked":"Dodge and Roll","floor":10.0},{"not_picked":["Sucker Punch","PiercingWail"],"picked":"Bouncing Flask","floor":11.0},{"not_picked":["Reflex","Outmaneuver"],"picked":"Noxious Fumes","floor":12.0},{"not_picked":["Noxious Fumes","Acrobatics"],"picked":"Well Laid Plans","floor":14.0},{"not_picked":["Envenom","Night Terror"],"picked":"Die Die Die","floor":16.0},{"not_picked":["Cloak And Dagger","Eviscerate+1"],"picked":"Acrobatics+1","floor":18.0},{"not_picked":["Heel Hook","Concentrate"],"picked":"Catalyst","floor":19.0},{"not_picked":["Deadly Poison","Endless Agony"],"picked":"PiercingWail","floor":21.0},{"not_picked":["Acrobatics","PiercingWail+1"],"picked":"Sucker Punch+1","floor":22.0},{"not_picked":["Phantasmal Killer","Prepared","Slice"],"picked":"SKIP","floor":24}],"player_experience":226860,"relics_obtained":[{"floor":8.0,"key":"Old Coin"},{"floor":9.0,"key":"Matryoshka"},{"floor":10.0,"key":"Dodecahedron"},{"floor":12.0,"key":"Shovel"}],"event_choices":[{"cards_removed":["Strike_G"],"damage_healed":0.0,"max_hp_gain":0.0,"max_hp_loss":0.0,"gold_gain":0.0,"event_name":"Bonfire Elementals","player_choice":"Offered Basic","floor":5.0,"gold_loss":0.0,"damage_taken":0.0},{"damage_healed":0.0,"max_hp_gain":0.0,"max_hp_loss":0.0,"gold_gain":0.0,"event_name":"N\u0027loth","player_choice":"Traded Relic","floor":20.0,"relics_lost":["Old Coin"],"gold_loss":0.0,"damage_taken":0.0,"relics_obtained":["Nloth\u0027s Gift"]}],"is_beta":false,"boss_relics":[{"not_picked":["White Beast Statue","Empty Cage"],"picked":"Fusion Hammer"}],"items_purged_floors":[],"is_endless":false,"potions_floor_spawned":[1,10,12,14,18,19,21,22],"killed_by":"Snake Plant","ascension_level":20}