{"gold_per_floor":[216,216,216,229,245,263,279,318,368,368,318,318,358,426,426,545,545,558,558,558,578,426,426,426,426,426,441,356,399,418,442,442,566,566,591,312,312,326,326,326,344,364,364,388,404,366,366,391,391,391],"floor_reached":50,"playtime":1748,"items_purged":["Defend_B"],"score":454,"play_id":"d315f467-9f3c-49fa-9e19-16c1c2a803f9","local_time":"20181207003029","is_ascension_mode":false,"campfire_choices":[{"data":"Defragment","floor":10.0,"key":"SMITH"},{"floor":12.0,"key":"REST"},{"data":"Dualcast","floor":15.0,"key":"SMITH"},{"data":"Go for the Eyes","floor":23.0,"key":"SMITH"},{"data":"Capacitor","floor":25.0,"key":"SMITH"},{"floor":32.0,"key":"REST"},{"data":"Echo Form","floor":40.0,"key":"SMITH"},{"data":"Blizzard","floor":47,"key":"SMITH"},{"data":"Zap","floor":49,"key":"SMITH"}],"neow_cost":"NONE","seed_source_timestamp":0,"circlet_count":0,"master_deck":["Strike_B","Strike_B","Defend_B","Defend_B","Zap+1","Dualcast+1","Defragment+1","Cold Snap","Ball Lightning","Coolheaded","Capacitor+1","Go for the Eyes+1","Echo Form+1","Rebound+1","Glacier","Chill","Ball Lightning+1","Cold Snap+1","BootSequence","Capacitor","Blizzard+1","Conserve Battery+1"],"special_seed":0,"relics":["Cracked Core","Golden Idol","Potion Belt","Regal Pillow","Ornamental Fan","Bag of Marbles","Cursed Key","PreservedInsect","Centennial Puzzle","Red Mask","Runic Pyramid","Membership Card"],"potions_floor_usage":[50],"damage_taken":[{"damage":2.0,"enemies":"2 Louse","floor":1.0,"turns":3.0},{"damage":1.0,"enemies":"Small Slimes","floor":4.0,"turns":4.0},{"damage":7.0,"enemies":"Jaw Worm","floor":5.0,"turns":4.0},{"damage":10.0,"enemies":"2 Fungi Beasts","floor":6.0,"turns":3.0},{"damage":0.0,"enemies":"Large Slime","floor":7.0,"turns":4.0},{"damage":14.0,"enemies":"Gremlin Nob","floor":8.0,"turns":4.0},{"damage":12.0,"enemies":"3 Sentries","floor":13.0,"turns":9.0},{"damage":12.0,"enemies":"Lagavulin Event","floor":14.0,"turns":6.0},{"damage":21.0,"enemies":"Hexaghost","floor":16.0,"turns":10.0},{"damage":0.0,"enemies":"3 Byrds","floor":18.0,"turns":4.0},{"damage":10.0,"enemies":"Shell Parasite","floor":21.0,"turns":6.0},{"damage":12.0,"enemies":"Shelled Parasite and Fungi","floor":27.0,"turns":6.0},{"damage":17.0,"enemies":"Masked Bandits","floor":29.0,"turns":6.0},{"damage":0.0,"enemies":"Chosen and Byrds","floor":30.0,"turns":5.0},{"damage":0.0,"enemies":"Snake Plant","floor":31.0,"turns":4.0},{"damage":9.0,"enemies":"Champ","floor":33.0,"turns":10.0},{"damage":0.0,"enemies":"Orb Walker","floor":35.0,"turns":3.0},{"damage":12.0,"enemies":"3 Darklings","floor":38.0,"turns":6.0},{"damage":2.0,"enemies":"4 Shapes","floor":41.0,"turns":5.0},{"damage":21.0,"enemies":"Jaw Worm Horde","floor":42.0,"turns":5.0},{"damage":0,"enemies":"Maw","floor":44,"turns":8},{"damage":22,"enemies":"Spire Growth","floor":45,"turns":6},{"damage":0,"enemies":"Sphere and 2 Shapes","floor":48,"turns":6},{"damage":10,"enemies":"Awakened One","floor":50,"turns":3}],"seed_played":"-8591144832531303448","potions_obtained":[{"floor":4.0,"key":"Block Potion"},{"floor":7.0,"key":"SpeedPotion"},{"floor":8.0,"key":"EssenceOfSteel"},{"floor":13.0,"key":"Poison Potion"},{"floor":18.0,"key":"Block Potion"},{"floor":38.0,"key":"Explosive Potion"},{"floor":41.0,"key":"FearPotion"}],"is_trial":false,"path_per_floor":["M","?","?","M","M","M","M","E","T","R","?","R","E","?","R","B",null,"M","$","?","M","$","R","T","R","T","M","?","?","M","M","R","B",null,"M","$","?","M","?","R","M","M","T","M","M","$","R","M","R","B"],"character_chosen":"DEFECT","items_purchased":["PreservedInsect","Membership Card","Capacitor","Blizzard"],"campfire_rested":2,"item_purchase_floors":[22,36,36,36],"current_hp_per_floor":[73,55,48,47,40,30,30,16,16,16,16,53,41,29,29,8,75,75,75,75,65,65,65,65,65,65,53,53,36,36,36,73,64,75,75,75,75,63,63,63,61,40,40,40,18,18,18,18,18,8],"gold":391,"neow_bonus":"HUNDRED_GOLD","is_prod":false,"is_daily":false,"chose_seed":false,"campfire_upgraded":7,"win_rate":0,"timestamp":1544142629,"path_taken":["M","?","?","M","M","M","M","E","T","R","?","R","E","?","R","BOSS","M","$","?","M","$","R","?","R","T","M","?","?","?","M","R","BOSS","M","$","?","M","?","R","M","M","T","M","M","$","R","M","R","BOSS"],"build_version":"2018-11-15","purchased_purges":1,"victory":false,"max_hp_per_floor":[75,75,75,75,75,75,75,75,75,75,75,75,75,75,75,75,75,75,75,75,75,75,75,75,75,75,75,75,75,75,75,75,75,75,75,75,75,75,75,75,75,75,75,75,75,75,75,75,75,75],"card_choices":[{"not_picked":["Rebound","Steam"],"picked":"Defragment","floor":1.0},{"not_picked":["Compile Driver","Redo","Steam"],"picked":"SKIP","floor":4.0},{"not_picked":["Beam Cell","Rip and Tear"],"picked":"Cold Snap","floor":5.0},{"not_picked":["Doom and Gloom","Leap"],"picked":"Ball Lightning","floor":6.0},{"not_picked":["Blizzard","Streamline"],"picked":"Coolheaded","floor":7.0},{"not_picked":["Machine Learning","Coolheaded","Hologram"],"picked":"SKIP","floor":8.0},{"not_picked":["Go for the Eyes","Barrage"],"picked":"Capacitor","floor":13.0},{"not_picked":["Redo","Gash"],"picked":"Go for the Eyes","floor":14.0},{"not_picked":["Amplify","Reboot"],"picked":"Echo Form","floor":16.0},{"not_picked":["Gash+1","Fusion"],"picked":"Rebound+1","floor":18.0},{"not_picked":["Darkness+1","Conserve Battery"],"picked":"Glacier","floor":21.0},{"not_picked":["Go for the Eyes","Darkness"],"picked":"Chill","floor":27.0},{"not_picked":["Coolheaded","Conserve Battery"],"picked":"Ball Lightning+1","floor":29.0},{"not_picked":["Redo","Hello World"],"picked":"Cold Snap+1","floor":30.0},{"not_picked":["Coolheaded","Leap+1","Beam Cell"],"picked":"SKIP","floor":31.0},{"not_picked":["Cold Snap","Ball Lightning+1"],"picked":"BootSequence","floor":35.0},{"not_picked":["Force Field+1","Compile Driver","Conserve Battery"],"picked":"SKIP","floor":38.0},{"not_picked":["Redo","Heatsinks","Coolheaded"],"picked":"SKIP","floor":41.0},{"not_picked":["Reprogram+1","Rip and Tear","Streamline+1"],"picked":"SKIP","floor":42.0},{"not_picked":["Beam Cell","Steam Power+1","FTL"],"picked":"SKIP","floor":44},{"not_picked":["Turbo","Genetic Algorithm+1","White Noise"],"picked":"SKIP","floor":45},{"not_picked":["Cold Snap","Creative AI"],"picked":"Conserve Battery+1","floor":48}],"player_experience":861372,"relics_obtained":[{"floor":8.0,"key":"Potion Belt"},{"floor":9.0,"key":"Regal Pillow"},{"floor":13.0,"key":"Ornamental Fan"},{"floor":14.0,"key":"Bag of Marbles"},{"floor":29.0,"key":"Red Mask"}],"event_choices":[{"damage_healed":0.0,"max_hp_gain":0.0,"max_hp_loss":0.0,"gold_gain":0.0,"event_name":"Golden Idol","player_choice":"Take Damage","floor":2.0,"gold_loss":0.0,"damage_taken":18.0,"relics_obtained":["Golden Idol"]},{"cards_removed":["Strike_B"],"damage_healed":0.0,"max_hp_gain":0.0,"max_hp_loss":0.0,"gold_gain":0.0,"event_name":"Golden Wing","player_choice":"Card Removal","floor":3.0,"gold_loss":0.0,"damage_taken":7.0},{"cards_removed":["Strike_B"],"damage_healed":0.0,"max_hp_gain":0.0,"max_hp_loss":0.0,"gold_gain":0.0,"event_name":"The Cleric","player_choice":"Card Removal","floor":11.0,"gold_loss":50.0,"damage_taken":0.0},{"damage_healed":0.0,"max_hp_gain":0.0,"max_hp_loss":0.0,"gold_gain":30.0,"event_name":"Dead Adventurer","player_choice":"Searched \u00273\u0027 times","floor":14.0,"gold_loss":0.0,"damage_taken":0.0},{"damage_healed":0.0,"max_hp_gain":0.0,"max_hp_loss":0.0,"gold_gain":0.0,"event_name":"Vampires","player_choice":"Ignored","floor":20.0,"gold_loss":0.0,"damage_taken":0.0},{"damage_healed":0.0,"max_hp_gain":0.0,"max_hp_loss":0.0,"gold_gain":0.0,"event_name":"Addict","player_choice":"Obtained Relic","floor":28.0,"gold_loss":85.0,"damage_taken":0.0,"relics_obtained":["Centennial Puzzle"]},{"damage_healed":0.0,"max_hp_gain":0.0,"max_hp_loss":0.0,"gold_gain":0.0,"event_name":"Masked Bandits","player_choice":"Fought Bandits","floor":29.0,"gold_loss":0.0,"damage_taken":0.0},{"cards_removed":["Defend_B"],"damage_healed":0.0,"max_hp_gain":0.0,"max_hp_loss":0.0,"gold_gain":0.0,"event_name":"Falling","player_choice":"Removed Skill","floor":37.0,"gold_loss":0.0,"damage_taken":0.0},{"damage_healed":0.0,"max_hp_gain":0.0,"max_hp_loss":0.0,"gold_gain":0.0,"event_name":"SensoryStone","player_choice":"Memory 1","floor":39.0,"gold_loss":0.0,"damage_taken":0.0}],"is_beta":false,"boss_relics":[{"not_picked":["Philosopher\u0027s Stone","White Beast Statue"],"picked":"Cursed Key"},{"not_picked":["Runic Dome","Pandora\u0027s Box"],"picked":"Runic Pyramid"}],"items_purged_floors":[46],"is_endless":false,"potions_floor_spawned":[4,7,8,13,18,27,29,38,41],"killed_by":"Awakened One","ascension_level":0}