{"gold_per_floor":[117,117,130,205,222,222,248,248,248,258,270,270,270,300,300,300],"floor_reached":16,"playtime":843,"items_purged":[],"score":193,"play_id":"5d815048-66e6-4f10-96ac-7cb93324354a","local_time":"20181105205808","is_ascension_mode":true,"campfire_choices":[{"data":"Neutralize","floor":6,"key":"SMITH"},{"floor":8,"key":"REST"},{"floor":13,"key":"REST"},{"floor":15,"key":"REST"}],"neow_cost":"NONE","seed_source_timestamp":102728296117221,"circlet_count":0,"master_deck":["AscendersBane","Defend_G","Defend_G","Defend_G","Defend_G","Defend_G","Strike_G","Strike_G","Strike_G","Strike_G","Survivor","Neutralize+1","Burst","Catalyst","Poisoned Stab","Quick Slash","Dagger Spray","Skewer","Catalyst","Cloak And Dagger"],"relics":["Ring of the Snake","Sundial","PreservedInsect","Ginger"],"potions_floor_usage":[7,10,11],"damage_taken":[{"damage":6,"enemies":"Jaw Worm","floor":1,"turns":6},{"damage":0,"enemies":"2 Louse","floor":3,"turns":5},{"damage":0,"enemies":"Small Slimes","floor":5,"turns":5},{"damage":33,"enemies":"Lagavulin","floor":7,"turns":8},{"damage":3,"enemies":"Blue Slaver","floor":10,"turns":4},{"damage":2,"enemies":"Large Slime","floor":11,"turns":7},{"damage":15,"enemies":"Gremlin Nob","floor":14,"turns":4},{"damage":41,"enemies":"The Guardian","floor":16,"turns":9}],"seed_played":"1436021498998845903","potions_obtained":[{"floor":1,"key":"Explosive Potion"},{"floor":5,"key":"Strength Potion"},{"floor":10,"key":"Block Potion"}],"is_trial":false,"path_per_floor":["M","?","M","?","M","R","E","R","T","M","M","?","R","E","R","B"],"character_chosen":"THE_SILENT","items_purchased":[],"campfire_rested":3,"item_purchase_floors":[],"current_hp_per_floor":[53,46,46,35,35,35,2,21,21,18,16,16,35,20,39,0],"gold":300,"neow_bonus":"ONE_RANDOM_RARE_CARD","is_prod":false,"is_daily":false,"chose_seed":false,"campfire_upgraded":1,"win_rate":0,"timestamp":1541469488,"path_taken":["M","?","M","?","M","R","E","R","T","M","M","?","R","E","R","BOSS"],"build_version":"2018-11-01","purchased_purges":0,"victory":false,"max_hp_per_floor":[66,66,66,66,66,66,66,66,66,66,66,66,66,66,66,66],"card_choices":[{"not_picked":["Concentrate","Poisoned Stab"],"picked":"Catalyst","floor":1},{"not_picked":["Riddle With Holes","Leg Sweep"],"picked":"Poisoned Stab","floor":3},{"not_picked":["Outmaneuver","Acrobatics"],"picked":"Quick Slash","floor":5},{"not_picked":["Infinite Blades","Glass Knife"],"picked":"Dagger Spray","floor":7},{"not_picked":["Riddle With Holes","Blade Dance"],"picked":"Skewer","floor":10},{"not_picked":["Blade Dance","Heel Hook"],"picked":"Catalyst","floor":11},{"not_picked":["Distraction","Acrobatics"],"picked":"Cloak And Dagger","floor":14}],"player_experience":3282753,"relics_obtained":[{"floor":7,"key":"Sundial"},{"floor":9,"key":"PreservedInsect"},{"floor":14,"key":"Ginger"}],"event_choices":[{"cards_removed":["Strike_G"],"damage_healed":0,"gold_gain":0,"player_choice":"Card Removal","damage_taken":7,"max_hp_gain":0,"max_hp_loss":0,"event_name":"Golden Wing","floor":2,"gold_loss":0},{"damage_healed":0,"gold_gain":75,"player_choice":"Gather Gold","damage_taken":11,"max_hp_gain":0,"max_hp_loss":0,"event_name":"World of Goop","floor":4,"gold_loss":0},{"damage_healed":0,"gold_gain":0,"player_choice":"Fled","damage_taken":0,"max_hp_gain":0,"max_hp_loss":0,"event_name":"Scrap Ooze","floor":12,"gold_loss":0}],"is_beta":false,"boss_relics":[],"items_purged_floors":[],"is_endless":false,"potions_floor_spawned":[1,5,10],"killed_by":"The Guardian","ascension_level":15}