{"gold_per_floor":[114,389,401,401,414,414,446,446,473,504,452,452,462,473,473,473],"floor_reached":16,"playtime":595,"items_purged":[],"score":149,"play_id":"c51d8e01-a9cf-4446-829e-ea7b13aee6b2","local_time":"20190208191846","is_ascension_mode":true,"campfire_choices":[{"data":"Uppercut","floor":6,"key":"SMITH"},{"floor":8,"key":"REST"},{"data":"Body Slam","floor":12,"key":"SMITH"},{"data":"Whirlwind","floor":15,"key":"SMITH"}],"neow_cost":"NONE","seed_source_timestamp":1544210605719,"circlet_count":0,"master_deck":["Strike_R","Strike_R","Strike_R","Strike_R","Strike_R","Defend_R","Defend_R","Defend_R","Defend_R","Bash","Uppercut+1","Body Slam+1","Whirlwind+1","Shrug It Off","Metallicize","Spot Weakness","Shrug It Off"],"relics":["Burning Blood","Centennial Puzzle","Juzu Bracelet","Blood Vial","Dream Catcher","Letter Opener"],"potions_floor_usage":[7,10],"damage_taken":[{"damage":8,"enemies":"Jaw Worm","floor":1,"turns":6},{"damage":14,"enemies":"Cultist","floor":3,"turns":4},{"damage":5,"enemies":"2 Louse","floor":5,"turns":3},{"damage":28,"enemies":"Lagavulin","floor":7,"turns":6},{"damage":21,"enemies":"3 Sentries","floor":10,"turns":6},{"damage":3,"enemies":"Looter","floor":13,"turns":3},{"damage":4,"enemies":"Red Slaver","floor":14,"turns":3},{"damage":61,"enemies":"Hexaghost","floor":16,"turns":11}],"seed_played":"7525980937153812044","potions_obtained":[{"floor":5,"key":"Block Potion"},{"floor":7,"key":"AttackPotion"},{"floor":14,"key":"SteroidPotion"}],"is_trial":false,"path_per_floor":["M","?","M","?","M","R","E","R","T","E","?","R","M","M","R","B"],"character_chosen":"IRONCLAD","items_purchased":[],"campfire_rested":1,"item_purchase_floors":[],"current_hp_per_floor":[70,70,62,55,56,56,34,58,58,45,45,45,50,54,54,0],"gold":473,"neow_bonus":"RANDOM_COMMON_RELIC","is_prod":false,"is_daily":false,"chose_seed":false,"campfire_upgraded":3,"win_rate":0,"timestamp":1549621126,"path_taken":["M","?","?","?","M","R","E","R","T","E","?","R","M","M","R","BOSS"],"build_version":"2019-01-23","purchased_purges":0,"victory":false,"max_hp_per_floor":[80,80,80,80,80,80,80,80,80,80,80,80,80,80,80,80],"card_choices":[{"not_picked":["Wild Strike","Armaments"],"picked":"Uppercut","floor":1},{"not_picked":["Twin Strike","Reckless Charge"],"picked":"Body Slam","floor":3},{"not_picked":["Thunderclap","Dropkick"],"picked":"Whirlwind","floor":5},{"not_picked":["Body Slam","Thunderclap"],"picked":"Shrug It Off","floor":7},{"not_picked":["Battle Trance","Heavy Blade"],"picked":"Metallicize","floor":10},{"not_picked":["Flex","Sword Boomerang"],"picked":"Spot Weakness","floor":13},{"not_picked":["Rage","Warcry"],"picked":"Shrug It Off","floor":14}],"player_experience":835804,"relics_obtained":[{"floor":7,"key":"Juzu Bracelet"},{"floor":9,"key":"Blood Vial"},{"floor":10,"key":"Dream Catcher"}],"event_choices":[{"damage_healed":0,"gold_gain":275,"player_choice":"Desecrate","damage_taken":0,"max_hp_gain":0,"max_hp_loss":0,"event_name":"Golden Shrine","floor":2,"gold_loss":0,"cards_obtained":["Regret"]},{"cards_removed":["Regret"],"damage_healed":0,"gold_gain":0,"player_choice":"Card Removal","damage_taken":7,"max_hp_gain":0,"max_hp_loss":0,"event_name":"Golden Wing","floor":4,"gold_loss":0},{"damage_healed":0,"gold_gain":0,"player_choice":"Paid Gold","damage_taken":0,"relics_obtained":["Letter Opener"],"max_hp_gain":0,"max_hp_loss":0,"event_name":"WeMeetAgain","floor":11,"gold_loss":52}],"is_beta":false,"boss_relics":[],"items_purged_floors":[],"is_endless":false,"potions_floor_spawned":[5,7,14],"killed_by":"Hexaghost","ascension_level":7}