{"gold_per_floor":[109,129,140,110,125,125,143,143,221,146,165,90,90,90,90,185,185,196,214,247,72,84,95,95,95,119,131,131,6,6,16,16,111,161,179,259,109,409,631,631,647,647,671,671,671,688,699,710,710,710],"floor_reached":51,"playtime":1010,"items_purged":["Defend_R","Defend_R","Strike_R","Perfected Strike"],"score":664,"play_id":"1785a3c2-a2b3-4407-853f-84795a882073","local_time":"20180925212843","is_ascension_mode":false,"campfire_choices":[{"data":"Cleave","floor":6,"key":"SMITH"},{"data":"Flex","floor":8,"key":"SMITH"},{"data":"Inflame","floor":13,"key":"SMITH"},{"data":"Spot Weakness","floor":15,"key":"SMITH"},{"floor":24,"key":"REST"},{"data":"Double Tap","floor":28,"key":"SMITH"},{"floor":32,"key":"REST"},{"data":"Limit Break","floor":40,"key":"SMITH"},{"data":"Flex","floor":45,"key":"SMITH"},{"floor":49,"key":"REST"}],"neow_cost":"PERCENT_DAMAGE","seed_source_timestamp":1477308184658161,"circlet_count":0,"master_deck":["Strike_R","Strike_R","Strike_R","Strike_R","Bash","Cleave+1","Cleave","Flex+1","Inflame+1","Spot Weakness+1","Offering","Cleave+1","Clash+1","Flex+1","Double Tap+1","Thunderclap+1","Limit Break+1","Inflame"],"special_seed":0,"relics":["Burning Blood","Meat on the Bone","Sozu","Red Mask","MutagenicStrength","Pen Nib","Mercury Hourglass","Tiny House","Gremlin Horn","Omamori"],"potions_floor_usage":[16,19,22,33],"damage_taken":[{"damage":0.0,"enemies":"Small Slimes","floor":1.0,"turns":3.0},{"damage":6.0,"enemies":"Cultist","floor":2.0,"turns":3.0},{"damage":0.0,"enemies":"2 Louse","floor":3.0,"turns":1.0},{"damage":8,"enemies":"Large Slime","floor":5,"turns":5},{"damage":14,"enemies":"Blue Slaver","floor":7,"turns":3},{"damage":6,"enemies":"Gremlin Gang","floor":11,"turns":2},{"damage":50,"enemies":"The Guardian","floor":16,"turns":7},{"damage":16,"enemies":"Chosen","floor":18,"turns":2},{"damage":25,"enemies":"2 Thieves","floor":19,"turns":3},{"damage":6,"enemies":"Masked Bandits","floor":20,"turns":1},{"damage":9,"enemies":"Snake Plant","floor":22,"turns":4},{"damage":12,"enemies":"Cultist and Chosen","floor":23,"turns":3},{"damage":45,"enemies":"Shelled Parasite and Fungi","floor":27,"turns":3},{"damage":6,"enemies":"Snake Plant","floor":31,"turns":1},{"damage":18,"enemies":"Champ","floor":33,"turns":4},{"damage":14,"enemies":"3 Darklings","floor":35,"turns":3},{"damage":0,"enemies":"3 Shapes","floor":41,"turns":1},{"damage":41,"enemies":"Maw","floor":46,"turns":4},{"damage":0,"enemies":"3 Darklings","floor":47,"turns":2},{"damage":6,"enemies":"Reptomancer","floor":48,"turns":1},{"damage":52,"enemies":"Donu and Deca","floor":50,"turns":5}],"seed_played":"-853328586029606803","potions_obtained":[{"floor":2.0,"key":"FearPotion"},{"floor":4,"key":"Ancient Potion"},{"floor":4,"key":"FearPotion"},{"floor":5,"key":"AttackPotion"},{"floor":16,"key":"Block Potion"}],"is_trial":false,"path_per_floor":["M","M","M","?","M","R","M","R","T","$","M","$","R","?","R","B",null,"M","M","?","$","M","M","R","?","T","M","R","$","T","M","R","B",null,"M","T","$","?","?","R","M","?","T","?","R","M","M","M","R","B"],"character_chosen":"IRONCLAD","items_purchased":["Spot Weakness","Clash","Flex"],"campfire_rested":3,"item_purchase_floors":[12,21,21],"current_hp_per_floor":[62,62,68,68,66,66,58,58,58,58,58,58,58,58,58,26,80,70,51,51,51,48,54,78,78,78,51,51,51,51,51,75,63,85,77,77,77,77,77,77,83,83,83,85,85,50,56,56,81,47],"gold":710,"neow_bonus":"REMOVE_TWO","is_prod":false,"is_daily":false,"chose_seed":false,"campfire_upgraded":7,"win_rate":0,"timestamp":1537925323,"path_taken":["M","M","M","?","?","R","M","R","T","$","M","$","R","?","R","BOSS","M","M","?","$","M","?","R","?","T","M","R","$","?","M","R","BOSS","M","?","$","?","?","R","M","?","T","?","R","M","M","M","R","BOSS"],"build_version":"2018-09-20","purchased_purges":4,"victory":true,"max_hp_per_floor":[80,80,80,80,80,80,80,80,80,80,80,80,80,80,80,80,80,80,80,80,80,80,80,80,80,80,80,80,80,80,80,80,80,85,85,85,85,85,85,85,85,85,85,85,85,85,85,85,85,85],"card_choices":[{"not_picked":["Seeing Red","Pommel Strike"],"picked":"Cleave","floor":1.0},{"not_picked":["Power Through","Bloodletting"],"picked":"Clash","floor":2.0},{"not_picked":["Uppercut","Bloodletting"],"picked":"Cleave","floor":3},{"not_picked":["Iron Wave","Sword Boomerang","Juggernaut"],"picked":"SKIP","floor":5},{"not_picked":["Clash","Sword Boomerang"],"picked":"Flex","floor":7},{"not_picked":["Flame Barrier","Twin Strike"],"picked":"Inflame","floor":11},{"not_picked":["Berserk","Fiend Fire"],"picked":"Offering","floor":16},{"not_picked":["Perfected Strike+1","Burning Pact"],"picked":"Cleave+1","floor":18},{"not_picked":["Heavy Blade","Searing Blow","Body Slam"],"picked":"SKIP","floor":19},{"not_picked":["Evolve","Warcry","Uppercut"],"picked":"SKIP","floor":22},{"not_picked":["Twin Strike+1","Intimidate","Uppercut"],"picked":"SKIP","floor":23},{"not_picked":["Thunderclap","Reckless Charge"],"picked":"Double Tap","floor":27},{"not_picked":["Shrug It Off","Sword Boomerang"],"picked":"Thunderclap+1","floor":31},{"not_picked":["Fiend Fire","Demon Form"],"picked":"Limit Break","floor":33},{"not_picked":["Whirlwind","Thunderclap+1"],"picked":"Perfected Strike","floor":35},{"not_picked":["Combust","Iron Wave","Clothesline"],"picked":"SKIP","floor":41},{"not_picked":["Intimidate+1","Warcry+1","Brutality"],"picked":"SKIP","floor":46},{"not_picked":["Heavy Blade","Disarm","True Grit+1"],"picked":"SKIP","floor":47},{"not_picked":["Anger","Twin Strike"],"picked":"Inflame","floor":48}],"player_experience":2814768,"relics_obtained":[{"floor":9,"key":"Meat on the Bone"},{"floor":20,"key":"Red Mask"},{"floor":26,"key":"Pen Nib"},{"floor":30,"key":"Mercury Hourglass"},{"floor":36,"key":"Gremlin Horn"},{"floor":43,"key":"Omamori"}],"event_choices":[{"event_name":"The Woman in Blue","player_choice":"Bought 2 Potions","floor":4,"damage_taken":0},{"event_name":"The Lab","player_choice":"Got Potions","floor":14,"damage_taken":0},{"event_name":"Masked Bandits","player_choice":"Fought Bandits","floor":20,"damage_taken":0},{"event_name":"Drug Dealer","player_choice":"Inject Mutagens","floor":25,"damage_taken":0},{"event_name":"Wheel of Change","player_choice":"Gold","floor":38,"damage_taken":0},{"event_name":"Tomb of Lord Red Mask","player_choice":"Wore Mask","floor":39,"damage_taken":0},{"event_name":"Falling","player_choice":"Removed Attack","floor":42,"damage_taken":0},{"event_name":"MindBloom","player_choice":"Heal","floor":44,"damage_taken":0}],"is_beta":false,"boss_relics":[{"not_picked":["Velvet Choker","Black Blood"],"picked":"Sozu"},{"not_picked":["Eternal Feather","Calling Bell"],"picked":"Tiny House"}],"items_purged_floors":[10,21,29,37],"is_endless":false,"potions_floor_spawned":[2,5,16,18,20,31,33,41,46],"ascension_level":0}