{"gold_per_floor":[115,39,39,39,53,53,73,73,73,73,107,169,52,69,69,171,171,186,4,22,38,53,53,70,70,142,155,187,85,85,105,105,205,205,221,238,238,250,304,304,304,304,304,304,324,102,102,122,122,122],"floor_reached":51,"playtime":1814,"items_purged":["Strike_B","Strike_B","Defend_B"],"score":742,"play_id":"b6981efe-2841-49ad-8428-f3edc7635fc6","local_time":"20190107224943","is_ascension_mode":false,"campfire_choices":[{"data":"Defragment","floor":6.0,"key":"SMITH"},{"data":"Zap","floor":10.0,"key":"SMITH"},{"data":"Defragment","floor":15.0,"key":"SMITH"},{"data":"Apotheosis","floor":23.0,"key":"SMITH"},{"data":"Rainbow","floor":30.0,"key":"SMITH"},{"data":"Strike_B","floor":32.0,"key":"PURGE"},{"data":"Madness","floor":40.0,"key":"PURGE"},{"data":"Madness","floor":42.0,"key":"SMITH"},{"floor":47.0,"key":"REST"},{"data":"Parasite","floor":49,"key":"PURGE"}],"neow_cost":"NONE","seed_source_timestamp":1219640456396660,"circlet_count":0,"master_deck":["Defend_B","Defend_B+1","Zap+1","Dualcast+1","Defragment+1","Ball Lightning+1","Capacitor","Ball Lightning","Defragment+1","BootSequence+1","Rainbow+1","Tempest+1","Apotheosis+1","Chill","Fusion+1","Go for the Eyes+1","Defragment","Coolheaded+1","Leap","Defragment","Amplify","White Noise+1","Madness+1","Capacitor","Reboot"],"special_seed":0,"relics":["Cracked Core","The Courier","Mercury Hourglass","Peace Pipe","Question Card","Nuclear Battery","Meat on the Bone","Gambling Chip","Sozu","Whetstone","Ancient Tea Set","War Paint"],"potions_floor_usage":[],"damage_taken":[{"damage":0.0,"enemies":"Small Slimes","floor":1.0,"turns":2.0},{"damage":6.0,"enemies":"Jaw Worm","floor":5.0,"turns":3.0},{"damage":0.0,"enemies":"2 Louse","floor":7.0,"turns":1.0},{"damage":14.0,"enemies":"Gremlin Nob","floor":11.0,"turns":3.0},{"damage":14.0,"enemies":"Gremlin Nob","floor":12.0,"turns":3.0},{"damage":0.0,"enemies":"Exordium Wildlife","floor":14.0,"turns":2.0},{"damage":19.0,"enemies":"Hexaghost","floor":16.0,"turns":7.0},{"damage":3.0,"enemies":"2 Thieves","floor":18.0,"turns":3.0},{"damage":0.0,"enemies":"Chosen","floor":20.0,"turns":2.0},{"damage":2.0,"enemies":"Snecko","floor":21.0,"turns":4.0},{"damage":15.0,"enemies":"Snake Plant","floor":22.0,"turns":3.0},{"damage":0.0,"enemies":"Chosen and Byrds","floor":24.0,"turns":4.0},{"damage":10.0,"enemies":"Centurion and Healer","floor":27.0,"turns":3.0},{"damage":24.0,"enemies":"Gremlin Leader","floor":28.0,"turns":7.0},{"damage":0.0,"enemies":"Cultist and Chosen","floor":31.0,"turns":4.0},{"damage":0.0,"enemies":"Automaton","floor":33.0,"turns":8.0},{"damage":6.0,"enemies":"3 Darklings","floor":35.0,"turns":6.0},{"damage":5.0,"enemies":"3 Shapes","floor":36.0,"turns":3.0},{"damage":0.0,"enemies":"Maw","floor":38.0,"turns":5.0},{"damage":8.0,"enemies":"Transient","floor":45.0,"turns":5.0},{"damage":8,"enemies":"Writhing Mass","floor":48,"turns":4},{"damage":27,"enemies":"Time Eater","floor":50,"turns":10}],"seed_played":"4551857580977988755","potions_obtained":[{"floor":7.0,"key":"Energy Potion"},{"floor":12.0,"key":"Block Potion"},{"floor":14.0,"key":"Swift Potion"},{"floor":18.0,"key":"Strength Potion"},{"floor":20.0,"key":"SteroidPotion"},{"floor":24.0,"key":"Swift Potion"},{"floor":28.0,"key":"Energy Potion"}],"is_trial":false,"path_per_floor":["M","$","?","?","M","R","M","?","T","R","E","?","$","M","R","B",null,"M","$","M","M","M","R","M","?","T","M","E","$","R","M","R","B",null,"M","M","?","M","T","R","?","R","T","?","M","$","R","M","R","B",null],"character_chosen":"DEFECT","items_purchased":["Defragment","Defragment","Apotheosis","Chill","Leap","War Paint"],"campfire_rested":1,"item_purchase_floors":[2,13,19,19,29,46],"current_hp_per_floor":[82,82,75,63,57,57,57,57,57,57,43,29,29,29,29,10,82,79,79,79,77,62,62,62,62,62,52,40,40,40,52,52,52,82,76,71,61,61,61,61,61,61,61,61,53,53,77,69,69,42],"gold":122,"neow_bonus":"TEN_PERCENT_HP_BONUS","is_prod":false,"is_daily":false,"chose_seed":false,"campfire_upgraded":6,"win_rate":0,"timestamp":1546901383,"path_taken":["M","$","?","?","M","R","?","?","T","R","E","?","?","M","R","BOSS","M","$","M","M","M","R","M","?","T","M","E","$","R","M","R","BOSS","M","M","?","M","?","R","?","R","T","?","M","$","R","?","R","BOSS"],"build_version":"2019-01-03v4","purchased_purges":3,"victory":true,"max_hp_per_floor":[82,82,82,82,82,82,82,82,82,82,82,82,82,82,82,82,82,82,82,82,82,82,82,82,82,82,82,82,82,82,82,82,82,82,82,82,82,82,82,82,82,82,82,82,82,82,82,82,79,79],"card_choices":[{"not_picked":["Hologram","Streamline","Leap"],"picked":"SKIP","floor":1.0},{"not_picked":["Cold Snap","Barrage"],"picked":"Ball Lightning","floor":5.0},{"not_picked":["Coolheaded","Consume"],"picked":"Capacitor","floor":7.0},{"not_picked":["Hello World","Streamline"],"picked":"Ball Lightning","floor":11.0},{"not_picked":["Sweeping Beam","Consume","Barrage"],"picked":"BootSequence","floor":14.0},{"not_picked":["All For One","Multi-Cast","Buffer"],"picked":"Rainbow","floor":16.0},{"not_picked":["Beam Cell","Leap","Hologram"],"picked":"Tempest+1","floor":18.0},{"not_picked":["Compile Driver+1","Hologram","Tempest","Gash"],"picked":"SKIP","floor":20.0},{"not_picked":["Barrage","Doom and Gloom","Stack+1","Turbo"],"picked":"SKIP","floor":21.0},{"not_picked":["Ball Lightning+1","Turbo","Steam"],"picked":"Fusion+1","floor":22.0},{"not_picked":["Beam Cell","Stack","Compile Driver"],"picked":"Go for the Eyes","floor":24.0},{"not_picked":["Tempest+1","Meteor Strike","Cold Snap"],"picked":"Coolheaded+1","floor":27.0},{"not_picked":["Cold Snap+1","Melter","Barrage+1","Force Field"],"picked":"SKIP","floor":28.0},{"not_picked":["Gash+1","Coolheaded+1","Stack"],"picked":"Defragment","floor":31.0},{"not_picked":["Rainbow","Biased Cognition","Reboot"],"picked":"Amplify","floor":33.0},{"not_picked":["Scrape","Melter","Gash+1","Recycle"],"picked":"SKIP","floor":35.0},{"not_picked":["Ball Lightning+1","Gash","Darkness"],"picked":"White Noise+1","floor":36.0},{"not_picked":["Rip and Tear+1","Chill+1","Stack+1"],"picked":"Capacitor","floor":38.0},{"not_picked":["Compile Driver","Self Repair","Rebound","BootSequence"],"picked":"SKIP","floor":45.0},{"not_picked":["Coolheaded","Streamline+1","Sweeping Beam+1"],"picked":"Reboot","floor":48}],"player_experience":951925,"relics_obtained":[{"floor":9.0,"key":"Mercury Hourglass"},{"floor":11.0,"key":"Peace Pipe"},{"floor":12.0,"key":"Question Card"},{"floor":26.0,"key":"Meat on the Bone"},{"floor":28.0,"key":"Gambling Chip"},{"floor":39.0,"key":"Whetstone"},{"floor":43.0,"key":"Ancient Tea Set"}],"event_choices":[{"cards_removed":["Strike_B"],"damage_healed":0.0,"max_hp_gain":0.0,"max_hp_loss":0.0,"gold_gain":0.0,"event_name":"Golden Wing","player_choice":"Card Removal","floor":3.0,"gold_loss":0.0,"damage_taken":7.0},{"damage_healed":0.0,"max_hp_gain":0.0,"max_hp_loss":0.0,"gold_gain":0.0,"event_name":"Scrap Ooze","player_choice":"Success","floor":4.0,"gold_loss":0.0,"damage_taken":12.0,"relics_obtained":["The Courier"]},{"damage_healed":0.0,"max_hp_gain":0.0,"max_hp_loss":0.0,"gold_gain":0.0,"event_name":"Living Wall","player_choice":"Grow","floor":8.0,"gold_loss":0.0,"damage_taken":0.0,"cards_upgraded":["Dualcast"]},{"damage_healed":0.0,"max_hp_gain":0.0,"max_hp_loss":0.0,"gold_gain":0.0,"event_name":"Dead Adventurer","player_choice":"Searched \u00272\u0027 times","floor":12.0,"gold_loss":0.0,"damage_taken":0.0},{"damage_healed":0.0,"max_hp_gain":0.0,"max_hp_loss":0.0,"gold_gain":0.0,"event_name":"The Library","player_choice":"Read","floor":25.0,"gold_loss":0.0,"damage_taken":0.0,"cards_obtained":["Defragment"]},{"damage_healed":0.0,"max_hp_gain":0.0,"max_hp_loss":0.0,"gold_gain":0.0,"event_name":"Winding Halls","player_choice":"Embrace Madness","floor":37.0,"gold_loss":0.0,"damage_taken":10.0,"cards_obtained":["Madness","Madness"]},{"cards_removed":["Defend_B"],"damage_healed":0.0,"max_hp_gain":0.0,"max_hp_loss":0.0,"gold_gain":0.0,"event_name":"Falling","player_choice":"Removed Skill","floor":41.0,"gold_loss":0.0,"damage_taken":0.0},{"damage_healed":0.0,"max_hp_gain":0.0,"max_hp_loss":0.0,"gold_gain":0.0,"event_name":"Tomb of Lord Red Mask","player_choice":"Ignored","floor":44.0,"gold_loss":0.0,"damage_taken":0.0}],"is_beta":false,"boss_relics":[{"not_picked":["Philosopher\u0027s Stone","Inserter"],"picked":"Nuclear Battery"},{"not_picked":["Busted Crown","Calling Bell"],"picked":"Sozu"}],"items_purged_floors":[13,29,46],"is_endless":false,"potions_floor_spawned":[7,12,14,18,20,24,28,36,45],"ascension_level":0}