{"gold_per_floor":[116,129,140,159,173,173,202,202,227,255,267,232,250,261,261,335,335,348,348,366,210,210],"floor_reached":22,"playtime":1098,"items_purged":["Strike_G"],"score":400,"play_id":"bd08c9ba-b057-45c6-aa70-4ef92c6ddc0f","local_time":"20181229001434","is_ascension_mode":true,"campfire_choices":[{"data":"Neutralize","floor":6,"key":"SMITH"},{"data":"Predator","floor":8,"key":"SMITH"},{"data":"Noxious Fumes","floor":15,"key":"SMITH"}],"neow_cost":"NONE","seed_source_timestamp":1000492215281354,"circlet_count":0,"master_deck":["AscendersBane","Defend_G","Defend_G","Defend_G","Defend_G","Defend_G","Strike_G","Strike_G","Strike_G","Strike_G+1","Survivor","Neutralize+1","All Out Attack+1","Noxious Fumes+1","Quick Slash","Poisoned Stab","Predator+1","Crippling Poison","Bouncing Flask","Dodge and Roll","Bouncing Flask+1","Leg Sweep","Well Laid Plans"],"relics":["Velvet Choker","Bronze Scales","Lantern","Whetstone","Sozu"],"potions_floor_usage":[7,10,16],"damage_taken":[{"damage":0,"enemies":"Jaw Worm","floor":1,"turns":5},{"damage":3,"enemies":"Cultist","floor":2,"turns":5},{"damage":7,"enemies":"Small Slimes","floor":3,"turns":3},{"damage":2,"enemies":"2 Fungi Beasts","floor":4,"turns":3},{"damage":11,"enemies":"Blue Slaver","floor":5,"turns":3},{"damage":5,"enemies":"Lagavulin","floor":7,"turns":6},{"damage":6,"enemies":"Gremlin Nob","floor":10,"turns":3},{"damage":0,"enemies":"Looter","floor":11,"turns":2},{"damage":0,"enemies":"3 Louse","floor":13,"turns":1},{"damage":6,"enemies":"Lots of Slimes","floor":14,"turns":3},{"damage":15,"enemies":"Slime Boss","floor":16,"turns":7},{"damage":25,"enemies":"2 Thieves","floor":18,"turns":4},{"damage":20,"enemies":"Shell Parasite","floor":20,"turns":4},{"damage":14,"enemies":"Masked Bandits","floor":22,"turns":2}],"seed_played":"803500804732161199","potions_obtained":[{"floor":3,"key":"FearPotion"},{"floor":4,"key":"FearPotion"},{"floor":10,"key":"Strength Potion"},{"floor":13,"key":"SteroidPotion"},{"floor":16,"key":"Energy Potion"}],"is_trial":false,"path_per_floor":["M","M","M","M","M","R","E","R","T","E","M","?","M","M","R","B",null,"M","?","M","$","?"],"character_chosen":"THE_SILENT","items_purchased":["Well Laid Plans"],"campfire_rested":0,"item_purchase_floors":[21],"current_hp_per_floor":[59,56,49,47,36,36,31,31,31,25,25,41,41,35,35,20,55,30,30,10,10,0],"gold":210,"neow_bonus":"BOSS_RELIC","is_prod":false,"is_daily":false,"chose_seed":false,"campfire_upgraded":3,"win_rate":0,"timestamp":1546071274,"path_taken":["M","M","M","M","M","R","E","R","T","E","M","?","M","M","R","BOSS","M","?","?","$","?"],"build_version":"2018-12-20","purchased_purges":1,"victory":false,"max_hp_per_floor":[66,66,66,66,66,66,66,66,66,66,66,66,66,66,66,66,66,66,66,66,66,66],"card_choices":[{"not_picked":["Dodge and Roll","Expertise"],"picked":"All Out Attack","floor":1},{"not_picked":["Distraction","Quick Slash"],"picked":"Noxious Fumes","floor":2},{"not_picked":["Sucker Punch","Deflect"],"picked":"Quick Slash","floor":3},{"not_picked":["Sucker Punch","Acrobatics"],"picked":"Poisoned Stab","floor":4},{"not_picked":["Poisoned Stab","Deflect","Riddle With Holes"],"picked":"SKIP","floor":5},{"not_picked":["Accuracy","Dash"],"picked":"Predator","floor":7},{"not_picked":["Escape Plan","Cloak And Dagger","Sucker Punch"],"picked":"SKIP","floor":10},{"not_picked":["Quick Slash","All Out Attack"],"picked":"Crippling Poison","floor":11},{"not_picked":["Backstab","PiercingWail"],"picked":"Bouncing Flask","floor":13},{"not_picked":["Flechettes","Deflect"],"picked":"Dodge and Roll","floor":14},{"not_picked":["Reflex","Flying Knee"],"picked":"Bouncing Flask+1","floor":18},{"not_picked":["Calculated Gamble","Underhanded Strike","Prepared"],"picked":"SKIP","floor":20}],"player_experience":254644,"relics_obtained":[{"floor":7,"key":"Bronze Scales"},{"floor":9,"key":"Lantern"},{"floor":10,"key":"Whetstone"}],"event_choices":[{"damage_healed":16,"gold_gain":0,"player_choice":"Healed","damage_taken":0,"max_hp_gain":0,"max_hp_loss":0,"event_name":"The Cleric","floor":12,"gold_loss":35},{"damage_healed":0,"gold_gain":0,"player_choice":"1 cards matched","damage_taken":0,"max_hp_gain":0,"max_hp_loss":0,"event_name":"Match and Keep!","floor":19,"gold_loss":0,"cards_obtained":["Leg Sweep"]},{"damage_healed":0,"gold_gain":0,"player_choice":"Fought Bandits","damage_taken":0,"max_hp_gain":0,"max_hp_loss":0,"event_name":"Masked Bandits","floor":22,"gold_loss":0}],"is_beta":false,"boss_relics":[{"not_picked":["Philosopher\u0027s Stone","Pandora\u0027s Box"],"picked":"Sozu"}],"items_purged_floors":[21],"is_endless":false,"potions_floor_spawned":[3,4,10,13,16,18],"killed_by":"Masked Bandits","ascension_level":20}