{"gold_per_floor":[112,112,112,129,204,238,109,109,134,154,154,164,164,114,114,215,265,277,86,117,131,131,131,31,59,149,161,198,236,43,43,43,141,141,157,176,51,71,90,90,109,119,143,156,156,82,100,100,100,100],"floor_reached":51,"playtime":1682,"items_purged":["Defend_B","Defend_B","Defend_B"],"score":710,"play_id":"6a1f425f-e74c-49fd-bc12-e77835496998","local_time":"20181207005959","is_ascension_mode":false,"campfire_choices":[{"data":"Dualcast","floor":8.0,"key":"SMITH"},{"data":"Zap","floor":11.0,"key":"SMITH"},{"data":"Ball Lightning","floor":13.0,"key":"SMITH"},{"data":"Ball Lightning","floor":15.0,"key":"SMITH"},{"data":"Apotheosis","floor":23,"key":"SMITH"},{"floor":27,"key":"REST"},{"floor":32,"key":"REST"},{"data":"Rainbow","floor":40,"key":"SMITH"},{"floor":45,"key":"REST"},{"floor":49,"key":"REST"}],"neow_cost":"NONE","seed_source_timestamp":696909649498653,"circlet_count":0,"master_deck":["Strike_B+1","Strike_B+1","Defend_B","Zap+1","Dualcast+1","Conserve Battery","Conserve Battery","Ball Lightning+1","Ball Lightning+1","Thunder Strike+1","Steam","Apotheosis+1","Cold Snap+1","Defragment+1","Go for the Eyes","Rainbow+1","Chill","Undo+1","Coolheaded","Barrage","Blizzard+1","Darkness+1","Creative AI"],"special_seed":0,"relics":["Cracked Core","Happy Flower","Bag of Marbles","Tiny House","Red Mask","Meat on the Bone","MawBank","Shuriken","Anchor","Whetstone","Runic Capacitor","Orrery","Oddly Smooth Stone"],"potions_floor_usage":[21,50,50,50],"damage_taken":[{"damage":0.0,"enemies":"2 Louse","floor":1.0,"turns":2.0},{"damage":0.0,"enemies":"Small Slimes","floor":4.0,"turns":3.0},{"damage":19.0,"enemies":"Lagavulin","floor":6.0,"turns":7.0},{"damage":0.0,"enemies":"Cultist","floor":7.0,"turns":3.0},{"damage":0.0,"enemies":"Cultist","floor":10.0,"turns":3.0},{"damage":2.0,"enemies":"2 Fungi Beasts","floor":12.0,"turns":3.0},{"damage":4.0,"enemies":"Slime Boss","floor":16.0,"turns":6.0},{"damage":0,"enemies":"Shell Parasite","floor":18,"turns":4},{"damage":23,"enemies":"Masked Bandits","floor":20,"turns":5},{"damage":10,"enemies":"2 Thieves","floor":21,"turns":3},{"damage":11,"enemies":"Gremlin Leader","floor":25,"turns":6},{"damage":21,"enemies":"Book of Stabbing","floor":29,"turns":6},{"damage":44,"enemies":"Automaton","floor":33,"turns":9},{"damage":0,"enemies":"3 Shapes","floor":35,"turns":4},{"damage":0,"enemies":"3 Darklings","floor":36,"turns":7},{"damage":0,"enemies":"Maw","floor":38,"turns":6},{"damage":0,"enemies":"Jaw Worm Horde","floor":39,"turns":4},{"damage":0,"enemies":"4 Shapes","floor":41,"turns":6},{"damage":13,"enemies":"3 Darklings","floor":42,"turns":6},{"damage":29,"enemies":"Jaw Worm Horde","floor":44,"turns":4},{"damage":2,"enemies":"Transient","floor":47,"turns":5},{"damage":21,"enemies":"Time Eater","floor":50,"turns":12}],"seed_played":"-1360509829751019701","potions_obtained":[{"floor":4.0,"key":"Fruit Juice"},{"floor":12.0,"key":"FearPotion"},{"floor":17,"key":"Regen Potion"},{"floor":20,"key":"SteroidPotion"},{"floor":21,"key":"Strength Potion"},{"floor":29,"key":"Fire Potion"}],"is_trial":false,"path_per_floor":["M","?","$","M","?","E","M","$","R","T","M","R","M","R","?","R","B",null,"M","$","?","M","?","R","$","E","T","R","T","E","$","$","R","B",null,"M","M","$","M","M","R","M","M","T","M","R","$","M","?","R","B",null],"character_chosen":"DEFECT","items_purchased":["Ball Lightning","Apotheosis","Runic Capacitor","FocusPotion"],"campfire_rested":4,"item_purchase_floors":[7,19,30,46],"current_hp_per_floor":[82,66,66,71,63,44,44,44,44,44,44,42,42,42,42,38,92,92,92,69,68,68,68,68,57,57,84,84,63,63,63,90,58,92,92,92,92,92,92,92,92,79,79,50,77,77,75,75,92,71],"gold":100,"neow_bonus":"TEN_PERCENT_HP_BONUS","is_prod":false,"is_daily":false,"chose_seed":false,"campfire_upgraded":6,"win_rate":0,"timestamp":1544144399,"path_taken":["M","?","$","M","?","E","?","R","T","M","R","M","R","?","R","BOSS","M","$","?","M","?","R","$","E","T","R","?","E","?","$","R","BOSS","M","?","$","M","M","R","M","M","T","M","R","$","M","?","R","BOSS"],"build_version":"2018-11-15","purchased_purges":3,"victory":true,"max_hp_per_floor":[82,82,82,87,87,87,87,87,87,87,87,87,87,87,87,87,92,92,92,92,92,92,92,92,92,92,92,92,92,92,92,92,92,92,92,92,92,92,92,92,92,92,92,92,92,92,92,92,92,92],"card_choices":[{"not_picked":["Stack","Beam Cell","Steam"],"picked":"SKIP","floor":1.0},{"not_picked":["Force Field","Recycle"],"picked":"Conserve Battery","floor":4.0},{"not_picked":["Capacitor","Darkness"],"picked":"Conserve Battery","floor":6.0},{"not_picked":["Leap","Amplify","Turbo"],"picked":"SKIP","floor":10.0},{"not_picked":["Conserve Battery","Gash"],"picked":"Ball Lightning","floor":12.0},{"not_picked":["Echo Form","Core Surge"],"picked":"Thunder Strike","floor":16.0},{"not_picked":["Stack","Blizzard"],"picked":"Steam","floor":17},{"not_picked":["Consume","Reprogram","Sweeping Beam"],"picked":"SKIP","floor":18},{"not_picked":["Steam","Consume"],"picked":"Cold Snap","floor":20},{"not_picked":["Skim","Meteor Strike","Genetic Algorithm"],"picked":"SKIP","floor":21},{"not_picked":["Streamline+1","Loop"],"picked":"Defragment+1","floor":25},{"not_picked":["Rebound","Barrage"],"picked":"Go for the Eyes","floor":29},{"not_picked":["Thunder Strike","Multi-Cast"],"picked":"Rainbow","floor":33},{"not_picked":["Sunder","Barrage"],"picked":"Chill","floor":34},{"not_picked":["Darkness","Blizzard"],"picked":"Undo+1","floor":34},{"not_picked":["Steam+1","Streamline+1"],"picked":"Coolheaded","floor":34},{"not_picked":["Rebound+1","Gash+1","Streamline"],"picked":"SKIP","floor":35},{"not_picked":["Stack","Undo+1"],"picked":"Barrage","floor":36},{"not_picked":["Stack","Redo"],"picked":"Blizzard+1","floor":38},{"not_picked":["Compile Driver","Lockon"],"picked":"Darkness+1","floor":39},{"not_picked":["Heatsinks","Gash+1"],"picked":"Creative AI","floor":41},{"not_picked":["Rebound+1","Compile Driver+1","Leap+1"],"picked":"SKIP","floor":42},{"not_picked":["Hello World","Compile Driver","Rebound+1"],"picked":"SKIP","floor":44},{"not_picked":["Cold Snap","Skim","Hologram+1"],"picked":"SKIP","floor":47}],"player_experience":863120,"relics_obtained":[{"floor":6.0,"key":"Happy Flower"},{"floor":9.0,"key":"Bag of Marbles"},{"floor":20,"key":"Red Mask"},{"floor":25,"key":"MawBank"},{"floor":26,"key":"Shuriken"},{"floor":28,"key":"Anchor"},{"floor":29,"key":"Whetstone"},{"floor":43,"key":"Oddly Smooth Stone"}],"event_choices":[{"damage_healed":0.0,"max_hp_gain":0.0,"max_hp_loss":0.0,"gold_gain":0.0,"event_name":"Shining Light","player_choice":"Entered Light","floor":2.0,"gold_loss":0.0,"damage_taken":16.0,"cards_upgraded":["Strike_B","Strike_B"]},{"damage_healed":0.0,"max_hp_gain":0.0,"max_hp_loss":0.0,"gold_gain":75.0,"event_name":"FaceTrader","player_choice":"Touch","floor":5.0,"gold_loss":0.0,"damage_taken":8.0},{"cards_removed":["Strike_B"],"damage_healed":0.0,"max_hp_gain":0.0,"max_hp_loss":0.0,"gold_gain":0.0,"event_name":"The Cleric","player_choice":"Card Removal","floor":14.0,"gold_loss":50.0,"damage_taken":0.0},{"damage_healed":0,"gold_gain":0,"player_choice":"Fought Bandits","damage_taken":0,"max_hp_gain":0,"max_hp_loss":0,"event_name":"Masked Bandits","floor":20,"gold_loss":0},{"damage_healed":0,"gold_gain":0,"player_choice":"Opened","damage_taken":0,"relics_obtained":["Meat on the Bone"],"max_hp_gain":0,"max_hp_loss":0,"event_name":"The Mausoleum","floor":22,"gold_loss":0},{"cards_removed":["Strike_B"],"damage_healed":0,"gold_gain":0,"player_choice":"Removed Attack","damage_taken":0,"max_hp_gain":0,"max_hp_loss":0,"event_name":"Falling","floor":48,"gold_loss":0}],"is_beta":false,"boss_relics":[{"not_picked":["Calling Bell","Lizard Tail"],"picked":"Tiny House"},{"not_picked":["Pandora\u0027s Box","Velvet Choker"],"picked":"Orrery"}],"items_purged_floors":[7,24,37],"is_endless":false,"potions_floor_spawned":[4,7,12,20,21,29,33,38,39,41,42],"ascension_level":0}