{"gold_per_floor":[110,110,124,135,146,146,146,180,180,203,203,10,10,28,28,133,133,145,161,161,87,104,104,304,318,318,318,338,338,363,363,363,467,467,481,171,171,171],"floor_reached":39,"playtime":1266,"items_purged":["Strike_B"],"score":747,"play_id":"93106071-c590-4c16-ac2d-4be602780dc0","local_time":"20190210142003","is_ascension_mode":false,"campfire_choices":[{"data":"Dualcast","floor":11.0,"key":"SMITH"},{"data":"Zap","floor":13.0,"key":"SMITH"},{"data":"Compile Driver","floor":15.0,"key":"SMITH"},{"data":"Defragment","floor":23.0,"key":"SMITH"},{"data":"Ball Lightning","floor":27.0,"key":"SMITH"},{"data":"Glacier","floor":29.0,"key":"SMITH"},{"data":"Conserve Battery","floor":32.0,"key":"SMITH"}],"neow_cost":"NONE","seed_source_timestamp":4127210251481199,"circlet_count":0,"master_deck":["Strike_B","Strike_B","Strike_B","Defend_B","Defend_B","Zap+1","Dualcast+1","Conserve Battery+1","Chill","Compile Driver+1","Rainbow+1","Ball Lightning+1","Defragment+1","Tempest+1","Glacier+1","Hologram+1","Thunder Strike"],"special_seed":0,"relics":["Cracked Core","Dream Catcher","Anchor","Centennial Puzzle","Lee\u0027s Waffle","Empty Cage","Art of War","Pantograph","Inserter"],"potions_floor_usage":[38,38,38,38,38,38],"damage_taken":[{"damage":0.0,"enemies":"Cultist","floor":1.0,"turns":3.0},{"damage":2.0,"enemies":"2 Louse","floor":3.0,"turns":3.0},{"damage":1.0,"enemies":"Jaw Worm","floor":4.0,"turns":4.0},{"damage":0.0,"enemies":"Exordium Wildlife","floor":5.0,"turns":5.0},{"damage":36.0,"enemies":"3 Sentries","floor":8.0,"turns":9.0},{"damage":0.0,"enemies":"Lots of Slimes","floor":14.0,"turns":6.0},{"damage":78.0,"enemies":"Hexaghost","floor":16.0,"turns":11.0},{"damage":2.0,"enemies":"3 Byrds","floor":18.0,"turns":4.0},{"damage":1.0,"enemies":"2 Thieves","floor":19.0,"turns":4.0},{"damage":1.0,"enemies":"Centurion and Healer","floor":22.0,"turns":6.0},{"damage":0.0,"enemies":"Chosen and Byrds","floor":25.0,"turns":4.0},{"damage":14.0,"enemies":"Shelled Parasite and Fungi","floor":28.0,"turns":4.0},{"damage":25.0,"enemies":"Gremlin Leader","floor":30.0,"turns":7.0},{"damage":48.0,"enemies":"Champ","floor":33.0,"turns":14.0},{"damage":3,"enemies":"3 Shapes","floor":35,"turns":5},{"damage":0,"enemies":"Donu and Deca","floor":38,"turns":9}],"seed_played":"122467167339511871","potions_obtained":[{"floor":1.0,"key":"Poison Potion"},{"floor":4.0,"key":"FocusPotion"},{"floor":8.0,"key":"SteroidPotion"},{"floor":18.0,"key":"EntropicBrew"},{"floor":31.0,"key":"LiquidBronze"},{"floor":33.0,"key":"Strength Potion"}],"is_trial":false,"path_per_floor":["M","$","M","M","M","$","?","E","T","T","R","$","R","M","R","B",null,"M","M","?","$","M","R","?","M","T","R","M","R","E","?","R","B",null,"M","$","?","B",null],"character_chosen":"DEFECT","items_purchased":["Lee\u0027s Waffle","Defragment","Thunder Strike","FocusPotion"],"campfire_rested":0,"item_purchase_floors":[12,21,36,36],"current_hp_per_floor":[82,82,80,79,79,79,79,43,43,43,43,89,89,89,89,11,89,87,86,86,86,85,85,85,85,85,85,71,71,46,46,46,23,89,86,86,86,89],"gold":171,"neow_bonus":"TEN_PERCENT_HP_BONUS","is_prod":false,"is_daily":false,"chose_seed":false,"campfire_upgraded":7,"win_rate":0,"timestamp":1549808403,"path_taken":["M","$","M","M","M","?","?","E","T","?","R","$","R","M","R","BOSS","M","M","?","$","?","R","?","M","T","R","?","R","E","?","R","BOSS","M","$","?","BOSS"],"build_version":"2019-01-23","purchased_purges":1,"victory":true,"max_hp_per_floor":[82,82,82,82,82,82,82,82,82,82,82,89,89,89,89,89,89,89,89,89,89,89,89,89,89,89,89,89,89,89,89,89,89,89,89,89,89,89],"card_choices":[{"not_picked":["Recycle","Turbo","Barrage"],"picked":"SKIP","floor":1.0},{"not_picked":["Gash","Rebound"],"picked":"Conserve Battery","floor":3.0},{"not_picked":["Fusion","Steam","Barrage"],"picked":"SKIP","floor":4.0},{"not_picked":["Steam","Leap","Redo"],"picked":"SKIP","floor":5.0},{"not_picked":["Conserve Battery","Blizzard"],"picked":"Chill","floor":8.0},{"not_picked":["Beam Cell","Reinforced Body"],"picked":"Compile Driver","floor":14.0},{"not_picked":["Machine Learning","Thunder Strike"],"picked":"Rainbow","floor":16.0},{"not_picked":["Turbo","Streamline","Stack"],"picked":"SKIP","floor":18.0},{"not_picked":["Gash","Sweeping Beam"],"picked":"Ball Lightning","floor":19.0},{"not_picked":["Reinforced Body","Redo"],"picked":"Tempest+1","floor":22.0},{"not_picked":["Machine Learning","Fusion","Stack"],"picked":"SKIP","floor":25.0},{"not_picked":["Stack","Barrage"],"picked":"Glacier","floor":28.0},{"not_picked":["Aggregate","Barrage","Steam+1"],"picked":"SKIP","floor":30.0},{"not_picked":["Double Energy+1","BootSequence+1"],"picked":"Hologram+1","floor":35}],"player_experience":1026582,"relics_obtained":[{"floor":8.0,"key":"Dream Catcher"},{"floor":9.0,"key":"Anchor"},{"floor":10.0,"key":"Centennial Puzzle"},{"floor":26.0,"key":"Art of War"},{"floor":30.0,"key":"Pantograph"}],"event_choices":[{"damage_healed":0.0,"max_hp_gain":0.0,"max_hp_loss":0.0,"gold_gain":0.0,"event_name":"The Cleric","player_choice":"Leave","floor":7.0,"gold_loss":0.0,"damage_taken":0.0},{"damage_healed":0.0,"max_hp_gain":0.0,"max_hp_loss":0.0,"gold_gain":0.0,"event_name":"Upgrade Shrine","player_choice":"Upgraded","floor":20.0,"gold_loss":0.0,"damage_taken":0.0,"cards_upgraded":["Rainbow"]},{"damage_healed":0.0,"max_hp_gain":0.0,"max_hp_loss":0.0,"gold_gain":250.0,"event_name":"The Joust","player_choice":"Bet on Owner","floor":24.0,"gold_loss":50.0,"damage_taken":0.0},{"damage_healed":0.0,"max_hp_gain":0.0,"max_hp_loss":0.0,"gold_gain":0.0,"event_name":"Lab","player_choice":"Got Potions","floor":31.0,"gold_loss":0.0,"damage_taken":0.0},{"damage_healed":0,"gold_gain":0,"player_choice":"Took Portal","damage_taken":0,"max_hp_gain":0,"max_hp_loss":0,"event_name":"SecretPortal","floor":37,"gold_loss":0}],"is_beta":false,"boss_relics":[{"not_picked":["Coffee Dripper","Ectoplasm"],"picked":"Empty Cage"},{"not_picked":["Black Star","Orrery"],"picked":"Inserter"}],"items_purged_floors":[36],"is_endless":false,"potions_floor_spawned":[1,4,8,18,25,33],"ascension_level":0}