{"gold_per_floor":[109,184,203,223,236,236,246,4,4,4,4,20,39,58,58,135,135,150,50,64,77,77,77,77,95,95,95,107,23,23,33,33,107,107,127,127,147,147,247,247,30,30,30,44,44,44,44,54,54,54],"floor_reached":51,"playtime":2956,"items_purged":["Strike_G","Strike_G"],"score":1324,"play_id":"eb7a8726-fcaf-4496-be1c-6fb563395e37","local_time":"20181222160901","is_ascension_mode":true,"campfire_choices":[{"data":"Bouncing Flask","floor":6.0,"key":"SMITH"},{"floor":11.0,"key":"REST"},{"floor":15.0,"key":"REST"},{"floor":23.0,"key":"REST"},{"floor":32.0,"key":"REST"},{"data":"Catalyst","floor":40.0,"key":"SMITH"},{"data":"Catalyst","floor":42.0,"key":"SMITH"},{"data":"Malaise","floor":45.0,"key":"SMITH"},{"data":"Burst","floor":47.0,"key":"SMITH"},{"data":"Footwork","floor":49.0,"key":"SMITH"}],"neow_cost":"NONE","seed_source_timestamp":450742993590864,"circlet_count":0,"master_deck":["AscendersBane","Defend_G","Defend_G","Defend_G","Defend_G","Strike_G","Strike_G","Strike_G","Survivor","Neutralize","All Out Attack","Backflip","Bouncing Flask+1","Catalyst+1","Backstab","Malaise+1","Caltrops","PiercingWail","Burst+1","Backflip","Adrenaline","Catalyst+1","Backflip","Dodge and Roll","Sucker Punch","Adrenaline","Dodge and Roll+1","The Bomb","Dash","Footwork+1"],"special_seed":0,"relics":["Ring of the Snake","Letter Opener","Velvet Choker","Pantograph","Matryoshka","Sozu","Ginger","Chemical X","Happy Flower","Pocketwatch"],"potions_floor_usage":[50,50],"damage_taken":[{"damage":22.0,"enemies":"Cultist","floor":1.0,"turns":7.0},{"damage":8.0,"enemies":"Small Slimes","floor":3.0,"turns":3.0},{"damage":0.0,"enemies":"2 Louse","floor":4.0,"turns":3.0},{"damage":7.0,"enemies":"Gremlin Gang","floor":5.0,"turns":4.0},{"damage":9.0,"enemies":"3 Louse","floor":7.0,"turns":3.0},{"damage":3.0,"enemies":"Exordium Thugs","floor":12.0,"turns":3.0},{"damage":21.0,"enemies":"Large Slime","floor":13.0,"turns":6.0},{"damage":7.0,"enemies":"Exordium Wildlife","floor":14.0,"turns":3.0},{"damage":0.0,"enemies":"The Guardian","floor":16.0,"turns":7.0},{"damage":22.0,"enemies":"3 Byrds","floor":18.0,"turns":4.0},{"damage":14.0,"enemies":"Shell Parasite","floor":20.0,"turns":6.0},{"damage":0.0,"enemies":"Snecko","floor":21.0,"turns":2.0},{"damage":5.0,"enemies":"Snake Plant","floor":25.0,"turns":2.0},{"damage":35.0,"enemies":"Sentry and Sphere","floor":28.0,"turns":6.0},{"damage":14.0,"enemies":"Cultist and Chosen","floor":31.0,"turns":5.0},{"damage":29.0,"enemies":"Champ","floor":33.0,"turns":11.0},{"damage":2.0,"enemies":"Orb Walker","floor":35.0,"turns":3.0},{"damage":0.0,"enemies":"3 Shapes","floor":37.0,"turns":3.0},{"damage":0.0,"enemies":"Mind Bloom Boss Battle","floor":39.0,"turns":8.0},{"damage":17.0,"enemies":"Jaw Worm Horde","floor":44.0,"turns":4.0},{"damage":13.0,"enemies":"4 Shapes","floor":48.0,"turns":6.0},{"damage":40,"enemies":"Time Eater","floor":50,"turns":14}],"seed_played":"6281110684095887958","potions_obtained":[{"floor":1.0,"key":"Poison Potion"},{"floor":5.0,"key":"Dexterity Potion"},{"floor":7.0,"key":"Ancient Potion"},{"floor":33.0,"key":"Energy Potion"}],"is_trial":false,"path_per_floor":["M","?","M","M","M","R","M","$","T","?","R","M","M","M","R","B",null,"M","$","M","M","$","R","?","M","T","?","M","$","?","M","R","B",null,"M","?","M","?","?","R","$","R","T","M","R","$","R","M","R","B",null],"character_chosen":"THE_SILENT","items_purchased":["Malaise","Regen Potion","Chemical X"],"campfire_rested":4,"item_purchase_floors":[8,29,41],"current_hp_per_floor":[43,43,35,35,28,28,19,19,19,19,40,37,16,9,30,30,62,40,40,26,26,26,47,47,42,42,42,7,7,7,8,29,25,60,58,58,58,58,72,72,72,72,72,55,55,55,55,42,42,27],"gold":54,"neow_bonus":"TEN_PERCENT_HP_BONUS","is_prod":false,"is_daily":false,"chose_seed":false,"campfire_upgraded":6,"win_rate":0,"timestamp":1545523741,"path_taken":["M","?","M","M","M","R","M","$","T","?","R","M","M","M","R","BOSS","M","$","M","M","$","R","?","?","T","?","M","?","?","?","R","BOSS","M","?","M","?","?","R","$","R","T","M","R","$","R","M","R","BOSS"],"build_version":"2018-12-20","purchased_purges":2,"victory":true,"max_hp_per_floor":[72,72,72,72,72,72,72,72,72,72,72,72,72,72,72,72,72,72,72,72,72,72,72,72,72,72,72,72,72,72,72,72,72,72,72,72,72,72,72,72,72,72,72,72,72,72,72,72,72,72],"card_choices":[{"not_picked":["Finisher","Blade Dance"],"picked":"All Out Attack","floor":1.0},{"not_picked":["Bane","Setup"],"picked":"Backflip","floor":3.0},{"not_picked":["Underhanded Strike","Poisoned Stab"],"picked":"Bouncing Flask","floor":4.0},{"not_picked":["Sucker Punch","Backstab"],"picked":"Catalyst","floor":5.0},{"not_picked":["Deflect","Riddle With Holes"],"picked":"Backstab","floor":7.0},{"not_picked":["Eviscerate","Poisoned Stab"],"picked":"PiercingWail","floor":12.0},{"not_picked":["Underhanded Strike","Tactician"],"picked":"Burst","floor":13.0},{"not_picked":["Quick Slash","Finisher"],"picked":"Backflip","floor":14.0},{"not_picked":["Storm of Steel","Grand Finale"],"picked":"Adrenaline","floor":16.0},{"not_picked":["Cloak And Dagger","Reflex","Distraction"],"picked":"SKIP","floor":18.0},{"not_picked":["Underhanded Strike","Flying Knee"],"picked":"Catalyst","floor":20.0},{"not_picked":["Dagger Throw","Dagger Spray"],"picked":"Backflip","floor":21.0},{"not_picked":["Dagger Spray","Backflip","Sucker Punch"],"picked":"SKIP","floor":25.0},{"not_picked":["Dagger Spray","Concentrate+1","Tactician+1"],"picked":"SKIP","floor":28.0},{"not_picked":["Predator","Prepared"],"picked":"Sucker Punch","floor":31.0},{"not_picked":["Glass Knife","After Image"],"picked":"Adrenaline","floor":33.0},{"not_picked":["Dagger Throw","Dagger Spray"],"picked":"Dodge and Roll+1","floor":35.0},{"not_picked":["Enlightenment","Purity"],"picked":"The Bomb","floor":36.0},{"not_picked":["Acrobatics","Flying Knee+1"],"picked":"Dash","floor":37.0},{"not_picked":["Poisoned Stab+1","Distraction","Underhanded Strike"],"picked":"SKIP","floor":44.0},{"not_picked":["Bane","Underhanded Strike"],"picked":"Footwork","floor":48.0}],"player_experience":188931,"relics_obtained":[{"floor":9.0,"key":"Letter Opener"},{"floor":26.0,"key":"Pantograph"},{"floor":39.0,"key":"Ginger"},{"floor":43.0,"key":"Happy Flower"},{"floor":43.0,"key":"Pocketwatch"}],"event_choices":[{"damage_healed":0.0,"max_hp_gain":0.0,"max_hp_loss":0.0,"gold_gain":75.0,"event_name":"Golden Wing","player_choice":"Gained Gold","floor":2.0,"gold_loss":0.0,"damage_taken":0.0},{"damage_healed":0.0,"max_hp_gain":0.0,"max_hp_loss":0.0,"gold_gain":0.0,"cards_transformed":["Defend_G"],"event_name":"Living Wall","player_choice":"Change","floor":10.0,"gold_loss":0.0,"damage_taken":0.0,"cards_obtained":["Caltrops"]},{"damage_healed":0.0,"max_hp_gain":0.0,"max_hp_loss":0.0,"gold_gain":0.0,"event_name":"Match and Keep!","player_choice":"1 cards matched","floor":24.0,"gold_loss":0.0,"damage_taken":0.0,"cards_obtained":["Dodge and Roll"]},{"damage_healed":0.0,"max_hp_gain":0.0,"max_hp_loss":0.0,"gold_gain":0.0,"event_name":"WeMeetAgain","player_choice":"Gave Potion","floor":27.0,"gold_loss":0.0,"damage_taken":0.0,"relics_obtained":["Matryoshka"]},{"damage_healed":0.0,"max_hp_gain":0.0,"max_hp_loss":0.0,"gold_gain":0.0,"event_name":"Beggar","player_choice":"Ignored","floor":30.0,"gold_loss":0.0,"damage_taken":0.0},{"damage_healed":0.0,"max_hp_gain":0.0,"max_hp_loss":0.0,"gold_gain":0.0,"event_name":"SensoryStone","player_choice":"Memory 1","floor":36.0,"gold_loss":0.0,"damage_taken":0.0},{"damage_healed":0.0,"max_hp_gain":0.0,"max_hp_loss":0.0,"gold_gain":0.0,"event_name":"Mysterious Sphere","player_choice":"Ignored","floor":38.0,"gold_loss":0.0,"damage_taken":0.0},{"damage_healed":0.0,"max_hp_gain":0.0,"max_hp_loss":0.0,"gold_gain":0.0,"event_name":"MindBloom","player_choice":"Fight","floor":39.0,"gold_loss":0.0,"damage_taken":0.0}],"is_beta":false,"boss_relics":[{"not_picked":["Eternal Feather","Orrery"],"picked":"Velvet Choker"},{"not_picked":["HoveringKite","Runic Dome"],"picked":"Sozu"}],"items_purged_floors":[8,19],"is_endless":false,"potions_floor_spawned":[1,5,7,16,18,25,33,37,39],"ascension_level":19}