{"gold_per_floor":[216,227,152,169,182,208,219,219,291,6,33,33,67,81,81,180,180,199,199,20,20,35,63,63,79,150,185,185,213,229,154,154,259,259,269,321,321,49,149,174,186,31,31,0,0,13,30,46,46,46],"floor_reached":51,"playtime":4197,"items_purged":["Strike_G","Strike_G"],"score":826,"play_id":"4b4bda24-0e5b-4d03-8cdf-38987552c35f","local_time":"20190209234946","is_ascension_mode":true,"campfire_choices":[{"floor":8.0,"key":"REST"},{"data":"Deadly Poison","floor":15.0,"key":"SMITH"},{"floor":24.0,"key":"REST"},{"data":"Adrenaline","floor":32,"key":"SMITH"},{"floor":45,"key":"REST"},{"data":"After Image","floor":49,"key":"SMITH"}],"neow_cost":"NONE","seed_source_timestamp":0,"circlet_count":0,"master_deck":["Survivor","Neutralize","Deadly Poison+1","Dodge and Roll","Cloak And Dagger","Venomology","Footwork","Cloak And Dagger","Acrobatics","After Image+1","Backflip","Concentrate","A Thousand Cuts","Storm of Steel","Underhanded Strike","Sucker Punch","Predator+1","Blur","Well Laid Plans","RitualDagger+1","Bouncing Flask","Adrenaline+1","PiercingWail+1","Tools of the Trade","Deadly Poison","Dagger Spray+1","Glass Knife","Backstab","Bouncing Flask+1","Mind Blast","Underhanded Strike","Crippling Poison+1","Noxious Fumes+1","Poisoned Stab+1","Underhanded Strike+1"],"special_seed":0,"relics":["Ring of the Snake","Centennial Puzzle","Pantograph","Anchor","Bird Faced Urn","Bag of Preparation","Pandora\u0027s Box","Lantern","Blood Vial","Bottled Lightning","Bronze Scales","Question Card","Cursed Key","Du-Vu Doll","Toy Ornithopter","Torii","Omamori","Whetstone","PreservedInsect","Red Mask"],"potions_floor_usage":[25,27,30,33,33,35,39,40,40,40,41,48,50,50,50,50],"damage_taken":[{"damage":5.0,"enemies":"2 Louse","floor":1.0,"turns":4.0},{"damage":0.0,"enemies":"Cultist","floor":2.0,"turns":3.0},{"damage":2.0,"enemies":"Small Slimes","floor":4.0,"turns":3.0},{"damage":13.0,"enemies":"3 Louse","floor":5.0,"turns":5.0},{"damage":38.0,"enemies":"Gremlin Nob","floor":6.0,"turns":6.0},{"damage":0.0,"enemies":"Blue Slaver","floor":7.0,"turns":5.0},{"damage":7.0,"enemies":"Lagavulin","floor":11.0,"turns":8.0},{"damage":19.0,"enemies":"Gremlin Nob","floor":13.0,"turns":4.0},{"damage":1.0,"enemies":"Looter","floor":14.0,"turns":4.0},{"damage":13.0,"enemies":"The Guardian","floor":16.0,"turns":10.0},{"damage":4.0,"enemies":"3 Byrds","floor":18.0,"turns":7.0},{"damage":20.0,"enemies":"Spheric Guardian","floor":22.0,"turns":4.0},{"damage":26.0,"enemies":"Slavers","floor":23.0,"turns":7.0},{"damage":0,"enemies":"Centurion and Healer","floor":25,"turns":10},{"damage":13,"enemies":"Book of Stabbing","floor":27,"turns":6},{"damage":11,"enemies":"Slavers","floor":29,"turns":9},{"damage":0,"enemies":"Chosen and Byrds","floor":30,"turns":5},{"damage":78,"enemies":"Champ","floor":33,"turns":13},{"damage":5,"enemies":"3 Darklings","floor":35,"turns":5},{"damage":13,"enemies":"2 Orb Walkers","floor":36,"turns":5},{"damage":0,"enemies":"Mind Bloom Boss Battle","floor":39,"turns":6},{"damage":81,"enemies":"Giant Head","floor":40,"turns":10},{"damage":0,"enemies":"3 Shapes","floor":41,"turns":4},{"damage":7,"enemies":"Transient","floor":46,"turns":5},{"damage":10,"enemies":"Sphere and 2 Shapes","floor":47,"turns":5},{"damage":2,"enemies":"4 Shapes","floor":48,"turns":4},{"damage":44,"enemies":"Donu and Deca","floor":50,"turns":9}],"seed_played":"8280745934087795400","potions_obtained":[{"floor":4.0,"key":"Swift Potion"},{"floor":7.0,"key":"Explosive Potion"},{"floor":11.0,"key":"SkillPotion"},{"floor":14.0,"key":"Poison Potion"},{"floor":18.0,"key":"Dexterity Potion"},{"floor":29,"key":"Strength Potion"},{"floor":33,"key":"PowerPotion"},{"floor":41,"key":"Weak Potion"},{"floor":46,"key":"Dexterity Potion"},{"floor":47,"key":"Poison Potion"}],"is_trial":false,"path_per_floor":["M","M","$","M","M","E","M","R","T","$","E","?","E","M","R","B",null,"M","?","$","?","M","E","R","M","T","E","?","E","M","?","R","B",null,"M","?","?","$","?","E","M","$","T","?","R","M","M","M","R","B",null],"character_chosen":"THE_SILENT","items_purchased":["Footwork","Anchor","Lantern","Well Laid Plans","Mind Blast","Toy Ornithopter","Whetstone"],"campfire_rested":3,"item_purchase_floors":[10,10,20,20,38,38,42],"current_hp_per_floor":[65,65,65,63,50,12,12,33,33,33,26,70,51,50,50,57,70,68,68,68,62,50,32,53,63,63,57,57,56,66,66,66,7,70,65,61,61,61,70,9,38,38,38,38,59,64,62,69,69,40],"gold":46,"neow_bonus":"HUNDRED_GOLD","is_prod":false,"is_daily":false,"chose_seed":false,"campfire_upgraded":3,"win_rate":0,"timestamp":1549777786,"path_taken":["M","M","$","M","M","E","M","R","T","$","E","?","E","M","R","BOSS","M","?","$","?","M","E","R","M","T","E","?","E","M","?","R","BOSS","M","?","?","$","?","E","?","?","T","?","R","M","M","M","R","BOSS"],"build_version":"2019-01-23","purchased_purges":2,"victory":true,"max_hp_per_floor":[70,70,70,70,70,70,70,70,70,70,70,70,70,70,70,70,70,70,70,70,70,70,70,70,70,70,70,70,70,70,70,70,70,70,70,70,70,70,70,70,70,70,70,70,70,70,70,70,70,70],"card_choices":[{"not_picked":["PiercingWail","Tactician"],"picked":"Deadly Poison","floor":1.0},{"not_picked":["Endless Agony","All Out Attack"],"picked":"Dodge and Roll","floor":2.0},{"not_picked":["Tactician","Reflex"],"picked":"Cloak And Dagger","floor":4.0},{"not_picked":["Heel Hook","Acrobatics"],"picked":"Blur","floor":5.0},{"not_picked":["Underhanded Strike","Blade Dance"],"picked":"Choke","floor":6.0},{"not_picked":["Dagger Throw","Bane"],"picked":"Venomology","floor":7.0},{"not_picked":["Prepared","Flechettes"],"picked":"Cloak And Dagger","floor":11.0},{"not_picked":["PiercingWail","Blade Dance"],"picked":"Backflip","floor":13.0},{"not_picked":["Outmaneuver","Bane"],"picked":"Acrobatics","floor":14.0},{"not_picked":["Die Die Die","Phantasmal Killer"],"picked":"After Image","floor":16.0},{"not_picked":["Prepared","Expertise+1","Flying Knee"],"picked":"SKIP","floor":18.0},{"not_picked":["Cloak And Dagger","Blur"],"picked":"Bouncing Flask","floor":22.0},{"not_picked":["Catalyst","Deadly Poison"],"picked":"Adrenaline","floor":23.0},{"not_picked":["Flying Knee","Expertise"],"picked":"PiercingWail+1","floor":25},{"not_picked":["Outmaneuver","Poisoned Stab"],"picked":"Tools of the Trade","floor":27},{"not_picked":["Predator","Endless Agony"],"picked":"Dagger Spray+1","floor":29},{"not_picked":["Dagger Throw","Slice+1","Blade Dance","Flying Knee"],"picked":"SKIP","floor":30},{"not_picked":["Phantasmal Killer","Night Terror","Unload"],"picked":"Glass Knife","floor":33},{"not_picked":["Outmaneuver","Quick Slash","Masterful Stab"],"picked":"Backstab","floor":35},{"not_picked":["Acrobatics","Footwork","Sucker Punch"],"picked":"Bouncing Flask+1","floor":36},{"not_picked":["Deflect+1","Backflip+1","Deadly Poison+1"],"picked":"Underhanded Strike","floor":39},{"not_picked":["Dagger Spray","Heel Hook","Night Terror"],"picked":"Crippling Poison+1","floor":40},{"not_picked":["Sucker Punch","Tactician","Slice"],"picked":"Noxious Fumes+1","floor":41},{"not_picked":["Backflip","Outmaneuver","Slice","Bane"],"picked":"SKIP","floor":46},{"not_picked":["Deadly Poison","Quick Slash","Grand Finale"],"picked":"Poisoned Stab+1","floor":47},{"not_picked":["Prepared","Dagger Spray","Skewer+1"],"picked":"Underhanded Strike+1","floor":48}],"player_experience":135699,"relics_obtained":[{"floor":6.0,"key":"Centennial Puzzle"},{"floor":9.0,"key":"Pantograph"},{"floor":11.0,"key":"Bird Faced Urn"},{"floor":13.0,"key":"Bag of Preparation"},{"floor":23.0,"key":"Blood Vial"},{"floor":26,"key":"Bottled Lightning"},{"floor":27,"key":"Bronze Scales"},{"floor":29,"key":"Question Card"},{"floor":36,"key":"Du-Vu Doll"},{"floor":39,"key":"Torii"},{"floor":40,"key":"Omamori"},{"floor":43,"key":"PreservedInsect"}],"event_choices":[{"cards_removed":["Choke"],"damage_healed":44.0,"max_hp_gain":0.0,"max_hp_loss":0.0,"gold_gain":0.0,"event_name":"Bonfire Elementals","player_choice":"Offered Uncommon","floor":12.0,"gold_loss":0.0,"damage_taken":0.0},{"damage_healed":0.0,"max_hp_gain":0.0,"max_hp_loss":0.0,"gold_gain":0.0,"event_name":"The Woman in Blue","player_choice":"Bought 0 Potions","floor":19.0,"gold_loss":0.0,"damage_taken":0.0},{"damage_healed":0.0,"max_hp_gain":0.0,"max_hp_loss":0.0,"gold_gain":0.0,"event_name":"Nest","player_choice":"Joined the Cult","floor":21.0,"gold_loss":0.0,"damage_taken":6.0,"cards_obtained":["RitualDagger"]},{"damage_healed":0,"gold_gain":0,"player_choice":"Read","damage_taken":0,"max_hp_gain":0,"max_hp_loss":0,"event_name":"The Library","floor":28,"gold_loss":0,"cards_obtained":["Deadly Poison"]},{"cards_removed":["Backflip"],"damage_healed":0,"gold_gain":0,"player_choice":"Gave Gold","damage_taken":0,"max_hp_gain":0,"max_hp_loss":0,"event_name":"Beggar","floor":31,"gold_loss":75},{"damage_healed":0,"gold_gain":0,"player_choice":"Fight","damage_taken":0,"max_hp_gain":0,"max_hp_loss":0,"event_name":"Mysterious Sphere","floor":36,"gold_loss":0},{"cards_removed":["Blur"],"damage_healed":0,"gold_gain":0,"player_choice":"Removed Skill","damage_taken":0,"max_hp_gain":0,"max_hp_loss":0,"event_name":"Falling","floor":37,"gold_loss":0},{"damage_healed":0,"gold_gain":0,"player_choice":"Fight","damage_taken":0,"max_hp_gain":0,"max_hp_loss":0,"event_name":"MindBloom","floor":39,"gold_loss":0},{"damage_healed":0,"gold_gain":0,"player_choice":"Paid","damage_taken":0,"relics_obtained":["Red Mask"],"max_hp_gain":0,"max_hp_loss":0,"event_name":"Tomb of Lord Red Mask","floor":44,"gold_loss":31}],"is_beta":false,"boss_relics":[{"not_picked":["Snecko Eye","White Beast Statue"],"picked":"Pandora\u0027s Box"},{"not_picked":["HoveringKite","Orrery"],"picked":"Cursed Key"}],"items_purged_floors":[3,10],"is_endless":false,"potions_floor_spawned":[4,7,11,14,18,29,33,36,41,46,47],"ascension_level":2}