{"gold_per_floor":[119,136,152,152,170,120,120,120,120,150,150,162,195,214,214,310,310,323,323,323,323,338,367,379,43,66,111,133,45,62,62,62,166,216,231,245,245,258,272,272,292,14,14,26,43,43,43,54,54,54],"floor_reached":50,"playtime":1403,"items_purged":["Strike_R","Strike_R","Strike_R"],"score":523,"play_id":"440c3234-bec9-4f3e-a9cb-5b49350ccbd1","local_time":"20190210000643","is_ascension_mode":false,"campfire_choices":[{"data":"Bash","floor":8,"key":"SMITH"},{"data":"Inflame","floor":11,"key":"SMITH"},{"floor":15,"key":"REST"},{"data":"Inflame","floor":32,"key":"SMITH"},{"data":"Metallicize","floor":40,"key":"SMITH"},{"floor":46,"key":"REST"},{"floor":49,"key":"REST"}],"neow_cost":"NONE","seed_source_timestamp":715144746881507,"circlet_count":0,"master_deck":["Strike_R","Defend_R","Defend_R","Defend_R","Defend_R","Bash+1","Pommel Strike+1","Inflame+1","Sword Boomerang+1","Heavy Blade+1","Flex","Iron Wave+1","Metallicize+1","Flex","Pommel Strike+1","Inflame+1","Flame Barrier+1","True Grit+1","Flame Barrier","Offering","Inflame+1"],"relics":["Burning Blood","Molten Egg 2","Pear","StoneCalendar","Bag of Preparation","Sozu","Bottled Tornado","Matryoshka","Shuriken","MawBank","Ginger","Tiny House","Vajra","Mummified Hand","Ornamental Fan"],"potions_floor_usage":[16,23],"damage_taken":[{"damage":1,"enemies":"Cultist","floor":1,"turns":3},{"damage":2,"enemies":"Small Slimes","floor":2,"turns":4},{"damage":6,"enemies":"Jaw Worm","floor":3,"turns":3},{"damage":22,"enemies":"Looter","floor":5,"turns":4},{"damage":34,"enemies":"3 Sentries","floor":10,"turns":9},{"damage":0,"enemies":"Large Slime","floor":12,"turns":2},{"damage":18,"enemies":"Lagavulin","floor":13,"turns":3},{"damage":13,"enemies":"Gremlin Gang","floor":14,"turns":3},{"damage":5,"enemies":"Slime Boss","floor":16,"turns":7},{"damage":7,"enemies":"Chosen","floor":18,"turns":3},{"damage":10,"enemies":"2 Thieves","floor":22,"turns":2},{"damage":23,"enemies":"Book of Stabbing","floor":23,"turns":6},{"damage":0,"enemies":"Cultist and Chosen","floor":24,"turns":4},{"damage":32,"enemies":"Slavers","floor":27,"turns":4},{"damage":0,"enemies":"Centurion and Healer","floor":28,"turns":4},{"damage":20,"enemies":"Snake Plant","floor":30,"turns":3},{"damage":48,"enemies":"Champ","floor":33,"turns":7},{"damage":13,"enemies":"3 Darklings","floor":35,"turns":5},{"damage":3,"enemies":"Orb Walker","floor":36,"turns":2},{"damage":20,"enemies":"4 Shapes","floor":38,"turns":7},{"damage":21,"enemies":"3 Darklings","floor":39,"turns":4},{"damage":21,"enemies":"Maw","floor":41,"turns":6},{"damage":17,"enemies":"Writhing Mass","floor":44,"turns":3},{"damage":0,"enemies":"3 Darklings","floor":45,"turns":4},{"damage":41,"enemies":"Maw","floor":48,"turns":7},{"damage":75,"enemies":"Awakened One","floor":50,"turns":6}],"seed_played":"-3011472488311561414","potions_obtained":[{"floor":5,"key":"GamblersBrew"},{"floor":10,"key":"Poison Potion"},{"floor":13,"key":"Swift Potion"},{"floor":16,"key":"Weak Potion"}],"is_trial":false,"path_per_floor":["M","M","M","?","M","?","?","R","T","E","R","M","E","M","R","B",null,"M","T","?","?","M","E","M","$","T","E","M","$","M","?","R","B",null,"M","M","?","M","M","R","M","$","T","M","M","R","?","M","R","B"],"character_chosen":"IRONCLAD","items_purchased":["Shuriken","Vajra"],"campfire_rested":3,"item_purchase_floors":[25,42],"current_hp_per_floor":[80,80,80,73,57,57,57,57,67,39,39,45,33,26,53,54,90,89,89,89,71,67,50,56,56,56,30,36,36,22,53,53,11,100,93,96,96,82,67,67,52,52,52,41,47,77,77,42,72,0],"gold":54,"neow_bonus":"ONE_RANDOM_RARE_CARD","is_prod":false,"is_daily":false,"chose_seed":false,"campfire_upgraded":4,"win_rate":0,"timestamp":1549728403,"path_taken":["M","M","M","?","M","?","?","R","T","E","R","M","E","M","R","BOSS","M","?","?","?","M","E","M","$","T","E","M","$","M","?","R","BOSS","M","M","?","M","?","R","M","$","T","M","M","R","?","?","R","BOSS"],"build_version":"2019-01-23","purchased_purges":3,"victory":false,"max_hp_per_floor":[80,80,80,80,80,80,80,80,90,90,90,90,90,90,90,90,90,90,90,90,95,95,95,95,95,95,95,95,95,95,95,95,95,100,100,100,100,100,100,100,100,100,100,100,100,100,100,100,100,100],"card_choices":[{"not_picked":["Warcry","Body Slam","Twin Strike"],"picked":"SKIP","floor":1},{"not_picked":["Body Slam","Feel No Pain"],"picked":"Pommel Strike","floor":2},{"not_picked":["True Grit","Flex"],"picked":"Inflame","floor":3},{"not_picked":["Warcry","Armaments"],"picked":"Sword Boomerang+1","floor":5},{"not_picked":["Blood for Blood+1","Cleave+1"],"picked":"Heavy Blade+1","floor":10},{"not_picked":["Headbutt+1","Blood for Blood+1"],"picked":"Flex","floor":12},{"not_picked":["Shockwave","Carnage+1"],"picked":"Iron Wave+1","floor":13},{"not_picked":["Combust","Barricade"],"picked":"Metallicize","floor":14},{"not_picked":["Headbutt+1","Infernal Blade"],"picked":"Flex","floor":18},{"not_picked":["Flex+1","Iron Wave+1"],"picked":"Pommel Strike+1","floor":22},{"not_picked":["Headbutt+1","Clothesline+1","Clash+1"],"picked":"SKIP","floor":23},{"not_picked":["Fiend Fire+1","Infernal Blade+1","Dual Wield+1"],"picked":"SKIP","floor":24},{"not_picked":["Exhume","Twin Strike+1","Clash+1"],"picked":"SKIP","floor":27},{"not_picked":["Shrug It Off+1","Sword Boomerang+1"],"picked":"Inflame","floor":28},{"not_picked":["Combust","Clash+1"],"picked":"Flame Barrier","floor":30},{"not_picked":["Flex","Clash+1","Anger+1"],"picked":"SKIP","floor":35},{"not_picked":["Shrug It Off+1","Pommel Strike+1"],"picked":"True Grit+1","floor":36},{"not_picked":["Blood for Blood+1","Entrench","Rage"],"picked":"SKIP","floor":38},{"not_picked":["Perfected Strike+1","Headbutt+1","Wild Strike+1"],"picked":"SKIP","floor":39},{"not_picked":["Body Slam+1","Wild Strike+1","Infernal Blade+1"],"picked":"SKIP","floor":41},{"not_picked":["Entrench+1","Clothesline+1"],"picked":"Flame Barrier","floor":44},{"not_picked":["Seeing Red","Clothesline+1"],"picked":"Offering","floor":45},{"not_picked":["Corruption","Bloodletting+1","Heavy Blade+1"],"picked":"SKIP","floor":48}],"player_experience":222270,"relics_obtained":[{"floor":9,"key":"Pear"},{"floor":10,"key":"StoneCalendar"},{"floor":13,"key":"Bag of Preparation"},{"floor":19,"key":"Bottled Tornado"},{"floor":23,"key":"Matryoshka"},{"floor":26,"key":"MawBank"},{"floor":27,"key":"Ginger"},{"floor":43,"key":"Mummified Hand"},{"floor":43,"key":"Ornamental Fan"}],"event_choices":[{"damage_healed":0,"gold_gain":0,"player_choice":"Success","damage_taken":7,"relics_obtained":["Molten Egg 2"],"max_hp_gain":0,"max_hp_loss":0,"event_name":"Scrap Ooze","floor":4,"gold_loss":0},{"cards_removed":["Berserk"],"damage_healed":0,"gold_gain":0,"player_choice":"Card Removal","damage_taken":0,"max_hp_gain":0,"max_hp_loss":0,"event_name":"The Cleric","floor":6,"gold_loss":50},{"damage_healed":0,"gold_gain":0,"player_choice":"0 cards matched","damage_taken":0,"max_hp_gain":0,"max_hp_loss":0,"event_name":"Match and Keep!","floor":7,"gold_loss":0,"cards_obtained":[]},{"cards_removed":["Strike_R"],"damage_healed":0,"gold_gain":0,"player_choice":"Elegance","damage_taken":0,"max_hp_gain":0,"max_hp_loss":0,"event_name":"Back to Basics","floor":20,"gold_loss":0},{"damage_healed":0,"gold_gain":0,"player_choice":"Shed Blood","damage_taken":23,"max_hp_gain":5,"max_hp_loss":0,"event_name":"Forgotten Altar","floor":21,"gold_loss":0},{"damage_healed":31,"gold_gain":0,"player_choice":"Heal","damage_taken":0,"max_hp_gain":0,"max_hp_loss":0,"event_name":"The Library","floor":31,"gold_loss":0},{"damage_healed":0,"gold_gain":0,"player_choice":"Forge","damage_taken":0,"max_hp_gain":0,"max_hp_loss":0,"event_name":"Accursed Blacksmith","floor":37,"gold_loss":0,"cards_upgraded":["Flame Barrier"]},{"damage_healed":0,"gold_gain":0,"player_choice":"Copied","damage_taken":0,"max_hp_gain":0,"max_hp_loss":0,"event_name":"Duplicator","floor":47,"gold_loss":0,"cards_obtained":["Inflame"]}],"is_beta":false,"boss_relics":[{"not_picked":["Lizard Tail","Velvet Choker"],"picked":"Sozu"},{"not_picked":["Astrolabe","White Beast Statue"],"picked":"Tiny House"}],"items_purged_floors":[25,29,42],"is_endless":false,"potions_floor_spawned":[5,10,13,14,16,22,24,27,30,33,36,39,44,45],"killed_by":"Awakened One","ascension_level":0}