{"gold_per_floor":[119,130,140,140,96,130,142,185,197,226,238,250],"floor_reached":12,"playtime":827,"items_purged":[],"score":180,"play_id":"a7bfdec5-9636-4127-8ea1-d240a17699ed","local_time":"20181227102054","is_ascension_mode":true,"campfire_choices":[{"floor":7,"key":"REST"}],"neow_cost":"NONE","seed_source_timestamp":864368228772595,"circlet_count":0,"master_deck":["AscendersBane","Defend_G","Defend_G","Defend_G","Defend_G","Defend_G","Strike_G","Strike_G","Strike_G","Strike_G","Strike_G","Survivor","Neutralize","All Out Attack","Noxious Fumes","Sucker Punch","Flying Knee","Footwork","Cloak And Dagger","Deadly Poison"],"relics":["Ring of the Snake","MawBank","FossilizedHelix","Tough Bandages"],"potions_floor_usage":[5,8,8,12],"damage_taken":[{"damage":1,"enemies":"Small Slimes","floor":1,"turns":4},{"damage":2,"enemies":"Jaw Worm","floor":2,"turns":4},{"damage":1,"enemies":"Cultist","floor":3,"turns":3},{"damage":20,"enemies":"Exordium Thugs","floor":5,"turns":5},{"damage":45,"enemies":"3 Sentries","floor":6,"turns":10},{"damage":33,"enemies":"Lagavulin","floor":8,"turns":10},{"damage":0,"enemies":"Lots of Slimes","floor":10,"turns":3},{"damage":10,"enemies":"3 Sentries","floor":12,"turns":5}],"seed_played":"7192382653999543811","potions_obtained":[{"floor":0,"key":"EntropicBrew"},{"floor":0,"key":"Fire Potion"},{"floor":3,"key":"Regen Potion"},{"floor":6,"key":"Regen Potion"},{"floor":10,"key":"AttackPotion"}],"is_trial":false,"path_per_floor":["M","M","M","?","M","E","R","E","T","M","?","E"],"character_chosen":"THE_SILENT","items_purchased":[],"campfire_rested":1,"item_purchase_floors":[],"current_hp_per_floor":[58,56,55,60,52,7,28,10,10,10,10,0],"gold":250,"neow_bonus":"THREE_SMALL_POTIONS","is_prod":false,"is_daily":false,"chose_seed":false,"campfire_upgraded":0,"win_rate":0,"timestamp":1545934854,"path_taken":["M","M","M","?","M","E","R","E","T","M","?","E"],"build_version":"2018-12-20","purchased_purges":0,"victory":false,"max_hp_per_floor":[66,66,66,71,71,71,71,71,71,71,71,71],"card_choices":[{"not_picked":["Backflip","Blade Dance"],"picked":"All Out Attack","floor":1},{"not_picked":["Dagger Throw","Concentrate"],"picked":"Noxious Fumes","floor":2},{"not_picked":["Underhanded Strike","Dagger Spray"],"picked":"Sucker Punch","floor":3},{"not_picked":["Backflip","Distraction"],"picked":"Flying Knee","floor":5},{"not_picked":["Backflip","Reflex"],"picked":"Footwork","floor":6},{"not_picked":["Doppelganger","Infinite Blades"],"picked":"Cloak And Dagger","floor":8},{"not_picked":["Underhanded Strike","Predator"],"picked":"Deadly Poison","floor":10}],"player_experience":222810,"relics_obtained":[{"floor":6,"key":"MawBank"},{"floor":8,"key":"FossilizedHelix"},{"floor":9,"key":"Tough Bandages"}],"event_choices":[{"damage_healed":0,"gold_gain":0,"player_choice":"Donut","damage_taken":0,"max_hp_gain":5,"max_hp_loss":0,"event_name":"Big Fish","floor":4,"gold_loss":0},{"damage_healed":0,"gold_gain":0,"player_choice":"Ignored","damage_taken":0,"max_hp_gain":0,"max_hp_loss":0,"event_name":"Liars Game","floor":11,"gold_loss":0}],"is_beta":false,"boss_relics":[],"items_purged_floors":[],"is_endless":false,"potions_floor_spawned":[1,3,6,10],"killed_by":"3 Sentries","ascension_level":20}