{"gold_per_floor":[119,138,148,223,223,252,252,283,306,306],"floor_reached":10,"playtime":540,"items_purged":[],"score":152,"play_id":"096991d3-860d-491f-8a21-e60b6060173e","local_time":"20190106212356","is_ascension_mode":true,"campfire_choices":[{"floor":7,"key":"REST"}],"neow_cost":"NONE","seed_source_timestamp":1768403178029794,"circlet_count":0,"master_deck":["AscendersBane","Defend_G","Defend_G","Defend_G","Defend_G","Defend_G","Strike_G","Strike_G","Strike_G","Strike_G","Strike_G","Survivor","Neutralize","PiercingWail","Slice","Backflip","Noxious Fumes","Venomology"],"relics":["Ring of the Snake","Mummified Hand","Bag of Preparation","Smiling Mask","Orichalcum"],"potions_floor_usage":[6,8,8,10,10],"damage_taken":[{"damage":4,"enemies":"Small Slimes","floor":1,"turns":4},{"damage":2,"enemies":"Jaw Worm","floor":2,"turns":6},{"damage":4,"enemies":"Cultist","floor":3,"turns":4},{"damage":19,"enemies":"Gremlin Nob","floor":6,"turns":4},{"damage":29,"enemies":"3 Sentries","floor":8,"turns":7},{"damage":10,"enemies":"Red Slaver","floor":10,"turns":3}],"seed_played":"3064792561899253506","potions_obtained":[{"floor":0,"key":"GhostInAJar"},{"floor":0,"key":"EntropicBrew"},{"floor":3,"key":"Strength Potion"},{"floor":6,"key":"Strength Potion"}],"is_trial":false,"path_per_floor":["M","M","M","?","T","E","R","E","T","M"],"character_chosen":"THE_SILENT","items_purchased":[],"campfire_rested":1,"item_purchase_floors":[],"current_hp_per_floor":[55,53,49,38,38,19,38,9,9,0],"gold":306,"neow_bonus":"THREE_SMALL_POTIONS","is_prod":false,"is_daily":false,"chose_seed":false,"campfire_upgraded":0,"win_rate":0,"timestamp":1546838636,"path_taken":["M","M","M","?","?","E","R","E","T","M"],"build_version":"2019-01-03v4","purchased_purges":0,"victory":false,"max_hp_per_floor":[66,66,66,66,66,66,66,66,66,66],"card_choices":[{"not_picked":["Deadly Poison","Dagger Throw"],"picked":"PiercingWail","floor":1},{"not_picked":["Deadly Poison","Acrobatics"],"picked":"Slice","floor":2},{"not_picked":["PiercingWail","Slice"],"picked":"Backflip","floor":3},{"not_picked":["Bouncing Flask","Finisher"],"picked":"Noxious Fumes","floor":6},{"not_picked":["Distraction","Heel Hook"],"picked":"Venomology","floor":8}],"player_experience":363170,"relics_obtained":[{"floor":5,"key":"Mummified Hand"},{"floor":6,"key":"Bag of Preparation"},{"floor":8,"key":"Smiling Mask"},{"floor":9,"key":"Orichalcum"}],"event_choices":[{"damage_healed":0,"gold_gain":75,"player_choice":"Gather Gold","damage_taken":11,"max_hp_gain":0,"max_hp_loss":0,"event_name":"World of Goop","floor":4,"gold_loss":0}],"is_beta":false,"boss_relics":[],"items_purged_floors":[],"is_endless":false,"potions_floor_spawned":[3,6],"killed_by":"Red Slaver","ascension_level":20}