{"gold_per_floor":[109,109,109,120,195,227,244,40,87,99,130,130,33,62,62,162,162,178,197,197,210,16,16,32,32,59,59,78,78,90,103,103,103],"floor_reached":33,"playtime":883,"items_purged":["Strike_R"],"score":453,"play_id":"c74fb425-3dc5-471c-8ed8-9d7d4900a1d4","local_time":"20190210043749","is_ascension_mode":true,"campfire_choices":[{"floor":15.0,"key":"REST"},{"data":"Double Tap","floor":23.0,"key":"SMITH"},{"data":"Spot Weakness","floor":25.0,"key":"SMITH"},{"data":"Sword Boomerang","floor":27.0,"key":"SMITH"},{"data":"Twin Strike","floor":29.0,"key":"SMITH"},{"floor":32,"key":"REST"}],"neow_cost":"NONE","seed_source_timestamp":49761556881400,"circlet_count":0,"master_deck":["AscendersBane","Strike_R","Strike_R","Strike_R","Strike_R","Defend_R","Defend_R","Defend_R","Bash+1","Spot Weakness+1","Sword Boomerang+1","Double Tap+1","Twin Strike+1","Reaper","Shrug It Off","Shrug It Off","Cleave+1","Iron Wave+1"],"special_seed":0,"relics":["Burning Blood","NeowsBlessing","Juzu Bracelet","Medical Kit","Oddly Smooth Stone","Dream Catcher","Bag of Marbles","Sozu","Membership Card","Smiling Mask"],"potions_floor_usage":[33],"damage_taken":[{"damage":0.0,"enemies":"Small Slimes","floor":1.0,"turns":1.0},{"damage":0.0,"enemies":"Jaw Worm","floor":4.0,"turns":1.0},{"damage":0.0,"enemies":"Gremlin Nob","floor":6.0,"turns":1.0},{"damage":13.0,"enemies":"2 Louse","floor":7.0,"turns":4.0},{"damage":12.0,"enemies":"Large Slime","floor":10.0,"turns":5.0},{"damage":40.0,"enemies":"Lagavulin","floor":11.0,"turns":5.0},{"damage":22.0,"enemies":"3 Sentries","floor":14.0,"turns":6.0},{"damage":30.0,"enemies":"Hexaghost","floor":16.0,"turns":7.0},{"damage":29.0,"enemies":"Shell Parasite","floor":18.0,"turns":5.0},{"damage":27.0,"enemies":"3 Byrds","floor":19.0,"turns":5.0},{"damage":10.0,"enemies":"Centurion and Healer","floor":21.0,"turns":6.0},{"damage":28.0,"enemies":"Cultist and Chosen","floor":24.0,"turns":5.0},{"damage":19.0,"enemies":"Snecko","floor":28.0,"turns":4.0},{"damage":41,"enemies":"Chosen and Byrds","floor":30,"turns":8},{"damage":22,"enemies":"Centurion and Healer","floor":31,"turns":7},{"damage":44,"enemies":"Collector","floor":33,"turns":5}],"seed_played":"7725638809181604951","potions_obtained":[{"floor":1.0,"key":"SkillPotion"},{"floor":6.0,"key":"SkillPotion"},{"floor":10.0,"key":"AttackPotion"},{"floor":11.0,"key":"Energy Potion"},{"floor":16.0,"key":"FearPotion"}],"is_trial":false,"path_per_floor":["M","?","?","M","?","E","M","$","T","M","E","?","$","E","R","B",null,"M","M","$","M","$","R","M","R","T","R","M","R","M","M","R","B"],"character_chosen":"IRONCLAD","items_purchased":["Medical Kit","Twin Strike","Membership Card"],"campfire_rested":2,"item_purchase_floors":[8,13,22],"current_hp_per_floor":[78,78,71,77,66,72,65,65,65,59,25,25,25,9,33,9,62,39,61,61,67,67,67,45,45,45,45,44,44,15,19,43,0],"gold":103,"neow_bonus":"THREE_ENEMY_KILL","is_prod":false,"is_daily":false,"chose_seed":false,"campfire_upgraded":4,"win_rate":0,"timestamp":1549766269,"path_taken":["M","?","?","M","?","E","M","$","T","M","E","?","$","E","R","BOSS","M","M","$","M","$","R","M","R","T","R","M","R","M","M","R","BOSS"],"build_version":"2019-01-23","purchased_purges":1,"victory":false,"max_hp_per_floor":[80,80,80,80,80,80,80,80,80,80,80,80,80,80,80,80,80,80,80,80,80,80,80,80,80,80,80,80,80,80,80,80,80],"card_choices":[{"not_picked":["Sword Boomerang","Shrug It Off"],"picked":"Spot Weakness","floor":1.0},{"not_picked":["Flex","Clothesline","Thunderclap"],"picked":"SKIP","floor":4.0},{"not_picked":["Thunderclap","Evolve","Headbutt"],"picked":"SKIP","floor":6.0},{"not_picked":["Wild Strike","Heavy Blade"],"picked":"Sword Boomerang","floor":7.0},{"not_picked":["Dual Wield","Iron Wave"],"picked":"Double Tap","floor":10.0},{"not_picked":["Cleave","Body Slam","Pommel Strike"],"picked":"SKIP","floor":11.0},{"not_picked":["Entrench","Whirlwind","Bloodletting"],"picked":"SKIP","floor":14.0},{"not_picked":["Impervious","Immolate"],"picked":"Reaper","floor":16.0},{"not_picked":["Evolve","Searing Blow"],"picked":"Shrug It Off","floor":18.0},{"not_picked":["Pommel Strike","Searing Blow","Hemokinesis+1"],"picked":"SKIP","floor":19.0},{"not_picked":["Armaments","Dropkick"],"picked":"Shrug It Off","floor":21.0},{"not_picked":["Heavy Blade","True Grit","Pommel Strike"],"picked":"SKIP","floor":24.0},{"not_picked":["Corruption","Pommel Strike"],"picked":"Cleave+1","floor":28.0},{"not_picked":["True Grit","Fire Breathing","Cleave+1"],"picked":"SKIP","floor":30},{"not_picked":["Heavy Blade","Flame Barrier"],"picked":"Iron Wave+1","floor":31}],"player_experience":688290,"relics_obtained":[{"floor":6.0,"key":"Juzu Bracelet"},{"floor":9.0,"key":"Oddly Smooth Stone"},{"floor":11.0,"key":"Dream Catcher"},{"floor":14.0,"key":"Bag of Marbles"},{"floor":26.0,"key":"Smiling Mask"}],"event_choices":[{"damage_healed":0.0,"max_hp_gain":0.0,"max_hp_loss":0.0,"gold_gain":0.0,"event_name":"Living Wall","player_choice":"Grow","floor":2.0,"gold_loss":0.0,"damage_taken":0.0,"cards_upgraded":["Bash"]},{"cards_removed":["Defend_R"],"damage_healed":0.0,"max_hp_gain":0.0,"max_hp_loss":0.0,"gold_gain":0.0,"event_name":"Golden Wing","player_choice":"Card Removal","floor":3.0,"gold_loss":0.0,"damage_taken":7.0},{"damage_healed":0.0,"max_hp_gain":0.0,"max_hp_loss":0.0,"gold_gain":75.0,"event_name":"World of Goop","player_choice":"Gather Gold","floor":5.0,"gold_loss":0.0,"damage_taken":11.0},{"damage_healed":0.0,"max_hp_gain":0.0,"max_hp_loss":0.0,"gold_gain":0.0,"event_name":"Shining Light","player_choice":"Ignored","floor":12.0,"gold_loss":0.0,"damage_taken":0.0}],"is_beta":false,"boss_relics":[{"not_picked":["Mark of Pain","Coffee Dripper"],"picked":"Sozu"}],"items_purged_floors":[13],"is_endless":false,"potions_floor_spawned":[1,6,10,11,16,18,21,30],"killed_by":"Collector","ascension_level":11}