{"gold_per_floor":[113,113,113,127,144,144,175,135,160,160,30,30,42,42,42,114,114,127,127,143,157,0,0,0,0,0,0,15,28,38,38,38,38],"floor_reached":33,"playtime":1299,"items_purged":["Strike_G"],"score":441,"play_id":"d43db0b6-360c-4078-8fe0-332d1c9d54c0","local_time":"20181114222512","is_ascension_mode":true,"campfire_choices":[{"data":"Neutralize","floor":6,"key":"SMITH"},{"data":"Well Laid Plans","floor":10,"key":"SMITH"},{"data":"Crippling Poison","floor":12,"key":"SMITH"},{"data":"Flechettes","floor":15,"key":"SMITH"},{"floor":23,"key":"REST"},{"floor":25,"key":"REST"},{"floor":27,"key":"REST"},{"floor":32,"key":"REST"}],"neow_cost":"NONE","seed_source_timestamp":884966768964638,"circlet_count":0,"master_deck":["AscendersBane","Defend_G","Defend_G","Defend_G","Defend_G","Defend_G","Strike_G","Strike_G","Strike_G","Strike_G","Survivor","Neutralize+1","Flechettes+1","Well Laid Plans+1","Slice","Crippling Poison+1","Cloak And Dagger","Finisher","Burst","Catalyst+1","Deadly Poison","Noxious Fumes","Dash"],"relics":["Ring of the Snake","Bronze Scales","Blood Vial","Pen Nib","Bag of Marbles","Sozu","Nunchaku"],"potions_floor_usage":[7,7,33],"damage_taken":[{"damage":4,"enemies":"Jaw Worm","floor":1,"turns":6},{"damage":0,"enemies":"2 Louse","floor":4,"turns":3},{"damage":5,"enemies":"Cultist","floor":5,"turns":3},{"damage":22,"enemies":"Lagavulin","floor":7,"turns":7},{"damage":2,"enemies":"Looter","floor":13,"turns":2},{"damage":16,"enemies":"The Guardian","floor":16,"turns":12},{"damage":16,"enemies":"Spheric Guardian","floor":18,"turns":4},{"damage":0,"enemies":"Chosen","floor":20,"turns":5},{"damage":26,"enemies":"Snake Plant","floor":21,"turns":5},{"damage":16,"enemies":"Centurion and Healer","floor":28,"turns":3},{"damage":8,"enemies":"Cultist and Chosen","floor":29,"turns":4},{"damage":13,"enemies":"Snake Plant","floor":30,"turns":4},{"damage":59,"enemies":"Automaton","floor":33,"turns":6}],"seed_played":"864246266821002779","potions_obtained":[{"floor":1,"key":"FearPotion"},{"floor":5,"key":"FearPotion"},{"floor":8,"key":"Swift Potion"},{"floor":8,"key":"EssenceOfSteel"}],"is_trial":false,"path_per_floor":["M","?","?","M","M","R","E","?","T","R","$","R","M","$","R","B",null,"M","?","M","M","?","R","?","R","T","R","M","M","M","$","R","B"],"character_chosen":"THE_SILENT","items_purchased":["Cloak And Dagger"],"campfire_rested":4,"item_purchase_floors":[11],"current_hp_per_floor":[55,60,55,57,54,54,34,34,34,34,34,34,34,34,34,20,58,44,37,39,15,15,36,16,38,38,60,46,40,29,29,51,0],"gold":38,"neow_bonus":"RANDOM_COMMON_RELIC","is_prod":false,"is_daily":false,"chose_seed":false,"campfire_upgraded":4,"win_rate":0,"timestamp":1542252312,"path_taken":["M","?","?","M","M","R","E","?","T","R","$","R","?","$","R","BOSS","M","?","?","M","?","R","?","R","T","R","M","M","M","?","R","BOSS"],"build_version":"2018-11-08","purchased_purges":1,"victory":false,"max_hp_per_floor":[66,71,71,71,71,71,71,71,71,71,71,71,71,71,71,71,71,71,71,71,71,71,71,76,76,76,76,76,76,76,76,76,76],"card_choices":[{"not_picked":["Accuracy","Dodge and Roll"],"picked":"Flechettes","floor":1},{"not_picked":["Quick Slash","Acrobatics"],"picked":"Well Laid Plans","floor":4},{"not_picked":["Dodge and Roll","Calculated Gamble"],"picked":"Slice","floor":5},{"not_picked":["Slice","Deflect"],"picked":"Crippling Poison","floor":7},{"not_picked":["Grand Finale","Slice"],"picked":"Finisher","floor":13},{"not_picked":["Tools of the Trade","Unload"],"picked":"Burst","floor":16},{"not_picked":["Backflip","Quick Slash"],"picked":"Catalyst+1","floor":18},{"not_picked":["Riddle With Holes","PiercingWail"],"picked":"Deadly Poison","floor":20},{"not_picked":["Cloak And Dagger","Outmaneuver"],"picked":"Noxious Fumes","floor":21},{"not_picked":["Calculated Gamble","Masterful Stab","Outmaneuver"],"picked":"SKIP","floor":28},{"not_picked":["Bane","Flying Knee","Dodge and Roll"],"picked":"SKIP","floor":29},{"not_picked":["Sucker Punch","Blade Dance"],"picked":"Dash","floor":30}],"player_experience":3336803,"relics_obtained":[{"floor":7,"key":"Pen Nib"},{"floor":9,"key":"Bag of Marbles"},{"floor":26,"key":"Nunchaku"}],"event_choices":[{"damage_healed":0,"gold_gain":0,"player_choice":"Donut","damage_taken":0,"max_hp_gain":5,"max_hp_loss":0,"event_name":"Big Fish","floor":2,"gold_loss":0},{"damage_healed":0,"gold_gain":0,"player_choice":"Success","damage_taken":5,"relics_obtained":["Blood Vial"],"max_hp_gain":0,"max_hp_loss":0,"event_name":"Scrap Ooze","floor":3,"gold_loss":0},{"damage_healed":0,"gold_gain":0,"player_choice":"Bought 3 Potions","damage_taken":0,"max_hp_gain":0,"max_hp_loss":0,"event_name":"The Woman in Blue","floor":8,"gold_loss":0},{"damage_healed":0,"gold_gain":0,"player_choice":"","damage_taken":7,"max_hp_gain":0,"max_hp_loss":0,"event_name":"Knowing Skull","floor":19,"potions_obtained":[],"gold_loss":0,"cards_obtained":[]},{"damage_healed":0,"gold_gain":0,"player_choice":"Paid Fearfully","damage_taken":0,"max_hp_gain":0,"max_hp_loss":0,"event_name":"Masked Bandits","floor":22,"gold_loss":157},{"damage_healed":0,"gold_gain":0,"player_choice":"Shed Blood","damage_taken":25,"max_hp_gain":5,"max_hp_loss":0,"event_name":"Forgotten Altar","floor":24,"gold_loss":0}],"is_beta":false,"boss_relics":[{"not_picked":["Fusion Hammer","Orrery"],"picked":"Sozu"}],"items_purged_floors":[11],"is_endless":false,"potions_floor_spawned":[1,5,18,21,30],"killed_by":"Automaton","ascension_level":16}