{"gold_per_floor":[110,185,185,110,134,134,153,153,153,153,172,207,220,259,259,350,350,369,369,392,80,101,141,141,180,205,205,205,205],"floor_reached":29,"playtime":2193,"items_purged":["Bite"],"score":667,"play_id":"6ef97610-7f9f-49bd-a7e3-7da27314429c","local_time":"20190206104032","is_ascension_mode":true,"campfire_choices":[{"data":"Noxious Fumes","floor":6,"key":"SMITH"},{"data":"Skewer","floor":8,"key":"SMITH"},{"data":"Neutralize","floor":10,"key":"SMITH"},{"floor":15,"key":"REST"},{"data":"Apotheosis","floor":24,"key":"SMITH"},{"data":"A Thousand Cuts","floor":28,"key":"SMITH"}],"neow_cost":"PERCENT_DAMAGE","seed_source_timestamp":86568856839700,"circlet_count":0,"master_deck":["AscendersBane","Defend_G","Defend_G","Defend_G","Defend_G","Defend_G","Survivor","Neutralize+1","Quick Slash","Noxious Fumes+1","Skewer+1","Leg Sweep","Glass Knife","Leg Sweep","A Thousand Cuts+1","Calculated Gamble","Bite","Bite","Bite","Bite","PiercingWail","Apotheosis+1","Noxious Fumes","Backstab"],"relics":["Ring of the Snake","FossilizedHelix","Bloody Idol","Letter Opener","Boot","Question Card","Sozu","Omamori","Mummified Hand","Orichalcum"],"potions_floor_usage":[12,12,16],"damage_taken":[{"damage":0,"enemies":"2 Louse","floor":1,"turns":3},{"damage":0,"enemies":"Small Slimes","floor":5,"turns":4},{"damage":0,"enemies":"Jaw Worm","floor":7,"turns":5},{"damage":0,"enemies":"Exordium Wildlife","floor":11,"turns":3},{"damage":0,"enemies":"Gremlin Nob","floor":12,"turns":4},{"damage":6,"enemies":"2 Fungi Beasts","floor":13,"turns":3},{"damage":0,"enemies":"Lagavulin","floor":14,"turns":6},{"damage":20,"enemies":"Slime Boss","floor":16,"turns":9},{"damage":0,"enemies":"Chosen","floor":18,"turns":5},{"damage":0,"enemies":"2 Thieves","floor":20,"turns":4},{"damage":12,"enemies":"Snake Plant","floor":22,"turns":4},{"damage":16,"enemies":"Gremlin Leader","floor":23,"turns":8},{"damage":9,"enemies":"Book of Stabbing","floor":25,"turns":6},{"damage":65,"enemies":"Gremlin Leader","floor":29,"turns":8}],"seed_played":"-2416465929672935843","potions_obtained":[{"floor":1,"key":"SkillPotion"},{"floor":5,"key":"GamblersBrew"},{"floor":11,"key":"PowerPotion"},{"floor":14,"key":"Strength Potion"}],"is_trial":false,"path_per_floor":["M","?","?","?","M","R","M","R","T","R","M","E","M","E","R","B",null,"M","?","M","$","M","E","R","E","T","?","R","E"],"character_chosen":"THE_SILENT","items_purchased":["Apotheosis","Noxious Fumes"],"campfire_rested":1,"item_purchase_floors":[21,21],"current_hp_per_floor":[44,33,33,33,33,33,33,33,33,33,33,33,27,27,45,25,51,51,42,42,42,39,39,39,36,36,36,36,0],"gold":205,"neow_bonus":"ONE_RARE_RELIC","is_prod":false,"is_daily":false,"chose_seed":false,"campfire_upgraded":5,"win_rate":0,"timestamp":1549446032,"path_taken":["M","?","?","?","M","R","M","R","T","R","?","E","M","E","R","BOSS","M","?","M","$","M","E","R","E","T","?","R","E"],"build_version":"2019-01-23","purchased_purges":1,"victory":false,"max_hp_per_floor":[66,66,60,60,60,60,60,60,60,60,60,60,60,60,60,60,60,60,42,42,42,42,42,42,42,42,42,42,42],"card_choices":[{"not_picked":["Endless Agony","Blade Dance"],"picked":"Quick Slash","floor":1},{"not_picked":["Setup","Deadly Poison"],"picked":"Noxious Fumes","floor":5},{"not_picked":["Bouncing Flask","Masterful Stab"],"picked":"Skewer","floor":7},{"not_picked":["Dagger Spray","Quick Slash"],"picked":"Leg Sweep","floor":11},{"not_picked":["Quick Slash","Underhanded Strike","Tactician"],"picked":"SKIP","floor":12},{"not_picked":["Acrobatics","Blur"],"picked":"Glass Knife","floor":13},{"not_picked":["Skewer","Acrobatics"],"picked":"Leg Sweep","floor":14},{"not_picked":["Tools of the Trade","Bullet Time","Night Terror"],"picked":"A Thousand Cuts","floor":16},{"not_picked":["Poisoned Stab","Underhanded Strike","Deflect"],"picked":"Calculated Gamble","floor":18},{"not_picked":["Dodge and Roll","Prepared","Tactician"],"picked":"PiercingWail","floor":20},{"not_picked":["Flying Knee","Masterful Stab","Underhanded Strike","Bane"],"picked":"SKIP","floor":22},{"not_picked":["All Out Attack","Flying Knee","Blade Dance","Sucker Punch"],"picked":"SKIP","floor":23},{"not_picked":["Riddle With Holes","Flying Knee","Dodge and Roll"],"picked":"Backstab","floor":25}],"player_experience":435265,"relics_obtained":[{"floor":9,"key":"Letter Opener"},{"floor":12,"key":"Boot"},{"floor":14,"key":"Question Card"},{"floor":23,"key":"Omamori"},{"floor":25,"key":"Mummified Hand"},{"floor":26,"key":"Orichalcum"}],"event_choices":[{"damage_healed":0,"gold_gain":75,"player_choice":"Gather Gold","damage_taken":11,"max_hp_gain":0,"max_hp_loss":0,"event_name":"World of Goop","floor":2,"gold_loss":0},{"damage_healed":0,"gold_gain":0,"player_choice":"Lose Max HP","damage_taken":0,"relics_obtained":["Golden Idol"],"max_hp_gain":0,"max_hp_loss":6,"event_name":"Golden Idol","floor":3,"gold_loss":0},{"cards_removed":["Strike_G"],"damage_healed":0,"gold_gain":0,"player_choice":"Card Removal","damage_taken":0,"max_hp_gain":0,"max_hp_loss":0,"event_name":"The Cleric","floor":4,"gold_loss":75},{"damage_healed":0,"gold_gain":0,"player_choice":"Became a vampire","damage_taken":0,"max_hp_gain":0,"max_hp_loss":18,"event_name":"Vampires","floor":19,"gold_loss":0,"cards_obtained":["Bite","Bite","Bite","Bite","Bite"]},{"damage_healed":0,"gold_gain":0,"player_choice":"Gave Idol","damage_taken":0,"relics_obtained":["Bloody Idol"],"max_hp_gain":0,"max_hp_loss":0,"event_name":"Forgotten Altar","floor":27,"relics_lost":["Golden Idol"],"gold_loss":0}],"is_beta":false,"boss_relics":[{"not_picked":["Pandora\u0027s Box","Lizard Tail"],"picked":"Sozu"}],"items_purged_floors":[21],"is_endless":false,"potions_floor_spawned":[1,5,11,14,20,23],"killed_by":"Gremlin Leader","ascension_level":20}