{"gold_per_floor":[119,67,84,103,123,123,141,141,167,182,237,252,252],"floor_reached":13,"playtime":802,"items_purged":[],"score":89,"play_id":"d76504d8-e6cf-4295-8910-816463109f81","local_time":"20180626173425","is_ascension_mode":false,"campfire_choices":[{"data":"Conserve Battery","floor":6,"key":"SMITH"}],"neow_cost":"NONE","seed_source_timestamp":41073144881570,"circlet_count":0,"master_deck":["Strike_B+1","Strike_B","Strike_B","Strike_B+1","Defend_B","Defend_B","Defend_B","Defend_B","Zap","Dualcast","White Noise","Reprogram","Ball Lightning","Conserve Battery+1","Ball Lightning","Conserve Battery","Hologram","Buffer"],"relics":["Cracked Core","Art of War","Tiny Chest"],"potions_floor_usage":[],"damage_taken":[{"damage":6,"enemies":"Cultist","floor":1,"turns":3},{"damage":0,"enemies":"2 Louse","floor":3,"turns":1},{"damage":1,"enemies":"Jaw Worm","floor":4,"turns":3},{"damage":5,"enemies":"Large Slime","floor":5,"turns":5},{"damage":0,"enemies":"2 Fungi Beasts","floor":7,"turns":2},{"damage":1,"enemies":"Exordium Wildlife","floor":10,"turns":3},{"damage":27,"enemies":"3 Sentries","floor":11,"turns":5},{"damage":14,"enemies":"Exordium Thugs","floor":12,"turns":4},{"damage":13,"enemies":"Large Slime","floor":13,"turns":1}],"seed_played":"-4137538324829797322","potions_obtained":[{"floor":1,"key":"SmokeBomb"},{"floor":5,"key":"SteroidPotion"},{"floor":11,"key":"LiquidBronze"}],"is_trial":false,"path_per_floor":["M","$","M","M","M","R","M","?","T","M","E","M"],"character_chosen":"DEFECT","items_purchased":["Ball Lightning"],"campfire_rested":0,"item_purchase_floors":[2],"current_hp_per_floor":[69,69,69,68,63,63,63,48,48,47,20,6,0],"gold":252,"neow_bonus":"THREE_CARDS","is_prod":false,"is_daily":false,"chose_seed":false,"campfire_upgraded":1,"win_rate":0,"timestamp":1530048865,"path_taken":["M","$","M","?","M","R","M","?","T","M","E","M","?"],"build_version":"2018-06-21v2","purchased_purges":0,"victory":false,"max_hp_per_floor":[75,75,75,75,75,75,75,75,75,75,75,75,75],"card_choices":[{"not_picked":["Beam Cell","Redo"],"picked":"White Noise","floor":0},{"not_picked":["Stack","Steam"],"picked":"Reprogram","floor":1},{"not_picked":["Stack","Darkness"],"picked":"Conserve Battery","floor":3},{"not_picked":["Melter","Coolheaded"],"picked":"Ball Lightning","floor":4},{"not_picked":["Compile Driver","Cold Snap"],"picked":"Conserve Battery","floor":5},{"not_picked":["Stack","White Noise","Turbo"],"picked":"SKIP","floor":7},{"not_picked":["Capacitor","Force Field","Blizzard"],"picked":"SKIP","floor":10},{"not_picked":["Ball Lightning","Redo"],"picked":"Hologram","floor":11},{"not_picked":["Doom and Gloom","Cold Snap"],"picked":"Buffer","floor":12}],"player_experience":115798,"relics_obtained":[{"floor":9,"key":"Art of War"},{"floor":11,"key":"Tiny Chest"}],"event_choices":[{"event_name":"Shining Light","player_choice":"Entered Light","floor":8,"damage_taken":0}],"boss_relics":[],"items_purged_floors":[],"is_endless":false,"potions_floor_spawned":[1,5,11,12],"killed_by":"Large Slime","ascension_level":0}