{"gold_per_floor":[113,128,147,147,160,160,176,176,203,222,222,238,253,281,281,358,358,369,197,226,241,257,257,288,288,358,9,109,120,130,130,130,203,203,216,230,230,330,350,350,375,434,526,564,576,622,634,659,671,683,695],"floor_reached":52,"playtime":7874,"items_purged":[],"score":1903,"play_id":"e3bd90d3-361c-4dad-b2b7-e8368803e1c5","local_time":"20181227192854","is_ascension_mode":true,"campfire_choices":[{"data":"Poisoned Stab","floor":6.0,"key":"SMITH"},{"data":"Dagger Spray","floor":8.0,"key":"SMITH"},{"data":"Neutralize","floor":11.0,"key":"SMITH"},{"data":"Leg Sweep","floor":15.0,"key":"SMITH"},{"data":"Bullet Time","floor":23.0,"key":"SMITH"},{"floor":25.0,"key":"REST"},{"floor":32.0,"key":"REST"},{"data":"Well Laid Plans","floor":40.0,"key":"SMITH"},{"floor":45.0,"key":"REST"},{"floor":47.0,"key":"REST"},{"floor":49,"key":"REST"}],"neow_cost":"NONE","seed_source_timestamp":889980368604128,"circlet_count":0,"master_deck":["AscendersBane","Defend_G+1","Defend_G+1","Defend_G+1","Defend_G+1","Strike_G+1","Strike_G+1","Survivor","Neutralize+1","Poisoned Stab+1","Quick Slash","Dagger Spray+1","Terror","Well Laid Plans+1","Leg Sweep+1","Bullet Time+1","Bullet Time+1","Backstab+1","Heel Hook+1","Predator","Backflip","Footwork","Dodge and Roll","Predator","Acrobatics+1","Expertise+1","Blade Dance+1","Phantasmal Killer+1","Finisher+1","Leg Sweep+1","Acrobatics+1","After Image","Flying Knee+1","Dodge and Roll+1","Acrobatics+1","Blade Dance+1","Blur+1"],"special_seed":0,"relics":["Ring of the Snake","Strawberry","Orichalcum","Dream Catcher","Astrolabe","Centennial Puzzle","Red Mask","Blood Vial","Paper Crane","Shuriken","Thread and Needle","Toxic Egg 2","Empty Cage","Mango","MawBank","Prayer Wheel","Bottled Flame","Omamori","Boot"],"potions_floor_usage":[50,51],"damage_taken":[{"damage":6.0,"enemies":"Small Slimes","floor":1.0,"turns":5.0},{"damage":0.0,"enemies":"Cultist","floor":2.0,"turns":4.0},{"damage":0.0,"enemies":"2 Louse","floor":3.0,"turns":4.0},{"damage":4.0,"enemies":"Blue Slaver","floor":5.0,"turns":5.0},{"damage":1.0,"enemies":"Large Slime","floor":7.0,"turns":6.0},{"damage":2.0,"enemies":"2 Fungi Beasts","floor":10.0,"turns":3.0},{"damage":22.0,"enemies":"Gremlin Gang","floor":12.0,"turns":4.0},{"damage":2.0,"enemies":"3 Louse","floor":13.0,"turns":3.0},{"damage":20.0,"enemies":"3 Sentries","floor":14.0,"turns":8.0},{"damage":26.0,"enemies":"Hexaghost","floor":16.0,"turns":10.0},{"damage":10.0,"enemies":"Spheric Guardian","floor":18.0,"turns":6.0},{"damage":2.0,"enemies":"Masked Bandits","floor":20.0,"turns":5.0},{"damage":6.0,"enemies":"Chosen","floor":21.0,"turns":4.0},{"damage":8.0,"enemies":"Centurion and Healer","floor":22.0,"turns":7.0},{"damage":26.0,"enemies":"Book of Stabbing","floor":24.0,"turns":5.0},{"damage":4.0,"enemies":"Colosseum Slavers","floor":28.0,"turns":4.0},{"damage":13.0,"enemies":"Colosseum Nobs","floor":28.0,"turns":5.0},{"damage":0.0,"enemies":"Snake Plant","floor":29.0,"turns":2.0},{"damage":12.0,"enemies":"Chosen and Byrds","floor":30.0,"turns":6.0},{"damage":3.0,"enemies":"Champ","floor":33.0,"turns":7.0},{"damage":0.0,"enemies":"Orb Walker","floor":35.0,"turns":3.0},{"damage":12.0,"enemies":"3 Darklings","floor":36.0,"turns":3.0},{"damage":1.0,"enemies":"Mind Bloom Boss Battle","floor":38.0,"turns":4.0},{"damage":5.0,"enemies":"Maw","floor":39.0,"turns":6.0},{"damage":13.0,"enemies":"Giant Head","floor":41.0,"turns":6.0},{"damage":12.0,"enemies":"2 Orb Walkers","floor":42.0,"turns":4.0},{"damage":20.0,"enemies":"Nemesis","floor":44.0,"turns":7.0},{"damage":42.0,"enemies":"Reptomancer","floor":46.0,"turns":5.0},{"damage":1,"enemies":"Spire Growth","floor":48,"turns":3},{"damage":52,"enemies":"Donu and Deca","floor":50,"turns":17},{"damage":19,"enemies":"Awakened One","floor":51,"turns":19}],"seed_played":"-795637328777639435","potions_obtained":[{"floor":3.0,"key":"SkillPotion"},{"floor":4.0,"key":"Fruit Juice"},{"floor":4.0,"key":"LiquidBronze"},{"floor":5.0,"key":"Regen Potion"},{"floor":16.0,"key":"PowerPotion"},{"floor":18.0,"key":"LiquidBronze"},{"floor":29.0,"key":"FearPotion"},{"floor":30.0,"key":"PowerPotion"},{"floor":33.0,"key":"Strength Potion"},{"floor":36.0,"key":"SpeedPotion"},{"floor":48,"key":"EssenceOfSteel"}],"is_trial":false,"path_per_floor":["M","M","M","?","M","R","M","R","T","M","R","M","M","E","R","B",null,"M","$","?","M","M","R","E","R","T","$","?","M","M","?","R","B",null,"M","M","?","?","M","R","E","?","T","E","R","E","R","M","R","B","B",null],"character_chosen":"THE_SILENT","items_purchased":["Centennial Puzzle","Shuriken","Predator"],"campfire_rested":5,"item_purchase_floors":[19,27,27],"current_hp_per_floor":[60,60,60,65,61,61,60,60,60,58,58,36,34,29,29,3,59,49,49,47,41,33,33,7,30,30,30,17,19,9,9,32,31,66,68,58,58,73,70,70,59,49,49,31,57,17,43,44,70,20,3],"gold":707,"neow_bonus":"RANDOM_COMMON_RELIC","is_prod":false,"is_daily":false,"chose_seed":false,"campfire_upgraded":6,"win_rate":0,"timestamp":1545967734,"path_taken":["M","M","M","?","M","R","M","R","T","M","R","M","?","E","R","BOSS","M","$","?","M","M","R","E","R","T","$","?","M","M","?","R","BOSS","M","M","?","?","M","R","E","?","T","E","R","E","R","M","R","BOSS","BOSS"],"build_version":"2018-12-20","purchased_purges":0,"victory":true,"max_hp_per_floor":[73,73,73,78,78,78,78,78,78,78,78,78,78,78,78,78,78,78,78,78,78,78,78,78,78,78,78,78,78,78,78,78,78,78,78,78,74,88,88,88,88,88,88,88,88,88,88,88,88,88,88],"card_choices":[{"not_picked":["Concentrate","Backflip"],"picked":"Poisoned Stab","floor":1.0},{"not_picked":["Backflip","Acrobatics","Accuracy"],"picked":"SKIP","floor":2.0},{"not_picked":["Backflip","Eviscerate"],"picked":"Quick Slash","floor":3.0},{"not_picked":["Flying Knee","Underhanded Strike","Blade Dance"],"picked":"SKIP","floor":5.0},{"not_picked":["Cloak And Dagger","Well Laid Plans"],"picked":"Dagger Spray","floor":7.0},{"not_picked":["Prepared","Deflect","Quick Slash"],"picked":"SKIP","floor":10.0},{"not_picked":["Blade Dance","Backstab"],"picked":"Terror","floor":12.0},{"not_picked":["Flying Knee","Sucker Punch"],"picked":"Well Laid Plans","floor":13.0},{"not_picked":["Slice","Eviscerate"],"picked":"Leg Sweep","floor":14.0},{"not_picked":["Malaise","Unload"],"picked":"Bullet Time","floor":16.0},{"not_picked":["Acrobatics","Quick Slash"],"picked":"Deadly Poison","floor":18.0},{"not_picked":["Deflect","Poisoned Stab"],"picked":"Predator","floor":20.0},{"not_picked":["Blade Dance","Deadly Poison","Quick Slash"],"picked":"SKIP","floor":21.0},{"not_picked":["Dagger Throw","Dagger Spray"],"picked":"Backflip","floor":22.0},{"not_picked":["Phantasmal Killer","Eviscerate"],"picked":"Footwork","floor":24.0},{"not_picked":["Endless Agony","Noxious Fumes"],"picked":"Dodge and Roll","floor":25.0},{"not_picked":["Distraction","PiercingWail"],"picked":"Acrobatics","floor":28.0},{"not_picked":["Underhanded Strike","Well Laid Plans","Sucker Punch"],"picked":"SKIP","floor":29.0},{"not_picked":["Prepared+1","Bane"],"picked":"Expertise+1","floor":30.0},{"not_picked":["PiercingWail+1","Quick Slash+1"],"picked":"Blade Dance+1","floor":32.0},{"not_picked":["Corpse Explosion+1","Tools of the Trade"],"picked":"Phantasmal Killer+1","floor":33.0},{"not_picked":["Backflip+1","Reflex+1"],"picked":"Finisher+1","floor":35.0},{"not_picked":["Accuracy","Eviscerate+1","Predator"],"picked":"SKIP","floor":36.0},{"not_picked":["Backstab","Outmaneuver+1"],"picked":"Leg Sweep+1","floor":38.0},{"not_picked":["Slice+1","Backflip+1"],"picked":"Acrobatics+1","floor":39.0},{"not_picked":["Catalyst+1","Underhanded Strike"],"picked":"After Image","floor":41.0},{"not_picked":["Deflect+1","Endless Agony+1"],"picked":"Flying Knee+1","floor":42.0},{"not_picked":["Flying Knee","All Out Attack"],"picked":"Dodge and Roll+1","floor":44.0},{"not_picked":["Slice","Outmaneuver+1"],"picked":"Acrobatics+1","floor":45.0},{"not_picked":["Well Laid Plans","Underhanded Strike","Dodge and Roll+1"],"picked":"SKIP","floor":46.0},{"not_picked":["Phantasmal Killer+1","Flechettes"],"picked":"Blade Dance+1","floor":47.0},{"not_picked":["Catalyst+1","Choke"],"picked":"Blur+1","floor":48},{"not_picked":["Prepared+1","Deadly Poison+1","Riddle With Holes+1"],"picked":"SKIP","floor":48}],"player_experience":234050,"relics_obtained":[{"floor":9.0,"key":"Orichalcum"},{"floor":14.0,"key":"Dream Catcher"},{"floor":20.0,"key":"Red Mask"},{"floor":24.0,"key":"Blood Vial"},{"floor":26.0,"key":"Paper Crane"},{"floor":28.0,"key":"Thread and Needle"},{"floor":28.0,"key":"Toxic Egg 2"},{"floor":38.0,"key":"Mango"},{"floor":41.0,"key":"MawBank"},{"floor":42.0,"key":"Prayer Wheel"},{"floor":43.0,"key":"Bottled Flame"},{"floor":44.0,"key":"Omamori"},{"floor":46.0,"key":"Boot"}],"event_choices":[{"damage_healed":0.0,"max_hp_gain":0.0,"max_hp_loss":0.0,"gold_gain":0.0,"event_name":"Lab","player_choice":"Got Potions","floor":4.0,"gold_loss":0.0,"damage_taken":0.0},{"damage_healed":0.0,"max_hp_gain":0.0,"max_hp_loss":0.0,"gold_gain":0.0,"event_name":"Masked Bandits","player_choice":"Fought Bandits","floor":20.0,"gold_loss":0.0,"damage_taken":0.0},{"damage_healed":0.0,"max_hp_gain":0.0,"max_hp_loss":0.0,"gold_gain":0.0,"event_name":"Colosseum","player_choice":"Fight","floor":28.0,"gold_loss":0.0,"damage_taken":0.0},{"damage_healed":0.0,"max_hp_gain":0.0,"max_hp_loss":0.0,"gold_gain":0.0,"event_name":"Colosseum","player_choice":"Fought Nobs","floor":28.0,"gold_loss":0.0,"damage_taken":0.0},{"damage_healed":0.0,"max_hp_gain":0.0,"max_hp_loss":0.0,"gold_gain":0.0,"event_name":"Back to Basics","player_choice":"Simplicity","floor":31.0,"gold_loss":0.0,"damage_taken":0.0,"cards_upgraded":["Defend_G","Defend_G","Defend_G","Defend_G","Strike_G","Strike_G","Strike_G"]},{"damage_healed":0.0,"max_hp_gain":0.0,"max_hp_loss":4.0,"gold_gain":0.0,"event_name":"Winding Halls","player_choice":"Max HP","floor":37.0,"gold_loss":0.0,"damage_taken":0.0},{"damage_healed":0.0,"max_hp_gain":0.0,"max_hp_loss":0.0,"gold_gain":0.0,"event_name":"MindBloom","player_choice":"Fight","floor":38.0,"gold_loss":0.0,"damage_taken":0.0},{"damage_healed":0.0,"max_hp_gain":0.0,"max_hp_loss":0.0,"gold_gain":0.0,"event_name":"Mysterious Sphere","player_choice":"Fight","floor":42.0,"gold_loss":0.0,"damage_taken":0.0}],"is_beta":false,"boss_relics":[{"not_picked":["Velvet Choker","Cursed Key"],"picked":"Astrolabe"},{"not_picked":["Pandora\u0027s Box","Coffee Dripper"],"picked":"Empty Cage"}],"items_purged_floors":[],"is_endless":false,"potions_floor_spawned":[3,5,10,13,16,18,28,29,30,33,35,36,48],"ascension_level":20}