{"gold_per_floor":[110,110,35,53,69,69,80,106,188,188,188,188,198,214,214,214],"floor_reached":16,"playtime":1306,"items_purged":["Strike_G"],"score":133,"play_id":"06a331ca-f697-4e2f-bae0-ffc1e6a30e6b","local_time":"20190127015249","is_ascension_mode":true,"campfire_choices":[{"data":"Neutralize","floor":6,"key":"SMITH"},{"data":"Sucker Punch","floor":10,"key":"SMITH"},{"data":"Dagger Spray","floor":12,"key":"SMITH"},{"data":"Blade Dance","floor":15,"key":"SMITH"}],"neow_cost":"NONE","seed_source_timestamp":192158502620300,"circlet_count":0,"master_deck":["Defend_G","Defend_G","Defend_G+1","Defend_G","Defend_G","Strike_G","Strike_G","Strike_G+1","Strike_G","Survivor","Neutralize+1","Backstab","Dagger Throw","Dagger Spray+1","Blade Dance+1","Sucker Punch+1","Die Die Die","PiercingWail"],"relics":["Ring of the Snake","Nunchaku","Regal Pillow","Pantograph"],"potions_floor_usage":[8],"damage_taken":[{"damage":5,"enemies":"Cultist","floor":1,"turns":5},{"damage":0,"enemies":"Jaw Worm","floor":4,"turns":7},{"damage":0,"enemies":"Small Slimes","floor":5,"turns":3},{"damage":0,"enemies":"Exordium Wildlife","floor":7,"turns":2},{"damage":16,"enemies":"Gremlin Nob","floor":8,"turns":4},{"damage":1,"enemies":"Looter","floor":13,"turns":2},{"damage":0,"enemies":"Exordium Thugs","floor":14,"turns":3},{"damage":46,"enemies":"Hexaghost","floor":16,"turns":11}],"seed_played":"1015651923650199644","potions_obtained":[{"floor":4,"key":"Block Potion"}],"is_trial":false,"path_per_floor":["M","?","$","M","M","R","M","E","T","R","?","R","M","M","R","B"],"character_chosen":"THE_SILENT","items_purchased":[],"campfire_rested":0,"item_purchase_floors":[],"current_hp_per_floor":[65,53,53,53,53,53,53,37,37,37,22,22,21,21,21,0],"gold":214,"neow_bonus":"TEN_PERCENT_HP_BONUS","is_prod":false,"is_daily":false,"chose_seed":false,"campfire_upgraded":4,"win_rate":0,"timestamp":1548550369,"path_taken":["M","?","?","M","M","R","M","E","T","R","?","R","M","M","R","BOSS"],"build_version":"2019-01-23","purchased_purges":1,"victory":false,"max_hp_per_floor":[77,77,77,77,77,77,77,77,77,77,77,77,77,77,77,77],"card_choices":[{"not_picked":["Poisoned Stab","Bouncing Flask"],"picked":"Backstab","floor":1},{"not_picked":["Flying Knee","Quick Slash"],"picked":"Dagger Throw","floor":4},{"not_picked":["Underhanded Strike","Flying Knee"],"picked":"Dagger Spray","floor":5},{"not_picked":["Acrobatics","Outmaneuver"],"picked":"Blade Dance","floor":7},{"not_picked":["Blur","Calculated Gamble"],"picked":"Sucker Punch","floor":8},{"not_picked":["Quick Slash","Bane"],"picked":"Die Die Die","floor":13},{"not_picked":["Acrobatics","Outmaneuver"],"picked":"PiercingWail","floor":14}],"player_experience":107535,"relics_obtained":[{"floor":8,"key":"Regal Pillow"},{"floor":9,"key":"Pantograph"}],"event_choices":[{"damage_healed":0,"gold_gain":0,"player_choice":"Success","damage_taken":12,"relics_obtained":["Nunchaku"],"max_hp_gain":0,"max_hp_loss":0,"event_name":"Scrap Ooze","floor":2,"gold_loss":0},{"damage_healed":0,"gold_gain":0,"player_choice":"Entered Light","damage_taken":15,"max_hp_gain":0,"max_hp_loss":0,"event_name":"Shining Light","floor":11,"gold_loss":0,"cards_upgraded":["Defend_G","Strike_G"]}],"is_beta":false,"boss_relics":[],"items_purged_floors":[3],"is_endless":false,"potions_floor_spawned":[4],"killed_by":"Hexaghost","ascension_level":6}