{"gold_per_floor":[109,109,129,129,129,129,149,149,175,175,193,211,211,244,244,339,339,339],"floor_reached":18,"playtime":766,"items_purged":[],"score":256,"play_id":"9125d1c2-290a-4030-a1cd-edec7b7c4601","local_time":"20190112103334","is_ascension_mode":true,"campfire_choices":[{"data":"Bash","floor":6,"key":"SMITH"},{"data":"True Grit","floor":8,"key":"SMITH"},{"data":"Shockwave","floor":10,"key":"SMITH"},{"data":"Entrench","floor":13,"key":"SMITH"},{"data":"Bludgeon","floor":15,"key":"SMITH"}],"neow_cost":"NONE","seed_source_timestamp":213888928021000,"circlet_count":0,"master_deck":["AscendersBane","Strike_R","Strike_R","Strike_R","Strike_R+1","Strike_R","Defend_R","Defend_R","Defend_R","Defend_R+1","Bash+1","Iron Wave","Shockwave+1","Flex","True Grit+1","Entrench+1","Ghostly Armor","Bludgeon+1","Barricade"],"relics":["Burning Blood","Centennial Puzzle","Strawberry","Question Card","Philosopher\u0027s Stone"],"potions_floor_usage":[14,16,18],"damage_taken":[{"damage":7,"enemies":"Small Slimes","floor":1,"turns":4},{"damage":7,"enemies":"Cultist","floor":3,"turns":4},{"damage":1,"enemies":"Jaw Worm","floor":7,"turns":4},{"damage":14,"enemies":"3 Louse","floor":11,"turns":5},{"damage":6,"enemies":"2 Fungi Beasts","floor":12,"turns":5},{"damage":14,"enemies":"Gremlin Nob","floor":14,"turns":4},{"damage":49,"enemies":"Slime Boss","floor":16,"turns":12},{"damage":67,"enemies":"3 Byrds","floor":18,"turns":6}],"seed_played":"6146841910293785341","potions_obtained":[{"floor":1,"key":"Energy Potion"},{"floor":7,"key":"Swift Potion"},{"floor":16,"key":"PowerPotion"}],"is_trial":false,"path_per_floor":["M","?","M","?","?","R","M","R","T","R","M","M","R","E","R","B",null,"M"],"character_chosen":"IRONCLAD","items_purchased":[],"campfire_rested":0,"item_purchase_floors":[],"current_hp_per_floor":[71,71,70,54,54,54,59,59,66,66,58,58,58,50,50,7,67,0],"gold":339,"neow_bonus":"THREE_CARDS","is_prod":false,"is_daily":false,"chose_seed":false,"campfire_upgraded":5,"win_rate":0,"timestamp":1547318014,"path_taken":["M","?","M","?","?","R","?","R","T","R","M","M","R","E","R","BOSS","M"],"build_version":"2019-01-10","purchased_purges":0,"victory":false,"max_hp_per_floor":[80,80,80,80,80,80,80,80,87,87,87,87,87,87,87,87,87,87],"card_choices":[{"not_picked":["Sword Boomerang","Flex"],"picked":"Iron Wave","floor":0},{"not_picked":["Carnage","Headbutt"],"picked":"Shockwave","floor":1},{"not_picked":["Infernal Blade","Twin Strike"],"picked":"Flex","floor":3},{"not_picked":["Fire Breathing","Berserk"],"picked":"True Grit","floor":7},{"not_picked":["True Grit","Thunderclap"],"picked":"Entrench","floor":11},{"not_picked":["Sword Boomerang","Body Slam"],"picked":"Ghostly Armor","floor":12},{"not_picked":["True Grit","Flex"],"picked":"Bludgeon","floor":14},{"not_picked":["Bludgeon","Berserk","Immolate"],"picked":"Barricade","floor":16}],"player_experience":1064965,"relics_obtained":[{"floor":9,"key":"Strawberry"},{"floor":14,"key":"Question Card"}],"event_choices":[{"damage_healed":0,"gold_gain":0,"player_choice":"Box","damage_taken":0,"relics_obtained":["Centennial Puzzle"],"max_hp_gain":0,"max_hp_loss":0,"event_name":"Big Fish","floor":2,"gold_loss":0,"cards_obtained":["Regret"]},{"damage_healed":0,"gold_gain":0,"player_choice":"Entered Light","damage_taken":16,"max_hp_gain":0,"max_hp_loss":0,"event_name":"Shining Light","floor":4,"gold_loss":0,"cards_upgraded":["Strike_R","Defend_R"]},{"cards_removed":["Regret"],"damage_healed":0,"gold_gain":0,"player_choice":"Removed Curses","damage_taken":0,"max_hp_gain":0,"max_hp_loss":0,"event_name":"Fountain of Cleansing","floor":5,"gold_loss":0}],"is_beta":false,"boss_relics":[{"not_picked":["Black Blood","Calling Bell"],"picked":"Philosopher\u0027s Stone"}],"items_purged_floors":[],"is_endless":false,"potions_floor_spawned":[1,7,16],"killed_by":"3 Byrds","ascension_level":12}