{"gold_per_floor":[116,116,136,9,20,20,39,39,63,28,44,57,57,75,75,179,229,242,342,357,370,384,384],"floor_reached":23,"playtime":1103,"items_purged":[],"score":187,"play_id":"b0d198c4-768e-43ed-93bc-b16a6b62b17e","local_time":"20190210172017","is_ascension_mode":false,"campfire_choices":[{"data":"Shrug It Off","floor":6,"key":"SMITH"},{"data":"Searing Blow","floor":8,"key":"SMITH"},{"data":"Limit Break","floor":13,"key":"SMITH"},{"data":"Flex","floor":15,"key":"SMITH"}],"neow_cost":"NONE","seed_source_timestamp":149567538088300,"circlet_count":0,"master_deck":["Strike_R","Strike_R","Strike_R","Strike_R","Strike_R","Defend_R","Defend_R","Defend_R","Defend_R","Bash","Pommel Strike","Headbutt","Swift Strike","Shrug It Off+1","Fire Breathing","Searing Blow+1","Blood for Blood+1","Whirlwind","Limit Break+1","Flex+1","Immolate","Combust","Shrug It Off+1","Ghostly Armor+1","Spot Weakness","True Grit+1"],"relics":["Burning Blood","Dream Catcher","Tiny House"],"potions_floor_usage":[14,16,16,21],"damage_taken":[{"damage":5,"enemies":"Small Slimes","floor":1,"turns":4},{"damage":6,"enemies":"Cultist","floor":3,"turns":3},{"damage":3,"enemies":"Jaw Worm","floor":5,"turns":3},{"damage":17,"enemies":"Gremlin Gang","floor":7,"turns":5},{"damage":7,"enemies":"Blue Slaver","floor":11,"turns":3},{"damage":17,"enemies":"Lots of Slimes","floor":12,"turns":3},{"damage":5,"enemies":"Exordium Thugs","floor":14,"turns":5},{"damage":78,"enemies":"The Guardian","floor":16,"turns":11},{"damage":35,"enemies":"2 Thieves","floor":18,"turns":4},{"damage":28,"enemies":"Shell Parasite","floor":20,"turns":5},{"damage":37,"enemies":"Centurion and Healer","floor":21,"turns":6},{"damage":25,"enemies":"Snecko","floor":22,"turns":5},{"damage":89,"enemies":"Gremlin Leader","floor":23,"turns":7}],"seed_played":"-1370085387875982352","potions_obtained":[{"floor":0,"key":"FearPotion"},{"floor":0,"key":"EssenceOfSteel"},{"floor":0,"key":"SmokeBomb"},{"floor":1,"key":"SpeedPotion"},{"floor":5,"key":"Dexterity Potion"},{"floor":17,"key":"Energy Potion"},{"floor":20,"key":"Poison Potion"},{"floor":21,"key":"Ancient Potion"}],"is_trial":false,"path_per_floor":["M","?","M","$","M","R","M","R","T","$","M","M","R","M","R","B",null,"M","?","M","M","M","E"],"character_chosen":"IRONCLAD","items_purchased":["Swift Strike","Shrug It Off","Blood for Blood"],"campfire_rested":0,"item_purchase_floors":[4,4,10],"current_hp_per_floor":[80,80,80,80,80,80,80,80,80,80,80,80,80,80,80,80,85,85,85,85,85,85,0],"gold":384,"neow_bonus":"THREE_SMALL_POTIONS","is_prod":false,"is_daily":false,"chose_seed":false,"campfire_upgraded":4,"win_rate":0,"timestamp":1549790417,"path_taken":["M","?","M","$","M","R","M","R","T","?","M","M","R","M","R","BOSS","M","?","?","M","M","E"],"build_version":"2019-01-23","purchased_purges":0,"victory":false,"max_hp_per_floor":[80,80,80,80,80,80,80,80,80,80,80,80,80,80,80,80,85,85,85,85,85,85,85],"card_choices":[{"not_picked":["True Grit","Wild Strike"],"picked":"Pommel Strike","floor":1},{"not_picked":["Havoc","Clothesline"],"picked":"Headbutt","floor":3},{"not_picked":["Thunderclap","Second Wind"],"picked":"Fire Breathing","floor":5},{"not_picked":["Twin Strike","Dual Wield"],"picked":"Searing Blow","floor":7},{"not_picked":["Pommel Strike","Flame Barrier"],"picked":"Whirlwind","floor":11},{"not_picked":["Wild Strike","Clash"],"picked":"Limit Break","floor":12},{"not_picked":["Power Through","Warcry"],"picked":"Flex","floor":14},{"not_picked":["Impervious","Offering"],"picked":"Immolate","floor":16},{"not_picked":["Headbutt","Wild Strike"],"picked":"Combust","floor":17},{"not_picked":["Body Slam","Clothesline+1"],"picked":"Shrug It Off+1","floor":18},{"not_picked":["Twin Strike+1","Sever Soul"],"picked":"Ghostly Armor+1","floor":20},{"not_picked":["Carnage","True Grit+1"],"picked":"Spot Weakness","floor":21},{"not_picked":["Entrench","Pommel Strike"],"picked":"True Grit+1","floor":22}],"player_experience":45926,"relics_obtained":[{"floor":9,"key":"Dream Catcher"}],"event_choices":[{"damage_healed":0,"gold_gain":0,"player_choice":"Ignored","damage_taken":0,"max_hp_gain":0,"max_hp_loss":0,"event_name":"NoteForYourself","floor":2,"gold_loss":0},{"damage_healed":0,"gold_gain":100,"player_choice":"Pray","damage_taken":0,"max_hp_gain":0,"max_hp_loss":0,"event_name":"Golden Shrine","floor":19,"gold_loss":0}],"is_beta":false,"boss_relics":[{"not_picked":["Eternal Feather","Cursed Key"],"picked":"Tiny House"}],"items_purged_floors":[],"is_endless":false,"potions_floor_spawned":[1,5,11,20,21],"killed_by":"Gremlin Leader","ascension_level":0}