{"gold_per_floor":[19,39,58,7,7,7,21,21,21,21,40,51,51,80,80,177,177,187,23,35,47,47,47,47,66,66,66,80,80,96,112,112,217,217,235,6,6,19,19,19,19,19,19,32,47,67,67,67,67,67],"floor_reached":51,"playtime":12707,"items_purged":[],"score":701,"play_id":"1a441456-878d-4548-844c-5158502a1273","local_time":"20181001202634","is_ascension_mode":false,"campfire_choices":[{"data":"After Image","floor":6,"key":"SMITH"},{"data":"Neutralize","floor":8,"key":"SMITH"},{"data":"Blade Dance","floor":10,"key":"SMITH"},{"data":"Deadly Poison","floor":15,"key":"SMITH"},{"floor":23,"key":"REST"},{"data":"Footwork","floor":32,"key":"SMITH"},{"data":"Noxious Fumes","floor":40,"key":"SMITH"},{"data":"Burst","floor":42,"key":"SMITH"},{"data":"Leg Sweep","floor":47,"key":"SMITH"},{"data":"Noxious Fumes","floor":49,"key":"SMITH"}],"neow_cost":"NO_GOLD","seed_source_timestamp":1980196750466876,"circlet_count":0,"master_deck":["Defend_G+1","Defend_G+1","Defend_G+1","Defend_G+1","Defend_G+1","Strike_G+1","Strike_G+1","Strike_G+1","Strike_G+1","Survivor","Neutralize+1","After Image+1","Blade Dance+1","Deadly Poison+1","PiercingWail","Backstab","Dash","Deadly Poison","Blur","Corpse Explosion","Backstab","Blur","Deflect","Dash","Blade Dance","Escape Plan+1","Infinite Blades","Burst+1","Footwork+1","Footwork+1","PiercingWail+1","Dodge and Roll","Corpse Explosion","Noxious Fumes+1","Leg Sweep+1","Blur+1","Noxious Fumes+1","Blur+1"],"relics":["Ring of the Snake","Question Card","Blue Candle","The Courier","Orrery","ClockworkSouvenir","Bottled Tornado","MutagenicStrength","Busted Crown","Bag of Preparation","Gremlin Horn"],"potions_floor_usage":[16,33,33,33,50,50],"damage_taken":[{"damage":0,"enemies":"Small Slimes","floor":1,"turns":5},{"damage":0,"enemies":"Cultist","floor":2,"turns":4},{"damage":0,"enemies":"2 Louse","floor":3,"turns":3},{"damage":3,"enemies":"Gremlin Gang","floor":7,"turns":8},{"damage":0,"enemies":"2 Fungi Beasts","floor":11,"turns":4},{"damage":1,"enemies":"Blue Slaver","floor":12,"turns":4},{"damage":14,"enemies":"Lagavulin","floor":14,"turns":6},{"damage":0,"enemies":"Hexaghost","floor":16,"turns":9},{"damage":13,"enemies":"Chosen","floor":18,"turns":6},{"damage":10,"enemies":"Spheric Guardian","floor":20,"turns":7},{"damage":0,"enemies":"Snecko","floor":21,"turns":6},{"damage":0,"enemies":"Centurion and Healer","floor":25,"turns":5},{"damage":7,"enemies":"Snake Plant","floor":28,"turns":6},{"damage":8,"enemies":"Shelled Parasite and Fungi","floor":30,"turns":8},{"damage":0,"enemies":"Snecko","floor":31,"turns":6},{"damage":8,"enemies":"Collector","floor":33,"turns":11},{"damage":0,"enemies":"3 Shapes","floor":35,"turns":5},{"damage":0,"enemies":"Orb Walker","floor":38,"turns":4},{"damage":0,"enemies":"4 Shapes","floor":44,"turns":4},{"damage":1,"enemies":"Reptomancer","floor":45,"turns":8},{"damage":0,"enemies":"Spire Growth","floor":46,"turns":6},{"damage":13,"enemies":"Time Eater","floor":50,"turns":15}],"seed_played":"1408653569276443119","potions_obtained":[{"floor":1,"key":"SpeedPotion"},{"floor":5,"key":"AttackPotion"},{"floor":5,"key":"SkillPotion"},{"floor":5,"key":"Explosive Potion"},{"floor":12,"key":"PowerPotion"},{"floor":20,"key":"SkillPotion"},{"floor":21,"key":"EssenceOfSteel"},{"floor":44,"key":"Strength Potion"},{"floor":45,"key":"SteroidPotion"}],"is_trial":false,"path_per_floor":["M","M","M","$","?","R","M","R","T","R","M","M","?","E","R","B",null,"M","$","M","M","?","R","?","M","T","?","M","?","M","M","R","B",null,"M","$","?","M","?","R","$","R","T","M","M","M","R","?","R","B"],"character_chosen":"THE_SILENT","items_purchased":["PiercingWail","ClockworkSouvenir","Noxious Fumes","Leg Sweep","Bag of Preparation"],"campfire_rested":1,"item_purchase_floors":[4,19,36,36,36],"current_hp_per_floor":[70,70,70,70,70,70,67,67,67,67,67,66,54,40,40,40,70,57,57,47,47,47,68,68,68,68,68,61,61,53,53,53,45,70,70,70,70,70,70,70,70,70,70,70,69,69,69,69,69,56],"gold":67,"neow_bonus":"THREE_RARE_CARDS","is_prod":false,"is_daily":false,"chose_seed":false,"campfire_upgraded":9,"win_rate":0,"timestamp":1538439994,"path_taken":["M","M","M","$","?","R","M","R","T","R","M","?","?","E","R","BOSS","M","$","?","M","?","R","?","?","T","?","M","?","M","M","R","BOSS","M","$","?","M","?","R","$","R","T","M","?","M","R","?","R","BOSS"],"build_version":"2018-09-27","purchased_purges":0,"victory":true,"max_hp_per_floor":[70,70,70,70,70,70,70,70,70,70,70,70,70,70,70,70,70,70,70,70,70,70,70,70,70,70,70,70,70,70,70,70,70,70,70,70,70,70,70,70,70,70,70,70,70,70,70,70,70,70],"card_choices":[{"not_picked":["Storm of Steel","Bullet Time"],"picked":"After Image","floor":0},{"not_picked":["Riddle With Holes","PiercingWail"],"picked":"Blade Dance","floor":1},{"not_picked":["PiercingWail","Outmaneuver"],"picked":"Deadly Poison","floor":2},{"not_picked":["Concentrate","Riddle With Holes","Dagger Throw"],"picked":"SKIP","floor":3},{"not_picked":["Accuracy","Prepared"],"picked":"Backstab","floor":7},{"not_picked":["Deflect","Dagger Spray","Flying Knee"],"picked":"Dash","floor":11},{"not_picked":["Dagger Spray","All Out Attack","Quick Slash"],"picked":"Deadly Poison","floor":12},{"not_picked":["Expertise","Caltrops","Escape Plan"],"picked":"Blur","floor":14},{"not_picked":["Wraith Form v2","Phantasmal Killer","Venomology"],"picked":"Corpse Explosion","floor":16},{"not_picked":["Expertise","Acrobatics","Poisoned Stab"],"picked":"Backstab","floor":17},{"not_picked":["Dagger Throw","Deadly Poison","Die Die Die"],"picked":"Blur","floor":17},{"not_picked":["Outmaneuver","Backflip","Bouncing Flask"],"picked":"Deflect","floor":17},{"not_picked":["Dodge and Roll","Poisoned Stab","Terror"],"picked":"Dash","floor":17},{"not_picked":["PiercingWail","Outmaneuver","Crippling Poison"],"picked":"Blade Dance","floor":17},{"not_picked":["Dagger Spray","Blade Dance","Acrobatics"],"picked":"Escape Plan+1","floor":18},{"not_picked":["Reflex+1","Flechettes","Poisoned Stab"],"picked":"Infinite Blades","floor":20},{"not_picked":["Quick Slash","Dagger Throw","Acrobatics+1"],"picked":"Burst","floor":21},{"not_picked":["Dagger Throw+1","PiercingWail","Bane"],"picked":"Footwork","floor":25},{"not_picked":["Concentrate","Bane","Masterful Stab"],"picked":"PiercingWail+1","floor":28},{"not_picked":["Prepared","Poisoned Stab","Flying Knee","Outmaneuver"],"picked":"SKIP","floor":30},{"not_picked":["Flechettes","Bouncing Flask","Predator"],"picked":"Dodge and Roll","floor":31},{"not_picked":["Burst","Die Die Die","Envenom"],"picked":"Corpse Explosion","floor":33},{"not_picked":["All Out Attack","Eviscerate"],"picked":"SKIP","floor":35},{"not_picked":["Outmaneuver+1","Dagger Throw"],"picked":"SKIP","floor":38},{"not_picked":["Riddle With Holes+1"],"picked":"Blur+1","floor":44},{"not_picked":["Predator+1","Sucker Punch"],"picked":"SKIP","floor":45},{"not_picked":["Underhanded Strike+1"],"picked":"Noxious Fumes","floor":46}],"player_experience":2857138,"relics_obtained":[{"floor":9,"key":"Question Card"},{"floor":14,"key":"The Courier"},{"floor":26,"key":"Bottled Tornado"},{"floor":43,"key":"Gremlin Horn"}],"event_choices":[{"event_name":"The Lab","player_choice":"Got Potions","floor":5,"damage_taken":0},{"event_name":"Scrap Ooze","player_choice":"success","floor":13,"damage_taken":12},{"event_name":"The Library","player_choice":"Read","floor":22,"damage_taken":0},{"event_name":"Back to Basics","player_choice":"Simplicity","floor":24,"damage_taken":0},{"event_name":"Ghosts","player_choice":"Ignored","floor":27,"damage_taken":0},{"event_name":"Drug Dealer","player_choice":"Inject Mutagens","floor":29,"damage_taken":0},{"event_name":"Upgrade Shrine","player_choice":"Upgraded","floor":37,"damage_taken":0},{"event_name":"Purifier","player_choice":"One Purge","floor":39,"damage_taken":0},{"event_name":"Duplicator","player_choice":"One dupe","floor":48,"damage_taken":0}],"is_beta":false,"boss_relics":[{"not_picked":["Empty Cage","Philosopher\u0027s Stone"],"picked":"Orrery"},{"not_picked":["Tiny House","Velvet Choker"],"picked":"Busted Crown"}],"items_purged_floors":[],"is_endless":false,"potions_floor_spawned":[1,7,12,20,21,25,44,45],"ascension_level":0}