{"gold_per_floor":[211,222,233,250,263,263,213,247,247,274,349,378,378,1,1,105,105,119,129,129,139,150,150,183,200,200,24,41,59,59,59,59,157,157,171,171,226,226,249,281,294,294,319,337,337,437,437,472,472,472],"floor_reached":51,"playtime":3966,"items_purged":["Strike_B"],"score":1065,"play_id":"05a30ea5-d8e0-4e14-afbb-e4e18e3405d3","local_time":"20181231141740","is_ascension_mode":true,"campfire_choices":[{"data":"Dualcast","floor":6.0,"key":"SMITH"},{"floor":15.0,"key":"REST"},{"data":"Zap","floor":23.0,"key":"SMITH"},{"floor":30.0,"key":"REST"},{"floor":32.0,"key":"REST"},{"floor":42,"key":"REST"},{"floor":45,"key":"REST"},{"floor":47,"key":"REST"},{"data":"Seek","floor":49,"key":"SMITH"}],"neow_cost":"NONE","seed_source_timestamp":1220940824259519,"circlet_count":0,"master_deck":["Strike_B","Defend_B","Defend_B","Defend_B","Defend_B","Zap+1","Dualcast+1","Cold Snap","Sunder","Reinforced Body+1","Cold Snap","Steam","Rainbow","Defragment+1","Echo Form+1","Hologram","Reinforced Body","Capacitor+1","Capacitor+1","Go for the Eyes+1","Coolheaded","Chaos","Electrodynamics+1","Defragment+1","Coolheaded","Steam+1","Go for the Eyes+1","Seek+1"],"special_seed":0,"relics":["Cracked Core","Unceasing Top","FossilizedHelix","Frozen Egg 2","Incense Burner","Calipers","Philosopher\u0027s Stone","Ornamental Fan","Enchiridion","Inserter","Gambling Chip","Happy Flower","Art of War","Ancient Tea Set","Prayer Wheel","Pear"],"potions_floor_usage":[37,44],"damage_taken":[{"damage":0.0,"enemies":"2 Louse","floor":1.0,"turns":1.0},{"damage":6.0,"enemies":"Small Slimes","floor":2.0,"turns":3.0},{"damage":0.0,"enemies":"Cultist","floor":3.0,"turns":3.0},{"damage":8.0,"enemies":"Looter","floor":4.0,"turns":3.0},{"damage":8.0,"enemies":"Exordium Thugs","floor":5.0,"turns":5.0},{"damage":15.0,"enemies":"Lagavulin","floor":8.0,"turns":6.0},{"damage":0.0,"enemies":"3 Sentries","floor":10.0,"turns":8.0},{"damage":14.0,"enemies":"Lagavulin","floor":12.0,"turns":7.0},{"damage":0.0,"enemies":"Hexaghost","floor":16.0,"turns":13.0},{"damage":18.0,"enemies":"2 Thieves","floor":18.0,"turns":5.0},{"damage":0.0,"enemies":"Spheric Guardian","floor":19.0,"turns":11.0},{"damage":0.0,"enemies":"Snecko","floor":21.0,"turns":11.0},{"damage":7.0,"enemies":"Sentry and Sphere","floor":22.0,"turns":8.0},{"damage":15.0,"enemies":"Slavers","floor":24.0,"turns":5.0},{"damage":0.0,"enemies":"Centurion and Healer","floor":25.0,"turns":6.0},{"damage":10.0,"enemies":"Shelled Parasite and Fungi","floor":28.0,"turns":6.0},{"damage":0.0,"enemies":"Chosen and Byrds","floor":29.0,"turns":8.0},{"damage":0.0,"enemies":"Champ","floor":33.0,"turns":13.0},{"damage":0.0,"enemies":"Orb Walker","floor":35.0,"turns":5.0},{"damage":43,"enemies":"2 Orb Walkers","floor":37,"turns":5},{"damage":22,"enemies":"Reptomancer","floor":40,"turns":5},{"damage":0,"enemies":"3 Shapes","floor":41,"turns":3},{"damage":0,"enemies":"Maw","floor":44,"turns":8},{"damage":0,"enemies":"Mind Bloom Boss Battle","floor":46,"turns":3},{"damage":0,"enemies":"Giant Head","floor":48,"turns":8},{"damage":0,"enemies":"Awakened One","floor":50,"turns":24}],"seed_played":"1260680652640757807","potions_obtained":[{"floor":10.0,"key":"Regen Potion"},{"floor":12.0,"key":"Ancient Potion"},{"floor":16.0,"key":"Swift Potion"},{"floor":18.0,"key":"FocusPotion"},{"floor":29.0,"key":"AttackPotion"},{"floor":33.0,"key":"Swift Potion"},{"floor":40,"key":"FocusPotion"},{"floor":48,"key":"EssenceOfSteel"}],"is_trial":false,"path_per_floor":["M","M","M","M","M","R","?","E","T","E","?","E","?","$","R","B",null,"M","M","?","M","M","R","E","M","T","$","M","M","R","?","R","B",null,"M","?","?","?","T","E","M","R","T","M","R","?","R","E","R","B",null],"character_chosen":"DEFECT","items_purchased":["Calipers","Defragment+1","Coolheaded","Swift Potion"],"campfire_rested":6,"item_purchase_floors":[14,14,27,27],"current_hp_per_floor":[75,69,69,61,53,53,53,38,38,38,27,28,21,21,43,43,75,57,57,57,57,50,50,35,35,35,35,25,25,47,31,53,53,75,75,75,32,32,32,10,10,31,31,31,52,52,71,81,81,81],"gold":472,"neow_bonus":"HUNDRED_GOLD","is_prod":false,"is_daily":false,"chose_seed":false,"campfire_upgraded":3,"win_rate":0,"timestamp":1546294660,"path_taken":["M","M","M","M","M","R","?","E","T","E","?","E","?","$","R","BOSS","M","M","?","M","M","R","E","M","T","$","?","M","R","?","R","BOSS","M","?","?","?","?","E","M","R","T","M","R","?","R","E","R","BOSS"],"build_version":"2018-12-20","purchased_purges":1,"victory":true,"max_hp_per_floor":[75,75,75,75,75,75,75,75,75,75,75,75,75,75,75,75,75,75,75,75,75,75,75,75,75,75,75,75,75,75,75,75,75,75,75,75,75,71,71,71,71,71,71,71,71,71,71,81,81,81],"card_choices":[{"not_picked":["Hologram","Streamline"],"picked":"Cold Snap","floor":1.0},{"not_picked":["Steam","Streamline"],"picked":"Ball Lightning","floor":2.0},{"not_picked":["Hello World","Redo"],"picked":"Sunder","floor":3.0},{"not_picked":["Blizzard","Coolheaded"],"picked":"Reinforced Body","floor":4.0},{"not_picked":["Fusion","Force Field"],"picked":"Cold Snap","floor":5.0},{"not_picked":["Melter","Streamline"],"picked":"Steam","floor":8.0},{"not_picked":["Tempest","Compile Driver"],"picked":"Rainbow","floor":10.0},{"not_picked":["Aggregate","Ball Lightning","Rip and Tear"],"picked":"SKIP","floor":12.0},{"not_picked":["Core Surge","Creative AI+1"],"picked":"Echo Form+1","floor":16.0},{"not_picked":["Gash","Barrage+1"],"picked":"Hologram","floor":18.0},{"not_picked":["Ball Lightning+1","Barrage+1"],"picked":"Reinforced Body","floor":19.0},{"not_picked":["Sunder","Gash+1"],"picked":"Capacitor+1","floor":21.0},{"not_picked":["Ball Lightning","Barrage"],"picked":"Capacitor+1","floor":22.0},{"not_picked":["Hologram","Conserve Battery","Melter"],"picked":"SKIP","floor":24.0},{"not_picked":["Sweeping Beam","Doom and Gloom"],"picked":"Go for the Eyes+1","floor":25.0},{"not_picked":["Capacitor+1","Rebound","Beam Cell"],"picked":"SKIP","floor":28.0},{"not_picked":["Gash","Heatsinks+1"],"picked":"Chaos","floor":29.0},{"not_picked":["Fission","Rainbow"],"picked":"Electrodynamics+1","floor":33.0},{"not_picked":["Blizzard+1","Rebound"],"picked":"Defragment+1","floor":35.0},{"not_picked":["Turbo+1","Redo+1"],"picked":"Coolheaded","floor":37},{"not_picked":["Rainbow","Heatsinks+1","Genetic Algorithm+1"],"picked":"SKIP","floor":40},{"not_picked":["Sunder+1","Ball Lightning+1","Turbo"],"picked":"SKIP","floor":41},{"not_picked":["Darkness","Compile Driver+1"],"picked":"Steam+1","floor":44},{"not_picked":["Beam Cell","Gash+1"],"picked":"Go for the Eyes+1","floor":46},{"not_picked":["Sweeping Beam+1","Compile Driver"],"picked":"Seek","floor":48}],"player_experience":293950,"relics_obtained":[{"floor":8.0,"key":"Unceasing Top"},{"floor":9.0,"key":"FossilizedHelix"},{"floor":10.0,"key":"Frozen Egg 2"},{"floor":12.0,"key":"Incense Burner"},{"floor":24.0,"key":"Ornamental Fan"},{"floor":31.0,"key":"Enchiridion"},{"floor":37,"key":"Gambling Chip"},{"floor":39,"key":"Happy Flower"},{"floor":40,"key":"Art of War"},{"floor":43,"key":"Ancient Tea Set"},{"floor":46,"key":"Prayer Wheel"},{"floor":48,"key":"Pear"}],"event_choices":[{"cards_removed":["Strike_B"],"damage_healed":0.0,"max_hp_gain":0.0,"max_hp_loss":0.0,"gold_gain":0.0,"event_name":"The Cleric","player_choice":"Card Removal","floor":7.0,"gold_loss":50.0,"damage_taken":0.0},{"damage_healed":0.0,"max_hp_gain":0.0,"max_hp_loss":0.0,"gold_gain":75.0,"event_name":"World of Goop","player_choice":"Gather Gold","floor":11.0,"gold_loss":0.0,"damage_taken":11.0},{"cards_removed":["Strike_B"],"damage_healed":0.0,"max_hp_gain":0.0,"max_hp_loss":0.0,"gold_gain":0.0,"event_name":"Golden Wing","player_choice":"Card Removal","floor":13.0,"gold_loss":0.0,"damage_taken":7.0},{"damage_healed":0.0,"max_hp_gain":0.0,"max_hp_loss":0.0,"gold_gain":0.0,"event_name":"Upgrade Shrine","player_choice":"Upgraded","floor":20.0,"gold_loss":0.0,"damage_taken":0.0,"cards_upgraded":["Reinforced Body"]},{"damage_healed":0.0,"max_hp_gain":0.0,"max_hp_loss":0.0,"gold_gain":0.0,"event_name":"Cursed Tome","player_choice":"Obtained Book","floor":31.0,"gold_loss":0.0,"damage_taken":16.0},{"cards_removed":["Ball Lightning"],"damage_healed":0.0,"max_hp_gain":0.0,"max_hp_loss":0.0,"gold_gain":0.0,"event_name":"Falling","player_choice":"Removed Attack","floor":36.0,"gold_loss":0.0,"damage_taken":0.0},{"damage_healed":0,"gold_gain":0,"player_choice":"Fight","damage_taken":0,"max_hp_gain":0,"max_hp_loss":0,"event_name":"Mysterious Sphere","floor":37,"gold_loss":0},{"damage_healed":0,"gold_gain":0,"player_choice":"Max HP","damage_taken":0,"max_hp_gain":0,"max_hp_loss":4,"event_name":"Winding Halls","floor":38,"gold_loss":0},{"damage_healed":0,"gold_gain":0,"player_choice":"Fight","damage_taken":0,"max_hp_gain":0,"max_hp_loss":0,"event_name":"MindBloom","floor":46,"gold_loss":0}],"is_beta":false,"boss_relics":[{"not_picked":["Lizard Tail","White Beast Statue"],"picked":"Philosopher\u0027s Stone"},{"not_picked":["Eternal Feather","Empty Cage"],"picked":"Inserter"}],"items_purged_floors":[27],"is_endless":false,"potions_floor_spawned":[10,12,16,18,29,33,40,48],"ascension_level":2}