{"gold_per_floor":[114,132,152,163,175,209,209,236,236,250,215,249,147,147,147,248,248,261,261,261],"floor_reached":20,"playtime":1301,"items_purged":[],"score":291,"play_id":"4890aa45-37f3-4176-b4c1-251c846c6a12","local_time":"20181027212539","is_ascension_mode":true,"campfire_choices":[{"data":"Glass Knife","floor":7,"key":"SMITH"},{"floor":15,"key":"REST"}],"neow_cost":"NONE","seed_source_timestamp":171561657715430,"circlet_count":0,"master_deck":["Defend_G","Defend_G","Defend_G","Defend_G","Strike_G","Strike_G","Strike_G","Survivor","Neutralize","AscendersBane","Slice","Poisoned Stab","Deadly Poison","Expertise","Bane","Glass Knife+1","Deflect","Backflip","Riddle With Holes","Deflect","Well Laid Plans","Storm of Steel+1","Terror+1","Deflect+1","Blur+1","Dagger Spray+1"],"relics":["Ring of the Snake","Oddly Smooth Stone","Darkstone Periapt","Ornamental Fan","Du-Vu Doll","Toxic Egg 2","Astrolabe","Omamori"],"potions_floor_usage":[6,10,16,16],"damage_taken":[{"damage":0,"enemies":"Cultist","floor":1,"turns":3},{"damage":7,"enemies":"Jaw Worm","floor":2,"turns":4},{"damage":5,"enemies":"Small Slimes","floor":3,"turns":3},{"damage":4,"enemies":"Blue Slaver","floor":4,"turns":4},{"damage":10,"enemies":"Exordium Thugs","floor":5,"turns":6},{"damage":12,"enemies":"Gremlin Nob","floor":6,"turns":4},{"damage":25,"enemies":"Lagavulin","floor":8,"turns":5},{"damage":0,"enemies":"Red Slaver","floor":10,"turns":3},{"damage":10,"enemies":"3 Sentries","floor":12,"turns":8},{"damage":38,"enemies":"Slime Boss","floor":16,"turns":10},{"damage":18,"enemies":"Spheric Guardian","floor":18,"turns":4},{"damage":28,"enemies":"Colosseum Slavers","floor":20,"turns":7},{"damage":12,"enemies":"Colosseum Nobs","floor":20,"turns":3}],"seed_played":"2844564061778398316","potions_obtained":[{"floor":2,"key":"Swift Potion"},{"floor":3,"key":"Block Potion"},{"floor":6,"key":"Swift Potion"},{"floor":10,"key":"AttackPotion"}],"is_trial":false,"path_per_floor":["M","M","M","M","M","E","R","E","T","M","?","E","$","?","R","B",null,"M","?"],"character_chosen":"THE_SILENT","items_purchased":["Deflect","Well Laid Plans"],"campfire_rested":1,"item_purchase_floors":[13,13],"current_hp_per_floor":[70,63,58,54,44,32,32,7,7,7,26,16,16,16,39,1,58,40,40,0],"gold":261,"neow_bonus":"TEN_PERCENT_HP_BONUS","is_prod":false,"is_daily":false,"chose_seed":false,"campfire_upgraded":1,"win_rate":0,"timestamp":1540700739,"path_taken":["M","M","M","M","?","E","R","E","T","M","?","E","$","?","R","BOSS","M","?","?"],"build_version":"2018-10-25v2","purchased_purges":0,"victory":false,"max_hp_per_floor":[77,77,77,77,77,77,77,77,77,77,77,77,77,77,77,77,77,77,77,77],"card_choices":[{"not_picked":["Prepared","Leg Sweep"],"picked":"Slice","floor":1},{"not_picked":["Bane","Deadly Poison"],"picked":"Poisoned Stab","floor":2},{"not_picked":["Skewer","Underhanded Strike"],"picked":"Deadly Poison","floor":3},{"not_picked":["Prepared","Deflect"],"picked":"Expertise","floor":4},{"not_picked":["Blade Dance","Prepared"],"picked":"Bane","floor":5},{"not_picked":["Deadly Poison","Dagger Throw"],"picked":"Glass Knife","floor":6},{"not_picked":["Footwork","Masterful Stab"],"picked":"Deflect","floor":8},{"not_picked":["Deadly Poison","Dagger Spray"],"picked":"Backflip","floor":10},{"not_picked":["Caltrops","Setup"],"picked":"Riddle With Holes","floor":12},{"not_picked":["Envenom","Unload"],"picked":"Storm of Steel+1","floor":16},{"not_picked":["Eviscerate","Flying Knee+1"],"picked":"Dagger Spray+1","floor":18}],"player_experience":72927,"relics_obtained":[{"floor":6,"key":"Oddly Smooth Stone"},{"floor":8,"key":"Darkstone Periapt"},{"floor":9,"key":"Ornamental Fan"},{"floor":12,"key":"Du-Vu Doll"}],"event_choices":[{"damage_healed":19,"gold_gain":0,"player_choice":"Healed","damage_taken":0,"max_hp_gain":0,"max_hp_loss":0,"event_name":"The Cleric","floor":11,"gold_loss":35},{"damage_healed":0,"gold_gain":0,"player_choice":"Searched \u00271\u0027 times","damage_taken":0,"relics_obtained":["Toxic Egg 2"],"max_hp_gain":0,"max_hp_loss":0,"event_name":"Dead Adventurer","floor":14,"gold_loss":0},{"damage_healed":0,"gold_gain":0,"player_choice":"Stole Relic","damage_taken":0,"relics_obtained":["Omamori"],"max_hp_gain":0,"max_hp_loss":0,"event_name":"Addict","floor":19,"gold_loss":0,"cards_obtained":["Shame"]},{"damage_healed":0,"gold_gain":0,"player_choice":"Fight","damage_taken":0,"max_hp_gain":0,"max_hp_loss":0,"event_name":"Colosseum","floor":20,"gold_loss":0},{"damage_healed":0,"gold_gain":0,"player_choice":"Fought Nobs","damage_taken":0,"max_hp_gain":0,"max_hp_loss":0,"event_name":"Colosseum","floor":20,"gold_loss":0}],"is_beta":false,"boss_relics":[{"not_picked":["Lizard Tail","Black Star"],"picked":"Astrolabe"}],"items_purged_floors":[],"is_endless":false,"potions_floor_spawned":[2,3,6,10],"killed_by":"Colosseum Nobs","ascension_level":10}