{"gold_per_floor":[12,12,32,45,62,62,97,97,176,193,193,193,253,267,267,364,364,384,45,61,96,29,29,43,43,92,102,102,122,122,122,122,225,225,238,257,56,111,111,111],"floor_reached":40,"playtime":1971,"items_purged":[],"score":411,"play_id":"4ffc592a-cf5f-4387-a476-033e88d88b24","local_time":"20181114174359","is_ascension_mode":false,"campfire_choices":[{"data":"Inflame","floor":6.0,"key":"SMITH"},{"data":"Clothesline","floor":8.0,"key":"SMITH"},{"data":"Armaments","floor":12.0,"key":"SMITH"},{"data":"Spot Weakness","floor":15.0,"key":"SMITH"},{"floor":23.0,"key":"REST"},{"floor":25.0,"key":"REST"},{"floor":30.0,"key":"REST"},{"floor":32.0,"key":"REST"}],"neow_cost":"NO_GOLD","seed_source_timestamp":2673286756308470,"circlet_count":0,"master_deck":["Strike_R","Strike_R","Strike_R","Defend_R","Defend_R","Defend_R","Bash","Whirlwind","Inflame+1","Clash","Shrug It Off","Clothesline+1","Armaments+1","Spot Weakness+1","Double Tap","Armaments+1","Flex","Flex","Metallicize","Shockwave+1","Inflame","Limit Break","Disarm+1","Limit Break"],"special_seed":0,"relics":["Burning Blood","Nunchaku","Singing Bowl","Blood Vial","Empty Cage","Ginger","Red Mask","Bag of Preparation","MutagenicStrength","Nilry\u0027s Codex","Runic Cube","DollysMirror","Champion Belt"],"potions_floor_usage":[40],"damage_taken":[{"damage":0.0,"enemies":"2 Louse","floor":1.0,"turns":4.0},{"damage":5.0,"enemies":"Cultist","floor":3.0,"turns":4.0},{"damage":4.0,"enemies":"Small Slimes","floor":4.0,"turns":4.0},{"damage":5.0,"enemies":"Looter","floor":5.0,"turns":3.0},{"damage":23.0,"enemies":"Gremlin Nob","floor":7.0,"turns":4.0},{"damage":2.0,"enemies":"Blue Slaver","floor":10.0,"turns":3.0},{"damage":4.0,"enemies":"Gremlin Nob","floor":13.0,"turns":4.0},{"damage":6.0,"enemies":"3 Louse","floor":14.0,"turns":2.0},{"damage":37.0,"enemies":"The Guardian","floor":16.0,"turns":10.0},{"damage":30.0,"enemies":"2 Thieves","floor":18.0,"turns":5.0},{"damage":20.0,"enemies":"Shell Parasite","floor":20.0,"turns":5.0},{"damage":40.0,"enemies":"Masked Bandits","floor":21.0,"turns":7.0},{"damage":32.0,"enemies":"Snecko","floor":24.0,"turns":7.0},{"damage":16.0,"enemies":"Shelled Parasite and Fungi","floor":27.0,"turns":8.0},{"damage":18.0,"enemies":"Chosen and Byrds","floor":29.0,"turns":6.0},{"damage":27.0,"enemies":"Champ","floor":33.0,"turns":18.0},{"damage":19.0,"enemies":"3 Darklings","floor":35.0,"turns":6.0},{"damage":12,"enemies":"3 Shapes","floor":36,"turns":3},{"damage":58,"enemies":"2 Orb Walkers","floor":38,"turns":5},{"damage":6,"enemies":"Reptomancer","floor":40,"turns":2}],"seed_played":"2800146703037810289","potions_obtained":[{"floor":5.0,"key":"Strength Potion"},{"floor":7.0,"key":"FearPotion"},{"floor":10.0,"key":"Block Potion"},{"floor":27.0,"key":"Dexterity Potion"},{"floor":36,"key":"Weak Potion"},{"floor":38,"key":"PowerPotion"}],"is_trial":false,"path_per_floor":["M","?","M","M","M","R","E","R","T","M","?","R","?","M","R","B",null,"M","$","M","?","$","R","M","R","T","M","?","M","R","?","R","B",null,"M","M","$","?","$","E"],"character_chosen":"IRONCLAD","items_purchased":["Ginger","Flex","Metallicize","DollysMirror"],"campfire_rested":4,"item_purchase_floors":[19,19,22,37],"current_hp_per_floor":[96,96,96,96,96,96,79,79,79,83,83,83,87,89,89,60,98,74,74,62,32,32,62,40,70,70,62,62,52,82,66,96,77,102,89,87,87,39,39,35],"gold":111,"neow_bonus":"TWENTY_PERCENT_HP_BONUS","is_prod":false,"is_daily":false,"chose_seed":false,"campfire_upgraded":4,"win_rate":0,"timestamp":1542217439,"path_taken":["M","?","?","M","?","R","E","R","T","M","?","R","?","M","R","BOSS","M","$","M","?","$","R","M","R","T","M","?","M","R","?","R","BOSS","M","M","$","?","$","E"],"build_version":"2018-11-08","purchased_purges":0,"victory":false,"max_hp_per_floor":[96,96,96,96,96,96,96,96,96,96,96,96,98,98,98,98,98,98,98,98,100,100,100,102,102,102,102,102,102,102,102,102,102,102,102,104,104,106,106,106],"card_choices":[{"not_picked":["Pommel Strike","Heavy Blade"],"picked":"Whirlwind","floor":1.0},{"not_picked":["Havoc","Twin Strike"],"picked":"Inflame","floor":3.0},{"not_picked":["Sentinel","Rampage"],"picked":"Clash","floor":4.0},{"not_picked":["Flex","Dropkick"],"picked":"Shrug It Off","floor":5.0},{"not_picked":["Dark Embrace","Juggernaut"],"picked":"Clothesline","floor":7.0},{"not_picked":["Disarm","Warcry"],"picked":"Armaments","floor":10.0},{"not_picked":["Thunderclap","Battle Trance","Whirlwind"],"picked":"Singing Bowl","floor":13.0},{"not_picked":["Searing Blow","Sever Soul"],"picked":"Spot Weakness","floor":14.0},{"not_picked":["Fiend Fire","Bludgeon"],"picked":"Double Tap","floor":16.0},{"not_picked":["Searing Blow+1","Reckless Charge"],"picked":"Armaments+1","floor":18.0},{"not_picked":["Twin Strike","Rage"],"picked":"Flex","floor":20.0},{"not_picked":["Havoc+1","Infernal Blade","Wild Strike"],"picked":"Singing Bowl","floor":21.0},{"not_picked":["Cleave","Brutality","Evolve"],"picked":"Singing Bowl","floor":24.0},{"not_picked":["Cleave+1","Thunderclap+1"],"picked":"Shockwave+1","floor":27.0},{"not_picked":["Wild Strike","Clash+1"],"picked":"Inflame","floor":29.0},{"not_picked":["Exhume","Juggernaut"],"picked":"Limit Break","floor":33.0},{"not_picked":["Clash+1","Havoc+1"],"picked":"Disarm+1","floor":35.0},{"not_picked":["Perfected Strike+1","Burning Pact","Flex"],"picked":"Singing Bowl","floor":36},{"not_picked":["Pommel Strike+1","Armaments","Heavy Blade"],"picked":"Singing Bowl","floor":38}],"player_experience":785067,"relics_obtained":[{"floor":7.0,"key":"Nunchaku"},{"floor":9.0,"key":"Singing Bowl"},{"floor":13.0,"key":"Blood Vial"},{"floor":21.0,"key":"Red Mask"},{"floor":26.0,"key":"Bag of Preparation"},{"floor":31.0,"key":"Nilry\u0027s Codex"},{"floor":38,"key":"Champion Belt"}],"event_choices":[{"cards_removed":["Strike_R"],"damage_healed":0.0,"max_hp_gain":0.0,"max_hp_loss":0.0,"gold_gain":0.0,"event_name":"Purifier","player_choice":"Purged","floor":2.0,"gold_loss":0.0,"damage_taken":0.0},{"damage_healed":0.0,"max_hp_gain":0.0,"max_hp_loss":0.0,"gold_gain":0.0,"event_name":"Liars Game","player_choice":"Ignored","floor":11.0,"gold_loss":0.0,"damage_taken":0.0},{"damage_healed":0.0,"max_hp_gain":0.0,"max_hp_loss":0.0,"gold_gain":0.0,"event_name":"Dead Adventurer","player_choice":"Searched \u00271\u0027 times","floor":13.0,"gold_loss":0.0,"damage_taken":0.0},{"damage_healed":0.0,"max_hp_gain":0.0,"max_hp_loss":0.0,"gold_gain":0.0,"event_name":"Masked Bandits","player_choice":"Fought Bandits","floor":21.0,"gold_loss":0.0,"damage_taken":0.0},{"damage_healed":0.0,"max_hp_gain":0.0,"max_hp_loss":0.0,"gold_gain":0.0,"event_name":"Drug Dealer","player_choice":"Inject Mutagens","floor":28.0,"gold_loss":0.0,"damage_taken":0.0,"relics_obtained":["MutagenicStrength"]},{"damage_healed":0.0,"max_hp_gain":0.0,"max_hp_loss":0.0,"gold_gain":0.0,"event_name":"Cursed Tome","player_choice":"Obtained Book","floor":31.0,"gold_loss":0.0,"damage_taken":16.0},{"damage_healed":0,"gold_gain":0,"player_choice":"Fight","damage_taken":0,"max_hp_gain":0,"max_hp_loss":0,"event_name":"Mysterious Sphere","floor":38,"gold_loss":0}],"is_beta":false,"boss_relics":[{"not_picked":["Busted Crown","Calling Bell"],"picked":"Empty Cage"},{"not_picked":["Lizard Tail","Black Star"],"picked":"Runic Cube"}],"items_purged_floors":[],"is_endless":false,"potions_floor_spawned":[5,7,10,16,20,27,36,38],"killed_by":"Reptomancer","ascension_level":0}