{"gold_per_floor":[118,130,130,144,158,158,158,158,240,258,258,258,288,304,304,406,406,422,347,347,363,382,382,412,412,412,444,464,495,419,438,438,540,540],"floor_reached":34,"playtime":1405,"items_purged":["Defend_B"],"score":487,"play_id":"73d0f191-2f97-4830-8083-5eb42e3b05a0","local_time":"20190106213944","is_ascension_mode":false,"campfire_choices":[{"data":"Dualcast","floor":6.0,"key":"SMITH"},{"data":"Zap","floor":8.0,"key":"SMITH"},{"data":"Cold Snap","floor":12.0,"key":"SMITH"},{"data":"Coolheaded","floor":15.0,"key":"SMITH"},{"data":"Capacitor","floor":23,"key":"SMITH"},{"data":"Electrodynamics","floor":25,"key":"SMITH"},{"data":"Capacitor","floor":32,"key":"SMITH"}],"neow_cost":"NONE","seed_source_timestamp":1129506587956284,"circlet_count":0,"master_deck":["Zap+1","Dualcast+1","Coolheaded+1","Chill","Cold Snap+1","Core Surge","Conserve Battery","Glacier","BootSequence","Capacitor+1","Electrodynamics+1","Capacitor+1","Doom and Gloom+1"],"special_seed":0,"relics":["Cracked Core","Singing Bowl","Happy Flower","Orrery","Orichalcum","Dodecahedron","Centennial Puzzle","Kunai","Pandora\u0027s Box"],"potions_floor_usage":[24,29],"damage_taken":[{"damage":5.0,"enemies":"Small Slimes","floor":1.0,"turns":3.0},{"damage":0.0,"enemies":"2 Louse","floor":2.0,"turns":3.0},{"damage":0.0,"enemies":"Cultist","floor":4.0,"turns":3.0},{"damage":1.0,"enemies":"Red Slaver","floor":5.0,"turns":3.0},{"damage":0.0,"enemies":"3 Louse","floor":10.0,"turns":3.0},{"damage":11.0,"enemies":"Lagavulin","floor":13.0,"turns":7.0},{"damage":0.0,"enemies":"2 Fungi Beasts","floor":14.0,"turns":3.0},{"damage":16.0,"enemies":"The Guardian","floor":16.0,"turns":11.0},{"damage":0,"enemies":"Chosen","floor":18,"turns":5},{"damage":0,"enemies":"2 Thieves","floor":21,"turns":5},{"damage":1,"enemies":"Sentry and Sphere","floor":22,"turns":12},{"damage":23,"enemies":"Slavers","floor":24,"turns":10},{"damage":0,"enemies":"Gremlin Leader","floor":27,"turns":7},{"damage":3,"enemies":"Chosen and Byrds","floor":28,"turns":3},{"damage":0,"enemies":"Slavers","floor":29,"turns":2},{"damage":9,"enemies":"Shelled Parasite and Fungi","floor":31,"turns":7},{"damage":30,"enemies":"Collector","floor":33,"turns":15}],"seed_played":"-495483156300715861","potions_obtained":[{"floor":0.0,"key":"SkillPotion"},{"floor":0.0,"key":"Weak Potion"},{"floor":0.0,"key":"SteroidPotion"},{"floor":13.0,"key":"Explosive Potion"},{"floor":24,"key":"SteroidPotion"},{"floor":29,"key":"Fire Potion"}],"is_trial":false,"path_per_floor":["M","M","$","M","M","R","?","R","T","M","?","R","E","M","R","B",null,"M","$","?","M","M","R","E","R","T","E","M","E","$","M","R","B",null],"character_chosen":"DEFECT","items_purchased":["FocusPotion"],"campfire_rested":0,"item_purchase_floors":[30],"current_hp_per_floor":[70,70,70,70,69,69,62,62,62,64,49,49,40,42,42,26,87,87,87,87,89,88,88,65,65,65,67,64,64,64,57,57,29,29],"gold":540,"neow_bonus":"THREE_SMALL_POTIONS","is_prod":false,"is_daily":false,"chose_seed":false,"campfire_upgraded":7,"win_rate":0,"timestamp":1546810784,"path_taken":["M","M","$","M","M","R","?","R","T","M","?","R","E","M","R","BOSS","M","$","?","M","M","R","E","R","T","E","M","E","$","?","R","BOSS"],"build_version":"2019-01-03v4","purchased_purges":1,"victory":false,"max_hp_per_floor":[75,75,75,75,75,75,75,75,75,77,77,77,79,81,81,81,87,87,87,87,89,89,89,89,89,89,91,91,91,91,93,93,95,95],"card_choices":[{"not_picked":["Hello World","Doom and Gloom"],"picked":"Coolheaded","floor":1.0},{"not_picked":["Heatsinks","Lockon"],"picked":"Chill","floor":2.0},{"not_picked":["Beam Cell","Steam"],"picked":"Cold Snap","floor":4.0},{"not_picked":["Go for the Eyes","Steam Power","Chaos"],"picked":"SKIP","floor":5.0},{"not_picked":["Doom and Gloom","Reinforced Body","Steam"],"picked":"Singing Bowl","floor":10.0},{"not_picked":["Go for the Eyes","Hello World","Rebound"],"picked":"Singing Bowl","floor":13.0},{"not_picked":["Reboot","Turbo","Beam Cell"],"picked":"Singing Bowl","floor":14.0},{"not_picked":["Reboot","Biased Cognition"],"picked":"Core Surge","floor":16.0},{"not_picked":["Cold Snap","Sunder","Reinforced Body"],"picked":"Singing Bowl","floor":17},{"not_picked":["Coolheaded","Hello World","Barrage"],"picked":"Singing Bowl","floor":17},{"not_picked":["Go for the Eyes","Reprogram"],"picked":"Conserve Battery","floor":17},{"not_picked":["Turbo","Coolheaded","Double Energy"],"picked":"Singing Bowl","floor":17},{"not_picked":["Redo","Streamline"],"picked":"Glacier","floor":17},{"not_picked":["Compile Driver","Gash"],"picked":"BootSequence","floor":18},{"not_picked":["Compile Driver","Stack","Sunder"],"picked":"Singing Bowl","floor":21},{"not_picked":["Hologram+1","Auto Shields"],"picked":"Capacitor","floor":22},{"not_picked":["Rebound","Steam"],"picked":"Electrodynamics","floor":24},{"not_picked":["Turbo","Storm+1","Barrage"],"picked":"Singing Bowl","floor":27},{"not_picked":["Streamline","Hologram"],"picked":"Capacitor","floor":28},{"not_picked":["Chill","Hologram"],"picked":"Doom and Gloom+1","floor":29},{"not_picked":["Sweeping Beam","Beam Cell","Hyperbeam"],"picked":"Singing Bowl","floor":31},{"not_picked":["Reboot","All For One","Meteor Strike"],"picked":"Singing Bowl","floor":33}],"player_experience":949685,"relics_obtained":[{"floor":9.0,"key":"Singing Bowl"},{"floor":13.0,"key":"Happy Flower"},{"floor":24,"key":"Orichalcum"},{"floor":26,"key":"Dodecahedron"},{"floor":27,"key":"Centennial Puzzle"},{"floor":29,"key":"Kunai"}],"event_choices":[{"cards_removed":["Strike_B"],"damage_healed":0.0,"max_hp_gain":0.0,"max_hp_loss":0.0,"gold_gain":0.0,"event_name":"Golden Wing","player_choice":"Card Removal","floor":7.0,"gold_loss":0.0,"damage_taken":7.0},{"damage_healed":0.0,"max_hp_gain":0.0,"max_hp_loss":0.0,"gold_gain":0.0,"event_name":"Shining Light","player_choice":"Entered Light","floor":11.0,"gold_loss":0.0,"damage_taken":15.0,"cards_upgraded":["Defend_B","Strike_B"]},{"damage_healed":0,"gold_gain":0,"player_choice":"Ignored","damage_taken":0,"max_hp_gain":0,"max_hp_loss":0,"event_name":"N\u0027loth","floor":20,"gold_loss":0}],"is_beta":false,"boss_relics":[{"not_picked":["Busted Crown","Tiny House"],"picked":"Orrery"},{"not_picked":["Coffee Dripper","Inserter"],"picked":"Pandora\u0027s Box"}],"items_purged_floors":[19],"is_endless":false,"potions_floor_spawned":[5,13,14,18,24,27,29],"ascension_level":0}