{"gold_per_floor":[218,218,235,71,90,90,90,90,90,90,123,123,137,170,170,265,265,276,326,339,358,289,321,335,335,335,335,335,335,354,369,369,467,467,478,494,494,164,178,178,189,205,205,205,216,14,33,52,52,52],"floor_reached":51,"playtime":1450,"items_purged":[],"score":706,"play_id":"e84306d4-b202-4a5d-82d2-e609cc7f4346","local_time":"20181212003510","is_ascension_mode":false,"campfire_choices":[{"data":"Apotheosis","floor":6.0,"key":"SMITH"},{"data":"Zap","floor":8.0,"key":"SMITH"},{"data":"Cold Snap","floor":10.0,"key":"SMITH"},{"floor":15.0,"key":"REST"},{"data":"Defragment","floor":28.0,"key":"SMITH"},{"floor":32.0,"key":"REST"},{"floor":40.0,"key":"REST"},{"data":"Buffer","floor":44,"key":"SMITH"},{"floor":49,"key":"REST"}],"neow_cost":"NONE","seed_source_timestamp":0,"circlet_count":0,"master_deck":["Strike_B","Strike_B","Strike_B","Strike_B","Defend_B+1","Defend_B","Defend_B","Defend_B","Zap+1","Dualcast+1","Glacier","Conserve Battery","Apotheosis+1","Cold Snap+1","Go for the Eyes+1","Electrodynamics","Undo+1","Defragment+1","Tempest","Coolheaded+1","White Noise+1","Core Surge","Defragment+1","Ball Lightning","Auto Shields","Buffer+1","Barrage+1","Defragment+1"],"special_seed":0,"relics":["FrozenCore","Orichalcum","Potion Belt","Bag of Preparation","Sozu","Pocketwatch","Matryoshka","Runic Capacitor","Omamori","Kunai","DollysMirror"],"potions_floor_usage":[50,50,50],"damage_taken":[{"damage":0.0,"enemies":"2 Louse","floor":1.0,"turns":2.0},{"damage":0.0,"enemies":"Small Slimes","floor":3.0,"turns":3.0},{"damage":0.0,"enemies":"Cultist","floor":5.0,"turns":3.0},{"damage":16.0,"enemies":"Gremlin Nob","floor":11.0,"turns":5.0},{"damage":6.0,"enemies":"3 Louse","floor":13.0,"turns":3.0},{"damage":0.0,"enemies":"Lagavulin","floor":14.0,"turns":7.0},{"damage":19.0,"enemies":"The Guardian","floor":16.0,"turns":12.0},{"damage":2.0,"enemies":"2 Thieves","floor":18.0,"turns":2.0},{"damage":0.0,"enemies":"Chosen","floor":20.0,"turns":6.0},{"damage":2.0,"enemies":"Sentry and Sphere","floor":21.0,"turns":4.0},{"damage":3.0,"enemies":"Gremlin Leader","floor":23.0,"turns":6.0},{"damage":4.0,"enemies":"Snecko","floor":24.0,"turns":5.0},{"damage":0.0,"enemies":"Centurion and Healer","floor":30.0,"turns":3.0},{"damage":6.0,"enemies":"Shelled Parasite and Fungi","floor":31.0,"turns":4.0},{"damage":18.0,"enemies":"Collector","floor":33.0,"turns":8.0},{"damage":0.0,"enemies":"3 Shapes","floor":35.0,"turns":3.0},{"damage":0.0,"enemies":"Orb Walker","floor":36.0,"turns":4.0},{"damage":7.0,"enemies":"4 Shapes","floor":39.0,"turns":3.0},{"damage":1.0,"enemies":"Jaw Worm Horde","floor":41.0,"turns":5.0},{"damage":0.0,"enemies":"Spire Growth","floor":42.0,"turns":5.0},{"damage":13,"enemies":"Writhing Mass","floor":45,"turns":4},{"damage":0,"enemies":"Jaw Worm Horde","floor":47,"turns":3},{"damage":7,"enemies":"4 Shapes","floor":48,"turns":3},{"damage":5,"enemies":"Time Eater","floor":50,"turns":9}],"seed_played":"3866421750066043578","potions_obtained":[{"floor":1.0,"key":"SmokeBomb"},{"floor":3.0,"key":"AttackPotion"},{"floor":11.0,"key":"Dexterity Potion"},{"floor":14.0,"key":"Fire Potion"}],"is_trial":false,"path_per_floor":["M","?","M","$","M","R","$","R","T","R","E","?","M","E","R","B",null,"M","?","M","M","$","E","M","?","T","?","R","$","M","M","R","B",null,"M","M","?","$","M","R","M","M","M","T","R","M","$","M","M","R","B",null],"character_chosen":"DEFECT","items_purchased":["Apotheosis","Defragment","Runic Capacitor","Ball Lightning","Auto Shields","DollysMirror"],"campfire_rested":4,"item_purchase_floors":[4,22,38,38,38,46],"current_hp_per_floor":[75,75,75,75,75,75,75,75,75,75,59,44,38,38,60,41,75,73,73,73,71,71,68,64,64,64,57,57,57,57,51,73,55,75,75,75,75,75,68,75,74,74,74,74,61,61,61,54,75,70],"gold":52,"neow_bonus":"HUNDRED_GOLD","is_prod":false,"is_daily":false,"chose_seed":false,"campfire_upgraded":5,"win_rate":0,"timestamp":1544574910,"path_taken":["M","?","M","$","M","R","$","R","T","R","E","?","M","E","R","BOSS","M","?","M","?","$","E","M","?","T","?","R","$","?","M","R","BOSS","M","?","?","$","M","R","M","M","T","R","M","$","M","M","R","BOSS"],"build_version":"2018-12-06","purchased_purges":0,"victory":true,"max_hp_per_floor":[75,75,75,75,75,75,75,75,75,75,75,75,75,75,75,75,75,75,75,75,75,75,75,75,75,75,75,75,75,75,75,75,75,75,75,75,75,75,75,75,75,75,75,75,75,75,75,75,75,75],"card_choices":[{"not_picked":["Doom and Gloom","Ball Lightning"],"picked":"Glacier","floor":1.0},{"not_picked":["Gash","Redo"],"picked":"Conserve Battery","floor":3.0},{"not_picked":["Conserve Battery","Darkness"],"picked":"Cold Snap","floor":5.0},{"not_picked":["Steam Power","Barrage"],"picked":"Go for the Eyes","floor":11.0},{"not_picked":["Melter","Scrape","Hologram"],"picked":"SKIP","floor":13.0},{"not_picked":["Conserve Battery","Sweeping Beam","Meteor Strike"],"picked":"SKIP","floor":14.0},{"not_picked":["Thunder Strike","Multi-Cast"],"picked":"Electrodynamics","floor":16.0},{"not_picked":["FTL","Streamline","Gash"],"picked":"SKIP","floor":18.0},{"not_picked":["Rebound","Streamline"],"picked":"Undo+1","floor":20.0},{"not_picked":["Barrage","Leap","Cold Snap+1"],"picked":"SKIP","floor":21.0},{"not_picked":["Glacier+1","Coolheaded"],"picked":"Tempest","floor":23.0},{"not_picked":["Sweeping Beam+1","Barrage","Reinforced Body"],"picked":"SKIP","floor":24.0},{"not_picked":["Static Discharge+1","Leap"],"picked":"Coolheaded+1","floor":30.0},{"not_picked":["Go for the Eyes","Chaos"],"picked":"White Noise+1","floor":31.0},{"not_picked":["Meteor Strike","Amplify"],"picked":"Core Surge","floor":33.0},{"not_picked":["Leap+1","Sweeping Beam+1"],"picked":"Defragment+1","floor":35.0},{"not_picked":["Leap+1","Lockon+1","Rebound+1"],"picked":"SKIP","floor":36.0},{"not_picked":["Beam Cell","Gash","Go for the Eyes"],"picked":"SKIP","floor":39.0},{"not_picked":["Steam Power+1","Turbo"],"picked":"Buffer","floor":41.0},{"not_picked":["Rebound","Stack+1","Lockon"],"picked":"SKIP","floor":42},{"not_picked":["Sunder+1","Sweeping Beam"],"picked":"Barrage+1","floor":45},{"not_picked":["All For One","Leap","Stack"],"picked":"SKIP","floor":47},{"not_picked":["Stack","Compile Driver","Redo+1"],"picked":"SKIP","floor":48}],"player_experience":873426,"relics_obtained":[{"floor":9.0,"key":"Orichalcum"},{"floor":11.0,"key":"Potion Belt"},{"floor":14.0,"key":"Bag of Preparation"},{"floor":23.0,"key":"Pocketwatch"},{"floor":26.0,"key":"Matryoshka"},{"floor":43,"key":"Omamori"},{"floor":43,"key":"Kunai"}],"event_choices":[{"damage_healed":0.0,"max_hp_gain":0.0,"max_hp_loss":0.0,"gold_gain":0.0,"event_name":"Living Wall","player_choice":"Grow","floor":2.0,"gold_loss":0.0,"damage_taken":0.0,"cards_upgraded":["Dualcast"]},{"damage_healed":0.0,"max_hp_gain":0.0,"max_hp_loss":0.0,"gold_gain":0.0,"event_name":"Shining Light","player_choice":"Entered Light","floor":12.0,"gold_loss":0.0,"damage_taken":15.0,"cards_upgraded":["Defend_B","Go for the Eyes"]},{"damage_healed":0.0,"max_hp_gain":0.0,"max_hp_loss":0.0,"gold_gain":100.0,"event_name":"The Joust","player_choice":"Bet on Murderer","floor":19.0,"gold_loss":50.0,"damage_taken":0.0},{"damage_healed":0.0,"max_hp_gain":0.0,"max_hp_loss":0.0,"gold_gain":0.0,"event_name":"Vampires","player_choice":"Ignored","floor":25.0,"gold_loss":0.0,"damage_taken":0.0},{"damage_healed":0.0,"max_hp_gain":0.0,"max_hp_loss":0.0,"gold_gain":0.0,"event_name":"Knowing Skull","player_choice":"","floor":27.0,"potions_obtained":[],"gold_loss":0.0,"damage_taken":7.0,"cards_obtained":[]},{"damage_healed":0.0,"max_hp_gain":0.0,"max_hp_loss":0.0,"gold_gain":0.0,"event_name":"Mysterious Sphere","player_choice":"Ignored","floor":37.0,"gold_loss":0.0,"damage_taken":0.0}],"is_beta":false,"boss_relics":[{"not_picked":["Ectoplasm","Tiny House"],"picked":"Sozu"},{"not_picked":["White Beast Statue","Philosopher\u0027s Stone"],"picked":"FrozenCore"}],"items_purged_floors":[],"is_endless":false,"potions_floor_spawned":[1,3,11,14,18,21,24,33,36,42,45,48],"ascension_level":0}