{"gold_per_floor":[110,64,64,78,101,101,125,125,149,149,149,149,168,189,189,309,309,334,284,308,308,332,332,351,351,423,423,439,452,160,184,184,184],"floor_reached":33,"playtime":1031,"items_purged":["Strike_B","Strike_B"],"score":241,"play_id":"0e9f0530-014d-4bcb-b04b-8c6c840b6fe2","local_time":"20190121213343","is_ascension_mode":false,"campfire_choices":[{"data":"Zap","floor":6,"key":"SMITH"},{"data":"Streamline","floor":8,"key":"SMITH"},{"floor":10,"key":"REST"},{"data":"Leap","floor":12,"key":"SMITH"},{"data":"Ball Lightning","floor":15,"key":"SMITH"},{"data":"Hyperbeam","floor":23,"key":"SMITH"},{"data":"Loop","floor":25,"key":"SMITH"},{"data":"Sweeping Beam","floor":27,"key":"SMITH"},{"floor":32,"key":"REST"}],"neow_cost":"NONE","seed_source_timestamp":88831841714794,"circlet_count":0,"master_deck":["Strike_B","Strike_B","Defend_B","Defend_B","Defend_B","Defend_B","Zap+1","Dualcast","Leap+1","Streamline+1","Cold Snap","Auto Shields","Ball Lightning+1","Hyperbeam+1","Go for the Eyes+1","Leap+1","Sweeping Beam+1","Loop+1","Leap+1","Ball Lightning+1","Ball Lightning+1"],"relics":["Cracked Core","Golden Idol","Blood Vial","Smiling Mask","Sozu","Toxic Egg 2","Molten Egg 2"],"potions_floor_usage":[33],"damage_taken":[{"damage":4,"enemies":"Jaw Worm","floor":1,"turns":4},{"damage":10,"enemies":"2 Louse","floor":4,"turns":3},{"damage":6,"enemies":"Cultist","floor":5,"turns":4},{"damage":13,"enemies":"Lots of Slimes","floor":7,"turns":5},{"damage":0,"enemies":"3 Louse","floor":13,"turns":3},{"damage":15,"enemies":"Exordium Thugs","floor":14,"turns":4},{"damage":41,"enemies":"Hexaghost","floor":16,"turns":10},{"damage":21,"enemies":"Spheric Guardian","floor":18,"turns":4},{"damage":8,"enemies":"3 Byrds","floor":20,"turns":5},{"damage":12,"enemies":"Centurion and Healer","floor":22,"turns":9},{"damage":10,"enemies":"Shelled Parasite and Fungi","floor":24,"turns":6},{"damage":13,"enemies":"Snake Plant","floor":28,"turns":4},{"damage":14,"enemies":"Chosen and Byrds","floor":29,"turns":5},{"damage":22,"enemies":"Sentry and Sphere","floor":31,"turns":5},{"damage":47,"enemies":"Automaton","floor":33,"turns":6}],"seed_played":"8202241823635049114","potions_obtained":[{"floor":1,"key":"Block Potion"},{"floor":4,"key":"Fire Potion"},{"floor":7,"key":"Swift Potion"}],"is_trial":false,"path_per_floor":["M","$","?","M","M","R","M","R","T","R","?","R","M","M","R","B",null,"M","$","M","?","M","R","M","R","T","R","M","M","$","M","R","B"],"character_chosen":"DEFECT","items_purchased":["Leap","Molten Egg 2"],"campfire_rested":2,"item_purchase_floors":[2,30],"current_hp_per_floor":[78,78,58,48,42,42,29,29,29,53,53,53,55,42,42,3,82,61,61,55,82,70,70,62,62,62,62,51,39,39,19,43,0],"gold":184,"neow_bonus":"TEN_PERCENT_HP_BONUS","is_prod":false,"is_daily":false,"chose_seed":false,"campfire_upgraded":7,"win_rate":0,"timestamp":1548077623,"path_taken":["M","$","?","M","M","R","M","R","T","R","?","R","M","M","R","BOSS","M","?","?","?","M","R","M","R","T","R","M","M","$","M","R","BOSS"],"build_version":"2019-01-17v2","purchased_purges":2,"victory":false,"max_hp_per_floor":[82,82,82,82,82,82,82,82,82,82,82,82,82,82,82,82,82,82,82,82,82,82,82,82,82,82,82,82,82,82,82,82,82],"card_choices":[{"not_picked":["Tempest","Compile Driver","Barrage"],"picked":"SKIP","floor":1},{"not_picked":["Steam Power","Coolheaded","Stack"],"picked":"SKIP","floor":4},{"not_picked":["Aggregate","Rebound"],"picked":"Streamline","floor":5},{"not_picked":["Compile Driver","White Noise"],"picked":"Cold Snap","floor":7},{"not_picked":["Rebound","White Noise"],"picked":"Auto Shields","floor":13},{"not_picked":["Sweeping Beam","Thunder Strike"],"picked":"Ball Lightning","floor":14},{"not_picked":["Biased Cognition","Meteor Strike"],"picked":"Hyperbeam","floor":16},{"not_picked":["Self Repair","Hologram"],"picked":"Go for the Eyes+1","floor":18},{"not_picked":["Hologram","Force Field"],"picked":"Leap+1","floor":20},{"not_picked":["Heatsinks+1","Cold Snap"],"picked":"Sweeping Beam","floor":22},{"not_picked":["Compile Driver","Turbo"],"picked":"Loop","floor":24},{"not_picked":["Conserve Battery+1","Rebound"],"picked":"Leap+1","floor":28},{"not_picked":["Melter","Doom and Gloom+1"],"picked":"Ball Lightning+1","floor":29},{"not_picked":["Undo+1","Chill+1"],"picked":"Ball Lightning+1","floor":31}],"player_experience":107910,"relics_obtained":[{"floor":9,"key":"Blood Vial"},{"floor":26,"key":"Toxic Egg 2"}],"event_choices":[{"damage_healed":0,"gold_gain":0,"player_choice":"Take Damage","damage_taken":20,"relics_obtained":["Golden Idol"],"max_hp_gain":0,"max_hp_loss":0,"event_name":"Golden Idol","floor":3,"gold_loss":0},{"damage_healed":0,"gold_gain":0,"player_choice":"Gave Potion","damage_taken":0,"relics_obtained":["Smiling Mask"],"max_hp_gain":0,"max_hp_loss":0,"event_name":"WeMeetAgain","floor":11,"gold_loss":0},{"damage_healed":27,"gold_gain":0,"player_choice":"Full Heal","damage_taken":0,"max_hp_gain":0,"max_hp_loss":0,"event_name":"Wheel of Change","floor":21,"gold_loss":0}],"is_beta":false,"boss_relics":[{"not_picked":["FrozenCore","Black Star"],"picked":"Sozu"}],"items_purged_floors":[19,30],"is_endless":false,"potions_floor_spawned":[1,4,7,28,31],"killed_by":"Automaton","ascension_level":0}