{"gold_per_floor":[114,39,52,67,67,96,96,130,130,147,158,158,174,192,192,296,296,309,309,275,175,193,193],"floor_reached":23,"playtime":1186,"items_purged":["Strike_R","Strike_R"],"score":205,"play_id":"885fe194-678c-4790-b509-78b5cc53b94b","local_time":"20190208142300","is_ascension_mode":false,"campfire_choices":[{"data":"Bash","floor":7.0,"key":"SMITH"},{"data":"Strike_R","floor":15.0,"key":"PURGE"}],"neow_cost":"NONE","seed_source_timestamp":0,"circlet_count":0,"master_deck":["Strike_R","Strike_R","Defend_R","Defend_R+1","Defend_R","Defend_R","Bash+1","Shrug It Off+1","Battle Trance","Barricade"],"special_seed":0,"relics":["Burning Blood","War Paint","Peace Pipe","Darkstone Periapt","Velvet Choker"],"potions_floor_usage":[],"damage_taken":[{"damage":17.0,"enemies":"Small Slimes","floor":1.0,"turns":4.0},{"damage":2.0,"enemies":"Cultist","floor":3.0,"turns":4.0},{"damage":6.0,"enemies":"Jaw Worm","floor":4.0,"turns":4.0},{"damage":42.0,"enemies":"3 Sentries","floor":6.0,"turns":14.0},{"damage":26.0,"enemies":"Lagavulin","floor":8.0,"turns":8.0},{"damage":7.0,"enemies":"Exordium Thugs","floor":10.0,"turns":8.0},{"damage":2.0,"enemies":"2 Fungi Beasts","floor":11.0,"turns":6.0},{"damage":3.0,"enemies":"Exordium Wildlife","floor":13.0,"turns":4.0},{"damage":0.0,"enemies":"Looter","floor":14.0,"turns":4.0},{"damage":16.0,"enemies":"The Guardian","floor":16.0,"turns":15.0},{"damage":29.0,"enemies":"3 Byrds","floor":18.0,"turns":9.0},{"damage":30.0,"enemies":"2 Thieves","floor":20.0,"turns":5.0},{"damage":14.0,"enemies":"Snecko","floor":22.0,"turns":6.0},{"damage":0,"enemies":"Gremlin Leader","floor":23,"turns":1}],"seed_played":"-4599235952697946756","potions_obtained":[{"floor":4.0,"key":"LiquidBronze"},{"floor":10.0,"key":"EssenceOfSteel"},{"floor":11.0,"key":"SpeedPotion"},{"floor":13.0,"key":"EssenceOfSteel"},{"floor":18.0,"key":"EssenceOfSteel"}],"is_trial":false,"path_per_floor":["M","$","M","M","$","E","R","E","T","M","M","?","M","M","R","B",null,"M","?","M","$","M","E"],"character_chosen":"IRONCLAD","items_purchased":[],"campfire_rested":0,"item_purchase_floors":[],"current_hp_per_floor":[77,77,81,81,81,45,45,25,25,24,28,28,31,37,37,27,88,65,65,41,41,33,33],"gold":193,"neow_bonus":"TEN_PERCENT_HP_BONUS","is_prod":false,"is_daily":false,"chose_seed":false,"campfire_upgraded":1,"win_rate":0,"timestamp":1549606980,"path_taken":["M","$","M","M","$","E","R","E","T","M","M","?","?","M","R","BOSS","M","?","M","?","M","E"],"build_version":"2019-01-23","purchased_purges":2,"victory":false,"max_hp_per_floor":[88,88,88,88,88,88,88,88,88,88,88,88,88,88,88,88,88,88,88,88,88,88,88],"card_choices":[{"not_picked":["Dual Wield","Anger"],"picked":"Shrug It Off","floor":1.0},{"not_picked":["True Grit","Heavy Blade","Body Slam"],"picked":"SKIP","floor":3.0},{"not_picked":["Perfected Strike","Anger"],"picked":"Battle Trance","floor":4.0},{"not_picked":["Armaments","Twin Strike","Evolve"],"picked":"SKIP","floor":6.0},{"not_picked":["Burning Pact","True Grit","Heavy Blade"],"picked":"SKIP","floor":8.0},{"not_picked":["Shrug It Off","Wild Strike","Anger"],"picked":"SKIP","floor":10.0},{"not_picked":["Armaments","Iron Wave","Immolate"],"picked":"SKIP","floor":11.0},{"not_picked":["Evolve","Wild Strike","Flex"],"picked":"SKIP","floor":13.0},{"not_picked":["Clash","Heavy Blade","Twin Strike"],"picked":"SKIP","floor":14.0},{"not_picked":["Brutality","Limit Break"],"picked":"Barricade","floor":16.0},{"not_picked":["Evolve","Wild Strike","Havoc"],"picked":"SKIP","floor":18.0},{"not_picked":["Perfected Strike","Warcry","True Grit"],"picked":"SKIP","floor":20.0},{"not_picked":["Twin Strike","Feel No Pain","Iron Wave"],"picked":"SKIP","floor":22.0}],"player_experience":206872,"relics_obtained":[{"floor":6.0,"key":"War Paint"},{"floor":8.0,"key":"Peace Pipe"},{"floor":9.0,"key":"Darkstone Periapt"}],"event_choices":[{"damage_healed":0.0,"max_hp_gain":0.0,"max_hp_loss":0.0,"gold_gain":0.0,"event_name":"Match and Keep!","player_choice":"0 cards matched","floor":12.0,"gold_loss":0.0,"damage_taken":0.0,"cards_obtained":[]},{"damage_healed":0.0,"max_hp_gain":0.0,"max_hp_loss":0.0,"gold_gain":0.0,"event_name":"Duplicator","player_choice":"Ignored","floor":19.0,"gold_loss":0.0,"damage_taken":0.0}],"is_beta":false,"boss_relics":[{"not_picked":["Ectoplasm","Runic Dome"],"picked":"Velvet Choker"}],"items_purged_floors":[2,21],"is_endless":false,"potions_floor_spawned":[4,10,11,13,18],"killed_by":"Gremlin Leader","ascension_level":0}