{"gold_per_floor":[111,111,122,136,150,150,179,179,179,179,190,205,205,235,235,340,340,357,357,357,128,148,148,178,189,189,189,204,204],"floor_reached":29,"playtime":2364,"items_purged":[],"score":318,"play_id":"426011ec-4da2-47fc-91a0-4514b28e3812","local_time":"20180706140921","is_ascension_mode":true,"campfire_choices":[{"floor":6,"key":"REST"},{"floor":8,"key":"REST"},{"data":"White Noise","floor":10,"key":"SMITH"},{"floor":15,"key":"DIG"},{"floor":23,"key":"REST"},{"floor":27,"key":"REST"}],"neow_cost":"NONE","seed_source_timestamp":7255238951220,"circlet_count":0,"master_deck":["Zap+1","Dualcast","Gash","Conserve Battery","Go for the Eyes","White Noise+1","Leap","Ball Lightning","Coolheaded","Creative AI","Amplify","Glacier","Auto Shields","Beam Cell","Hologram","Genetic Algorithm","Streamline","Beam Cell","Redo+1","Sunder","Leap+1","White Noise+1","Self Repair","Coolheaded+1"],"relics":["Cracked Core","Centennial Puzzle","Strawberry","The Courier","Shovel","Cables","Pandora\u0027s Box","NlothsMask","Pear","Toxic Egg 2"],"potions_floor_usage":[14,16,24,24],"damage_taken":[{"damage":9,"enemies":"Small Slimes","floor":1,"turns":4},{"damage":7,"enemies":"Jaw Worm","floor":3,"turns":3},{"damage":0,"enemies":"2 Louse","floor":4,"turns":3},{"damage":0,"enemies":"Exordium Wildlife","floor":5,"turns":3},{"damage":19,"enemies":"Gremlin Nob","floor":7,"turns":4},{"damage":18,"enemies":"2 Fungi Beasts","floor":11,"turns":4},{"damage":14,"enemies":"Gremlin Gang","floor":12,"turns":4},{"damage":7,"enemies":"3 Sentries","floor":14,"turns":7},{"damage":19,"enemies":"The Guardian","floor":16,"turns":8},{"damage":11,"enemies":"3 Byrds","floor":18,"turns":5},{"damage":43,"enemies":"2 Thieves","floor":22,"turns":4},{"damage":28,"enemies":"Gremlin Leader","floor":24,"turns":6},{"damage":12,"enemies":"Cultist and Chosen","floor":25,"turns":3},{"damage":23,"enemies":"Centurion and Healer","floor":28,"turns":6},{"damage":60,"enemies":"Book of Stabbing","floor":29,"turns":9}],"seed_played":"62970924704820167","potions_obtained":[{"floor":3,"key":"Regen Potion"},{"floor":5,"key":"Dexterity Potion"},{"floor":7,"key":"Weak Potion"},{"floor":11,"key":"Dexterity Potion"},{"floor":14,"key":"Regen Potion"},{"floor":18,"key":"Dexterity Potion"},{"floor":25,"key":"SteroidPotion"}],"is_trial":false,"path_per_floor":["M","?","M","M","M","R","E","R","T","R","M","M","?","E","R","B",null,"M","?","?","$","M","R","E","M","T","R","M"],"character_chosen":"DEFECT","items_purchased":["Pear","Sunder"],"campfire_rested":4,"item_purchase_floors":[21,21],"current_hp_per_floor":[66,66,59,59,59,75,63,82,82,82,64,50,50,58,58,54,82,71,71,82,92,49,76,48,36,36,63,54,0],"gold":204,"neow_bonus":"RANDOM_COMMON_RELIC","is_prod":false,"is_daily":false,"chose_seed":false,"campfire_upgraded":1,"win_rate":0,"timestamp":1530900561,"path_taken":["M","?","M","M","M","R","E","R","T","R","M","M","?","E","R","BOSS","M","?","?","$","M","R","E","M","T","R","?","E"],"build_version":"2018-07-05","purchased_purges":0,"victory":false,"max_hp_per_floor":[75,75,75,75,75,75,82,82,82,82,82,82,82,82,82,82,82,82,82,82,92,92,92,92,92,92,92,92,92],"card_choices":[{"not_picked":["Barrage","Stack"],"picked":"Gash","floor":1},{"not_picked":["Steam Power","Scrape"],"picked":"Conserve Battery","floor":3},{"not_picked":["Turbo","Gash"],"picked":"Go for the Eyes","floor":4},{"not_picked":["Redo","Hologram"],"picked":"White Noise","floor":5},{"not_picked":["Reboot","Scrape"],"picked":"Leap","floor":7},{"not_picked":["Stack","Rebound"],"picked":"Ball Lightning","floor":11},{"not_picked":["Compile Driver","Capacitor"],"picked":"Coolheaded","floor":12},{"not_picked":["Leap","Beam Cell"],"picked":"Creative AI","floor":14},{"not_picked":["Creative AI","Meteor Strike"],"picked":"Amplify","floor":16},{"not_picked":["Leap","Coolheaded"],"picked":"Redo+1","floor":18},{"not_picked":["Beam Cell+1","Darkness"],"picked":"Leap+1","floor":22},{"not_picked":["Static Discharge","Redo"],"picked":"White Noise+1","floor":24},{"not_picked":["Cold Snap","Steam+1"],"picked":"Self Repair","floor":25},{"not_picked":["Scrape","Capacitor+1"],"picked":"Coolheaded+1","floor":28}],"player_experience":254704,"relics_obtained":[{"floor":7,"key":"Strawberry"},{"floor":9,"key":"The Courier"},{"floor":14,"key":"Shovel"},{"floor":15,"key":"Cables"},{"floor":24,"key":"Toxic Egg 2"}],"event_choices":[{"event_name":"The Cleric","player_choice":"Leave","floor":2,"damage_taken":0},{"event_name":"Living Wall","player_choice":"Grow","floor":13,"damage_taken":0},{"event_name":"FaceTrader","player_choice":"Trade","floor":19,"damage_taken":0},{"event_name":"Bonfire Elementals","player_choice":"UNCOMMON","floor":20,"damage_taken":0}],"boss_relics":[{"not_picked":["Snecko Eye","Eternal Feather"],"picked":"Pandora\u0027s Box"}],"items_purged_floors":[],"is_endless":false,"potions_floor_spawned":[3,5,7,11,14,18,25],"killed_by":"Book of Stabbing","ascension_level":3}