{"gold_per_floor":[118,136,156,175,24,55,73,1,1,33,46,46,46,60,60,159,159,169,169,94,94,104,131,131,149,149,149,149,161,181,181,181,284,284,301,313,313,332,194,194,294,294,294,294,13,33,43,43,43,43],"floor_reached":50,"playtime":1834,"items_purged":["Strike_R","Hemokinesis","Uppercut"],"score":474,"play_id":"395df860-35a4-4076-afa7-8fa3ae2514c1","local_time":"20190209234311","is_ascension_mode":false,"campfire_choices":[{"data":"Bash","floor":12,"key":"SMITH"},{"data":"Inflame","floor":15,"key":"SMITH"},{"data":"Sword Boomerang","floor":24,"key":"SMITH"},{"data":"Decay","floor":28,"key":"PURGE"},{"floor":32,"key":"REST"},{"data":"True Grit","floor":40,"key":"SMITH"},{"floor":42,"key":"REST"},{"floor":49,"key":"REST"}],"neow_cost":"PERCENT_DAMAGE","seed_source_timestamp":713299763529514,"circlet_count":0,"master_deck":["Bash+1","Iron Wave","Twin Strike","Pommel Strike","Inflame+1","Sword Boomerang+1","True Grit+1","Whirlwind+1","Twin Strike","Battle Trance","Feed","Sword Boomerang+1","Double Tap","Rupture","Brutality","Pummel","Impervious","Flex+1","The Bomb","Spot Weakness","Barricade","Metallicize+1","Evolve"],"relics":["Burning Blood","Peace Pipe","Pocketwatch","Mummified Hand","Vajra","Sozu","Magic Flower","Dodecahedron","Pandora\u0027s Box","Champion Belt","Mercury Hourglass","Bronze Scales"],"potions_floor_usage":[10,16,16,16,23],"damage_taken":[{"damage":1,"enemies":"Cultist","floor":1,"turns":4},{"damage":3,"enemies":"Jaw Worm","floor":2,"turns":5},{"damage":2,"enemies":"Small Slimes","floor":3,"turns":5},{"damage":10,"enemies":"Looter","floor":4,"turns":3},{"damage":35,"enemies":"Lagavulin","floor":6,"turns":6},{"damage":20,"enemies":"3 Louse","floor":7,"turns":3},{"damage":5,"enemies":"3 Sentries","floor":10,"turns":6},{"damage":0,"enemies":"2 Fungi Beasts","floor":11,"turns":3},{"damage":0,"enemies":"Gremlin Gang","floor":14,"turns":4},{"damage":13,"enemies":"Hexaghost","floor":16,"turns":5},{"damage":10,"enemies":"Shell Parasite","floor":18,"turns":4},{"damage":10,"enemies":"3 Byrds","floor":22,"turns":3},{"damage":32,"enemies":"Book of Stabbing","floor":23,"turns":6},{"damage":19,"enemies":"Shelled Parasite and Fungi","floor":25,"turns":5},{"damage":10,"enemies":"Cultist and Chosen","floor":29,"turns":4},{"damage":0,"enemies":"Sentry and Sphere","floor":30,"turns":3},{"damage":78,"enemies":"Collector","floor":33,"turns":10},{"damage":45,"enemies":"3 Shapes","floor":35,"turns":3},{"damage":10,"enemies":"Orb Walker","floor":36,"turns":2},{"damage":0,"enemies":"Spire Growth","floor":38,"turns":3},{"damage":30,"enemies":"Mind Bloom Boss Battle","floor":41,"turns":4},{"damage":31,"enemies":"4 Shapes","floor":46,"turns":3},{"damage":7,"enemies":"Jaw Worm Horde","floor":47,"turns":2},{"damage":79,"enemies":"Awakened One","floor":50,"turns":5}],"seed_played":"-3931524087992297720","potions_obtained":[{"floor":2,"key":"Block Potion"},{"floor":4,"key":"GamblersBrew"},{"floor":6,"key":"GamblersBrew"},{"floor":13,"key":"LiquidBronze"},{"floor":13,"key":"Poison Potion"},{"floor":13,"key":"PowerPotion"},{"floor":16,"key":"EssenceOfSteel"}],"is_trial":false,"path_per_floor":["M","M","M","M","$","E","M","$","T","E","M","R","?","M","R","B",null,"M","?","?","?","M","E","R","M","T","?","R","M","M","?","R","B",null,"M","M","?","M","$","R","?","R","T","?","$","M","M","?","R","B"],"character_chosen":"IRONCLAD","items_purchased":["Inflame","Whirlwind","Spot Weakness","Bronze Scales"],"campfire_rested":3,"item_purchase_floors":[5,8,39,45],"current_hp_per_floor":[61,64,68,64,64,35,21,21,21,22,28,28,28,34,34,27,80,79,79,79,79,83,60,60,55,55,55,55,54,63,63,89,20,89,53,52,52,61,61,61,40,66,66,66,66,49,51,51,78,0],"gold":43,"neow_bonus":"ONE_RARE_RELIC","is_prod":false,"is_daily":false,"chose_seed":false,"campfire_upgraded":4,"win_rate":0,"timestamp":1549726991,"path_taken":["M","M","M","M","$","E","M","?","T","E","M","R","?","?","R","BOSS","M","?","?","?","M","E","R","M","T","?","R","M","M","?","R","BOSS","M","?","?","M","$","R","?","R","T","?","?","M","M","?","R","BOSS"],"build_version":"2019-01-23","purchased_purges":3,"victory":false,"max_hp_per_floor":[80,80,80,80,80,80,80,80,80,80,80,80,80,80,80,80,80,83,83,83,83,86,86,86,89,89,89,89,89,89,89,89,89,89,89,89,89,89,89,89,89,89,89,89,89,92,92,92,92,92],"card_choices":[{"not_picked":["Corruption","Second Wind"],"picked":"Iron Wave","floor":1},{"not_picked":["Warcry","Thunderclap"],"picked":"Twin Strike","floor":2},{"not_picked":["Rage","Sentinel","Dual Wield"],"picked":"SKIP","floor":3},{"not_picked":["Armaments","Spot Weakness"],"picked":"Pommel Strike","floor":4},{"not_picked":["Rupture","Clash"],"picked":"Sword Boomerang","floor":6},{"not_picked":["Armaments","Thunderclap"],"picked":"True Grit","floor":7},{"not_picked":["Infernal Blade","Sever Soul"],"picked":"Twin Strike","floor":10},{"not_picked":["Hemokinesis","Wild Strike"],"picked":"Battle Trance","floor":11},{"not_picked":["Clothesline","Reaper","Ghostly Armor"],"picked":"SKIP","floor":14},{"not_picked":["Dark Embrace","Impervious"],"picked":"Feed","floor":16},{"not_picked":["Anger+1","Cleave+1","Warcry"],"picked":"SKIP","floor":18},{"not_picked":["Feel No Pain+1","Armaments","Wild Strike"],"picked":"SKIP","floor":22},{"not_picked":["Bloodletting","Headbutt"],"picked":"Sword Boomerang+1","floor":23},{"not_picked":["Iron Wave","Thunderclap+1","Wild Strike"],"picked":"SKIP","floor":25},{"not_picked":["Reckless Charge","Shrug It Off","Rampage"],"picked":"SKIP","floor":29},{"not_picked":["Headbutt","Pommel Strike","Twin Strike"],"picked":"SKIP","floor":30},{"not_picked":["Fiend Fire","Bludgeon"],"picked":"Double Tap","floor":33},{"not_picked":["Fire Breathing+1","Perfected Strike","Blood for Blood+1"],"picked":"SKIP","floor":35},{"not_picked":["Blood for Blood","Warcry+1"],"picked":"Flex+1","floor":36},{"not_picked":["Forethought","Discovery"],"picked":"The Bomb","floor":37},{"not_picked":["Havoc+1","Uppercut+1","Iron Wave"],"picked":"SKIP","floor":38},{"not_picked":["Seeing Red","Warcry+1"],"picked":"Barricade","floor":41},{"not_picked":["Anger+1","Headbutt"],"picked":"Metallicize+1","floor":46},{"not_picked":["Searing Blow+1","Fire Breathing"],"picked":"Evolve","floor":47}],"player_experience":220436,"relics_obtained":[{"floor":6,"key":"Pocketwatch"},{"floor":9,"key":"Mummified Hand"},{"floor":10,"key":"Vajra"},{"floor":23,"key":"Dodecahedron"},{"floor":41,"key":"Champion Belt"},{"floor":43,"key":"Mercury Hourglass"}],"event_choices":[{"damage_healed":0,"gold_gain":0,"player_choice":"Got Potions","damage_taken":0,"max_hp_gain":0,"max_hp_loss":0,"event_name":"Lab","floor":13,"gold_loss":0},{"damage_healed":0,"gold_gain":0,"player_choice":"Opened","damage_taken":0,"relics_obtained":["Magic Flower"],"max_hp_gain":0,"max_hp_loss":0,"event_name":"The Mausoleum","floor":19,"gold_loss":0},{"cards_removed":["Strike_R"],"damage_healed":0,"gold_gain":0,"player_choice":"Gave Gold","damage_taken":0,"max_hp_gain":0,"max_hp_loss":0,"event_name":"Beggar","floor":20,"gold_loss":75},{"damage_healed":0,"gold_gain":0,"player_choice":"Ignored","damage_taken":0,"max_hp_gain":0,"max_hp_loss":0,"event_name":"Ghosts","floor":21,"gold_loss":0},{"damage_healed":0,"gold_gain":0,"player_choice":"Smashed Altar","damage_taken":0,"max_hp_gain":0,"max_hp_loss":0,"event_name":"Forgotten Altar","floor":27,"gold_loss":0,"cards_obtained":["Decay"]},{"damage_healed":0,"gold_gain":0,"player_choice":"Forge","damage_taken":0,"max_hp_gain":0,"max_hp_loss":0,"event_name":"Accursed Blacksmith","floor":31,"gold_loss":0,"cards_upgraded":["Whirlwind"]},{"damage_healed":0,"gold_gain":0,"player_choice":"Memory 1","damage_taken":0,"max_hp_gain":0,"max_hp_loss":0,"event_name":"SensoryStone","floor":37,"gold_loss":0},{"damage_healed":0,"gold_gain":0,"player_choice":"Fight","damage_taken":0,"max_hp_gain":0,"max_hp_loss":0,"event_name":"MindBloom","floor":41,"gold_loss":0},{"cards_removed":["Intimidate"],"damage_healed":0,"gold_gain":0,"player_choice":"Removed Skill","damage_taken":0,"max_hp_gain":0,"max_hp_loss":0,"event_name":"Falling","floor":44,"gold_loss":0},{"damage_healed":0,"gold_gain":0,"player_choice":"Ignored","damage_taken":0,"max_hp_gain":0,"max_hp_loss":0,"event_name":"Mysterious Sphere","floor":48,"gold_loss":0}],"is_beta":false,"boss_relics":[{"not_picked":["White Beast Statue","Coffee Dripper"],"picked":"Sozu"},{"not_picked":["Runic Pyramid","Black Star"],"picked":"Pandora\u0027s Box"}],"items_purged_floors":[5,39,45],"is_endless":false,"potions_floor_spawned":[2,4,6,14,16,22,25,33,35,46,47],"killed_by":"Awakened One","ascension_level":0}