{"gold_per_floor":[111,129,149,168,186,186,214,231,309,309,309,309,309,87,87,166,166,176,193,193,193,118,118,134,134,134,134,165,165,165,181,181,181],"floor_reached":33,"playtime":2291,"items_purged":["Strike_G"],"score":530,"play_id":"2845c472-c38c-4e36-b4c5-ff8acddcded1","local_time":"20190107113018","is_ascension_mode":true,"campfire_choices":[{"data":"Dagger Spray","floor":6,"key":"SMITH"},{"floor":11,"key":"REST"},{"data":"Malaise","floor":13,"key":"SMITH"},{"floor":15,"key":"REST"},{"floor":23,"key":"REST"},{"floor":25,"key":"REST"},{"data":"Noxious Fumes","floor":27,"key":"SMITH"},{"floor":30,"key":"REST"},{"data":"Calculated Gamble","floor":32,"key":"SMITH"}],"neow_cost":"NONE","seed_source_timestamp":1817432287143023,"circlet_count":0,"master_deck":["AscendersBane","Defend_G","Defend_G","Defend_G","Defend_G","Defend_G","Strike_G","Strike_G","Strike_G","Strike_G","Survivor","Neutralize","Endless Agony","Poisoned Stab","Dagger Spray+1","Backflip","PiercingWail","Malaise+1","Calculated Gamble+1","Noxious Fumes+1","Cloak And Dagger","Malaise","Outmaneuver","Dagger Throw","Deflect","Adrenaline","Flechettes"],"relics":["Runic Pyramid","Unceasing Top","Kunai","Philosopher\u0027s Stone","Paper Crane","Torii","Turnip"],"potions_floor_usage":[7,19,20,33],"damage_taken":[{"damage":0,"enemies":"Cultist","floor":1,"turns":4},{"damage":7,"enemies":"Jaw Worm","floor":2,"turns":5},{"damage":7,"enemies":"Small Slimes","floor":3,"turns":3},{"damage":13,"enemies":"Exordium Wildlife","floor":4,"turns":5},{"damage":1,"enemies":"2 Fungi Beasts","floor":5,"turns":4},{"damage":30,"enemies":"Gremlin Nob","floor":7,"turns":4},{"damage":0,"enemies":"3 Louse","floor":8,"turns":2},{"damage":17,"enemies":"The Guardian","floor":16,"turns":12},{"damage":16,"enemies":"Shell Parasite","floor":18,"turns":7},{"damage":7,"enemies":"3 Byrds","floor":19,"turns":7},{"damage":21,"enemies":"Colosseum Slavers","floor":20,"turns":7},{"damage":2,"enemies":"Snecko","floor":24,"turns":9},{"damage":3,"enemies":"Book of Stabbing","floor":28,"turns":8},{"damage":2,"enemies":"Centurion and Healer","floor":31,"turns":8},{"damage":46,"enemies":"Collector","floor":33,"turns":5}],"seed_played":"-665083018945684776","potions_obtained":[{"floor":2,"key":"FearPotion"},{"floor":8,"key":"GamblersBrew"},{"floor":16,"key":"Block Potion"},{"floor":19,"key":"Weak Potion"},{"floor":24,"key":"FearPotion"},{"floor":31,"key":"FearPotion"}],"is_trial":false,"path_per_floor":["M","M","M","M","M","R","E","M","T","?","R","?","R","$","R","B",null,"M","M","?","?","?","R","M","R","T","R","E","?","R","M","R","B"],"character_chosen":"THE_SILENT","items_purchased":["Noxious Fumes","Cloak And Dagger"],"campfire_rested":5,"item_purchase_floors":[14,14],"current_hp_per_floor":[59,52,45,32,31,31,1,1,1,1,20,20,20,20,39,22,55,39,32,11,11,11,30,28,47,47,47,44,26,47,45,45,0],"gold":181,"neow_bonus":"BOSS_RELIC","is_prod":false,"is_daily":false,"chose_seed":false,"campfire_upgraded":4,"win_rate":0,"timestamp":1546889418,"path_taken":["M","?","M","M","M","R","E","M","T","?","R","?","R","?","R","BOSS","M","M","?","?","?","R","M","R","T","R","E","?","R","M","R","BOSS"],"build_version":"2019-01-03v4","purchased_purges":1,"victory":false,"max_hp_per_floor":[66,66,66,66,66,66,66,66,66,66,66,66,66,66,66,66,66,66,66,66,66,66,66,66,66,66,66,66,71,71,71,71,71],"card_choices":[{"not_picked":["Cloak And Dagger","Bane"],"picked":"Endless Agony","floor":1},{"not_picked":["Sucker Punch","Prepared"],"picked":"Poisoned Stab","floor":2},{"not_picked":["Acrobatics","Backflip"],"picked":"Dagger Spray","floor":3},{"not_picked":["Blur","Quick Slash"],"picked":"Backflip","floor":4},{"not_picked":["Escape Plan","Outmaneuver"],"picked":"PiercingWail","floor":5},{"not_picked":["Sucker Punch","Backflip"],"picked":"Malaise","floor":7},{"not_picked":["Bane","Deadly Poison"],"picked":"Calculated Gamble","floor":8},{"not_picked":["Doppelganger","Die Die Die"],"picked":"Malaise","floor":16},{"not_picked":["Blade Dance","Deadly Poison"],"picked":"Outmaneuver","floor":18},{"not_picked":["PiercingWail","Dagger Spray"],"picked":"Dagger Throw","floor":19},{"not_picked":["Bouncing Flask","Dagger Throw"],"picked":"Deflect","floor":24},{"not_picked":["Eviscerate","Acrobatics"],"picked":"Adrenaline","floor":28},{"not_picked":["Outmaneuver+1","Acrobatics"],"picked":"Flechettes","floor":31}],"player_experience":374393,"relics_obtained":[{"floor":7,"key":"Unceasing Top"},{"floor":9,"key":"Kunai"},{"floor":26,"key":"Torii"},{"floor":28,"key":"Turnip"}],"event_choices":[{"damage_healed":0,"gold_gain":0,"player_choice":"Fled","damage_taken":0,"max_hp_gain":0,"max_hp_loss":0,"event_name":"Scrap Ooze","floor":10,"gold_loss":0},{"damage_healed":0,"gold_gain":0,"player_choice":"Ignored","damage_taken":0,"max_hp_gain":0,"max_hp_loss":0,"event_name":"Liars Game","floor":12,"gold_loss":0},{"damage_healed":0,"gold_gain":0,"player_choice":"Fight","damage_taken":0,"max_hp_gain":0,"max_hp_loss":0,"event_name":"Colosseum","floor":20,"gold_loss":0},{"damage_healed":0,"gold_gain":0,"player_choice":"Fled From Nobs","damage_taken":0,"max_hp_gain":0,"max_hp_loss":0,"event_name":"Colosseum","floor":20,"gold_loss":0},{"damage_healed":0,"gold_gain":0,"player_choice":"Opened","damage_taken":0,"relics_obtained":["Paper Crane"],"max_hp_gain":0,"max_hp_loss":0,"event_name":"The Mausoleum","floor":21,"gold_loss":0,"cards_obtained":["Writhe"]},{"cards_removed":["Writhe"],"damage_healed":0,"gold_gain":0,"player_choice":"Gave Gold","damage_taken":0,"max_hp_gain":0,"max_hp_loss":0,"event_name":"Beggar","floor":22,"gold_loss":75},{"damage_healed":0,"gold_gain":0,"player_choice":"Shed Blood","damage_taken":23,"max_hp_gain":5,"max_hp_loss":0,"event_name":"Forgotten Altar","floor":29,"gold_loss":0}],"is_beta":false,"boss_relics":[{"not_picked":["Fusion Hammer","Velvet Choker"],"picked":"Philosopher\u0027s Stone"}],"items_purged_floors":[14],"is_endless":false,"potions_floor_spawned":[2,8,16,19,24,31],"killed_by":"Collector","ascension_level":20}