{"gold_per_floor":[113,213,227,227,244,244,274,274,323,323,341,359,207,226,226,326,326,345,330,230,250,125,125,125],"floor_reached":24,"playtime":778,"items_purged":["Strike_R","Strike_R","Strike_R"],"score":188,"play_id":"f530c11f-9c94-4285-8b3a-75ae24c6f182","local_time":"20190203003320","is_ascension_mode":false,"campfire_choices":[{"floor":6,"key":"RECALL"},{"data":"Bash","floor":8,"key":"SMITH"},{"data":"True Grit","floor":10,"key":"SMITH"},{"data":"True Grit","floor":15,"key":"SMITH"},{"data":"Barricade","floor":23,"key":"SMITH"}],"neow_cost":"NONE","seed_source_timestamp":112512172446110,"circlet_count":0,"master_deck":["Strike_R","Strike_R","Defend_R","Defend_R","Defend_R","Defend_R","Bash+1","True Grit+1","Iron Wave","Flame Barrier","Feed","Twin Strike","Pommel Strike","Metallicize","True Grit+1","Barricade+1","Thunderclap","Pommel Strike","Inflame+1"],"relics":["Burning Blood","Mercury Hourglass","Odd Mushroom","Oddly Smooth Stone","Philosopher\u0027s Stone"],"potions_floor_usage":[16,16],"damage_taken":[{"damage":10,"enemies":"Small Slimes","floor":1,"turns":4},{"damage":0,"enemies":"Cultist","floor":3,"turns":4},{"damage":4,"enemies":"2 Louse","floor":5,"turns":2},{"damage":14,"enemies":"The Mushroom Lair","floor":7,"turns":4},{"damage":12,"enemies":"Blue Slaver","floor":11,"turns":4},{"damage":5,"enemies":"Exordium Wildlife","floor":12,"turns":4},{"damage":0,"enemies":"2 Fungi Beasts","floor":14,"turns":3},{"damage":32,"enemies":"Slime Boss","floor":16,"turns":10},{"damage":20,"enemies":"3 Byrds","floor":18,"turns":6},{"damage":15,"enemies":"2 Thieves","floor":19,"turns":4},{"damage":16,"enemies":"Chosen and Byrds","floor":21,"turns":7},{"damage":64,"enemies":"Gremlin Leader","floor":24,"turns":4}],"seed_played":"-2872111225768464154","potions_obtained":[{"floor":3,"key":"EssenceOfSteel"},{"floor":7,"key":"Strength Potion"},{"floor":12,"key":"Dexterity Potion"},{"floor":16,"key":"GamblersBrew"},{"floor":21,"key":"Strength Potion"}],"is_trial":false,"path_per_floor":["M","?","M","?","M","R","?","R","T","R","M","M","$","M","R","B",null,"M","M","$","M","$","R","E"],"character_chosen":"IRONCLAD","items_purchased":["Metallicize"],"campfire_rested":0,"item_purchase_floors":[13],"current_hp_per_floor":[84,84,88,88,88,88,80,80,80,80,74,75,75,81,81,58,91,80,71,71,61,61,61,0],"gold":125,"neow_bonus":"TEN_PERCENT_HP_BONUS","is_prod":false,"is_daily":false,"chose_seed":false,"campfire_upgraded":4,"win_rate":0,"timestamp":1549125200,"path_taken":["M","?","?","?","?","R","?","R","T","R","M","M","$","M","R","BOSS","M","M","$","M","$","R","E"],"build_version":"2019-01-23","purchased_purges":3,"victory":false,"max_hp_per_floor":[88,88,88,88,88,88,88,88,88,88,88,88,88,88,88,91,91,94,94,94,94,94,94,94],"card_choices":[{"not_picked":["Wild Strike","Seeing Red"],"picked":"True Grit","floor":1},{"not_picked":["Fire Breathing","Headbutt"],"picked":"Iron Wave","floor":3},{"not_picked":["Thunderclap","Headbutt"],"picked":"Flame Barrier","floor":5},{"not_picked":["Dual Wield","Rage"],"picked":"Feed","floor":7},{"not_picked":["Thunderclap","Headbutt"],"picked":"Twin Strike","floor":11},{"not_picked":["Sword Boomerang","Armaments"],"picked":"Pommel Strike","floor":12},{"not_picked":["Searing Blow","Anger"],"picked":"True Grit","floor":14},{"not_picked":["Double Tap","Brutality"],"picked":"Barricade","floor":16},{"not_picked":["Bloodletting","Perfected Strike"],"picked":"Thunderclap","floor":18},{"not_picked":["Body Slam+1","Headbutt+1"],"picked":"Pommel Strike","floor":19},{"not_picked":["Feed","Thunderclap+1"],"picked":"Inflame+1","floor":21}],"player_experience":179706,"relics_obtained":[{"floor":7,"key":"Odd Mushroom"},{"floor":9,"key":"Oddly Smooth Stone"}],"event_choices":[{"damage_healed":0,"gold_gain":100,"player_choice":"Pray","damage_taken":0,"max_hp_gain":0,"max_hp_loss":0,"event_name":"Golden Shrine","floor":2,"gold_loss":0},{"damage_healed":0,"gold_gain":0,"player_choice":"Gave Potion","damage_taken":0,"relics_obtained":["Mercury Hourglass"],"max_hp_gain":0,"max_hp_loss":0,"event_name":"WeMeetAgain","floor":4,"gold_loss":0},{"damage_healed":0,"gold_gain":0,"player_choice":"Fought Mushrooms","damage_taken":0,"max_hp_gain":0,"max_hp_loss":0,"event_name":"Mushrooms","floor":7,"gold_loss":0}],"is_beta":false,"boss_relics":[{"not_picked":["Snecko Eye","White Beast Statue"],"picked":"Philosopher\u0027s Stone"}],"items_purged_floors":[13,20,22],"is_endless":false,"potions_floor_spawned":[3,7,12,16,21],"killed_by":"Gremlin Leader","ascension_level":0}