{"gold_per_floor":[118,118,130,146,159,192,39,39,88,99,125,125,160,16,16,16],"floor_reached":16,"playtime":981,"items_purged":[],"score":235,"play_id":"f183d22d-13cd-4f66-9143-a26656d4908d","local_time":"20190128223834","is_ascension_mode":true,"campfire_choices":[{"data":"Immolate","floor":8,"key":"SMITH"},{"floor":15,"key":"REST"}],"neow_cost":"CURSE","seed_source_timestamp":126996629176228,"circlet_count":0,"master_deck":["AscendersBane","Strike_R","Strike_R","Strike_R","Strike_R","Strike_R+1","Defend_R","Defend_R","Defend_R","Defend_R+1","Bash","Pommel Strike","Immolate+1","Metallicize","Sever Soul","Rage+1","Brutality+1","Bloodletting","Power Through","Wild Strike"],"relics":["Burning Blood","Pantograph","Lantern","Regal Pillow","War Paint","Strawberry","Dream Catcher"],"potions_floor_usage":[5,6,10,13],"damage_taken":[{"damage":9,"enemies":"Small Slimes","floor":1,"turns":5},{"damage":7,"enemies":"2 Louse","floor":3,"turns":3},{"damage":3,"enemies":"Jaw Worm","floor":4,"turns":4},{"damage":12,"enemies":"Exordium Wildlife","floor":5,"turns":2},{"damage":14,"enemies":"Gremlin Nob","floor":6,"turns":4},{"damage":0,"enemies":"2 Fungi Beasts","floor":10,"turns":2},{"damage":8,"enemies":"3 Sentries","floor":11,"turns":4},{"damage":12,"enemies":"Gremlin Nob","floor":13,"turns":3},{"damage":100,"enemies":"Hexaghost","floor":16,"turns":14}],"seed_played":"8803825110199852608","potions_obtained":[{"floor":1,"key":"FearPotion"},{"floor":4,"key":"Block Potion"},{"floor":5,"key":"Swift Potion"},{"floor":6,"key":"Explosive Potion"}],"is_trial":false,"path_per_floor":["M","?","M","M","M","E","$","R","T","M","E","?","E","$","R","B"],"character_chosen":"IRONCLAD","items_purchased":["Lantern","Dream Catcher"],"campfire_rested":1,"item_purchase_floors":[7,14],"current_hp_per_floor":[79,79,78,81,75,67,67,67,67,73,71,44,45,45,88,0],"gold":16,"neow_bonus":"TWENTY_PERCENT_HP_BONUS","is_prod":false,"is_daily":false,"chose_seed":false,"campfire_upgraded":1,"win_rate":0,"timestamp":1548682714,"path_taken":["M","?","M","M","M","E","$","R","T","M","E","?","E","?","R","BOSS"],"build_version":"2019-01-23","purchased_purges":0,"victory":false,"max_hp_per_floor":[89,89,89,89,89,89,89,89,89,89,89,89,96,96,96,96],"card_choices":[{"not_picked":["Cleave","Thunderclap"],"picked":"Pommel Strike","floor":1},{"not_picked":["Infernal Blade","Pommel Strike"],"picked":"Immolate","floor":3},{"not_picked":["Anger","Heavy Blade"],"picked":"Metallicize","floor":4},{"not_picked":["Twin Strike","Body Slam"],"picked":"Sever Soul","floor":5},{"not_picked":["Wild Strike","Carnage"],"picked":"Rage","floor":6},{"not_picked":["Pummel","Twin Strike"],"picked":"Brutality","floor":10},{"not_picked":["Pommel Strike","Ghostly Armor"],"picked":"Bloodletting","floor":11},{"not_picked":["Clothesline","Wild Strike"],"picked":"Power Through","floor":13},{"not_picked":["Shrug It Off","Perfected Strike"],"picked":"Wild Strike","floor":15}],"player_experience":967763,"relics_obtained":[{"floor":6,"key":"Pantograph"},{"floor":9,"key":"Regal Pillow"},{"floor":11,"key":"War Paint"},{"floor":13,"key":"Strawberry"}],"event_choices":[{"cards_removed":["Writhe"],"damage_healed":0,"gold_gain":0,"player_choice":"Forget","damage_taken":0,"max_hp_gain":0,"max_hp_loss":0,"event_name":"Living Wall","floor":2,"gold_loss":0},{"damage_healed":0,"gold_gain":0,"player_choice":"Entered Light","damage_taken":27,"max_hp_gain":0,"max_hp_loss":0,"event_name":"Shining Light","floor":12,"gold_loss":0,"cards_upgraded":["Strike_R","Brutality"]}],"is_beta":false,"boss_relics":[],"items_purged_floors":[],"is_endless":false,"potions_floor_spawned":[1,4,5,6],"killed_by":"Hexaghost","ascension_level":15}