{"gold_per_floor":[117,134,144,159,159,159,191,266,341,341,353,353,31,31,31,127,127,142,153,68,68,81,81,108,108,157,174,174,174],"floor_reached":29,"playtime":1772,"items_purged":["Strike_R"],"score":243,"play_id":"8035f9ec-ba63-4edf-bb34-f30eb14deab1","local_time":"20190204230154","is_ascension_mode":false,"campfire_choices":[{"data":"Bash","floor":6,"key":"SMITH"},{"data":"Whirlwind","floor":10,"key":"SMITH"},{"data":"Spot Weakness","floor":12,"key":"SMITH"},{"data":"Clothesline","floor":15,"key":"SMITH"},{"data":"True Grit","floor":23,"key":"SMITH"},{"data":"Barricade","floor":28,"key":"SMITH"}],"neow_cost":"NONE","seed_source_timestamp":102637483222521,"circlet_count":0,"master_deck":["Strike_R","Strike_R","Strike_R","Defend_R+1","Defend_R","Defend_R+1","Defend_R","Bash+1","Headbutt","Clothesline+1","Impervious","Iron Wave","Whirlwind+1","Spot Weakness+1","Rampage+1","Battle Trance","Dramatic Entrance+1","Barricade+1","Armaments","Shockwave","Flame Barrier","True Grit+1","Perfected Strike+1","Pummel+1"],"relics":["Burning Blood","Juzu Bracelet","Thread and Needle","Molten Egg 2","Runic Cube","Bag of Preparation","War Paint","Frozen Egg 2","Regal Pillow"],"potions_floor_usage":[16,22,24,27,29,29],"damage_taken":[{"damage":5,"enemies":"Small Slimes","floor":1,"turns":3},{"damage":6,"enemies":"Cultist","floor":2,"turns":3},{"damage":8,"enemies":"2 Louse","floor":3,"turns":4},{"damage":5,"enemies":"2 Fungi Beasts","floor":4,"turns":4},{"damage":23,"enemies":"Lagavulin","floor":7,"turns":8},{"damage":0,"enemies":"Red Slaver","floor":11,"turns":4},{"damage":30,"enemies":"The Guardian","floor":16,"turns":9},{"damage":2,"enemies":"Chosen","floor":18,"turns":7},{"damage":29,"enemies":"2 Thieves","floor":19,"turns":4},{"damage":10,"enemies":"Chosen and Byrds","floor":22,"turns":10},{"damage":32,"enemies":"Gremlin Leader","floor":24,"turns":7},{"damage":2,"enemies":"3 Cultists","floor":27,"turns":4},{"damage":9,"enemies":"Colosseum Slavers","floor":29,"turns":2},{"damage":35,"enemies":"Colosseum Nobs","floor":29,"turns":5}],"seed_played":"-2280865017974600373","potions_obtained":[{"floor":2,"key":"SteroidPotion"},{"floor":7,"key":"Poison Potion"},{"floor":16,"key":"EssenceOfSteel"},{"floor":18,"key":"BloodPotion"},{"floor":24,"key":"SkillPotion"},{"floor":27,"key":"Weak Potion"}],"is_trial":false,"path_per_floor":["M","M","M","M","?","R","E","?","T","R","M","R","$","?","R","B",null,"M","M","?","?","M","R","E","?","T","M","R","?"],"character_chosen":"IRONCLAD","items_purchased":["Rampage+1","Battle Trance","Dramatic Entrance+1"],"campfire_rested":0,"item_purchase_floors":[13,13,13],"current_hp_per_floor":[80,80,78,79,79,79,62,51,51,51,57,57,57,57,57,33,80,80,57,57,57,61,61,35,35,35,39,39,1],"gold":174,"neow_bonus":"RANDOM_COMMON_RELIC","is_prod":false,"is_daily":false,"chose_seed":false,"campfire_upgraded":6,"win_rate":0.0,"timestamp":1549317714,"path_taken":["M","M","M","M","?","R","E","?","T","R","M","R","$","?","R","BOSS","M","M","?","?","M","R","E","?","T","M","R","?"],"build_version":"2019-01-23","purchased_purges":1,"victory":false,"max_hp_per_floor":[80,80,80,80,80,80,80,80,80,80,80,80,80,80,80,80,80,80,80,80,80,80,80,80,80,80,80,80,80],"card_choices":[{"not_picked":["Perfected Strike","Hemokinesis"],"picked":"Headbutt","floor":1},{"not_picked":["Warcry","Bloodletting"],"picked":"Clothesline","floor":2},{"not_picked":["Blood for Blood","Cleave"],"picked":"Impervious","floor":3},{"not_picked":["Burning Pact","Body Slam","Feel No Pain"],"picked":"SKIP","floor":4},{"not_picked":["True Grit","Pummel"],"picked":"Whirlwind","floor":7},{"not_picked":["Shrug It Off","Thunderclap+1"],"picked":"Spot Weakness","floor":11},{"not_picked":["Berserk","Feed+1"],"picked":"Barricade","floor":16},{"not_picked":["Intimidate+1","Cleave+1"],"picked":"Armaments","floor":18},{"not_picked":["Rampage+1","Flex+1"],"picked":"Shockwave","floor":19},{"not_picked":["Burning Pact","Sever Soul+1"],"picked":"True Grit","floor":22},{"not_picked":["Wild Strike+1","Dark Embrace"],"picked":"Perfected Strike+1","floor":24},{"not_picked":["Dual Wield","Sword Boomerang+1"],"picked":"Pummel+1","floor":27}],"player_experience":16892,"relics_obtained":[{"floor":7,"key":"Thread and Needle"},{"floor":9,"key":"Molten Egg 2"},{"floor":24,"key":"War Paint"},{"floor":25,"key":"Frozen Egg 2"},{"floor":26,"key":"Regal Pillow"}],"event_choices":[{"cards_removed":["Strike_R"],"damage_healed":0,"gold_gain":0,"player_choice":"Took Card","damage_taken":0,"max_hp_gain":0,"max_hp_loss":0,"event_name":"NoteForYourself","floor":5,"gold_loss":0,"cards_obtained":["Iron Wave"]},{"damage_healed":0,"gold_gain":75,"player_choice":"Gather Gold","damage_taken":11,"max_hp_gain":0,"max_hp_loss":0,"event_name":"World of Goop","floor":8,"gold_loss":0},{"damage_healed":0,"gold_gain":0,"player_choice":"Ignored","damage_taken":0,"max_hp_gain":0,"max_hp_loss":0,"event_name":"Liars Game","floor":14,"gold_loss":0},{"damage_healed":0,"gold_gain":0,"player_choice":"Obtained Relic","damage_taken":0,"relics_obtained":["Bag of Preparation"],"max_hp_gain":0,"max_hp_loss":0,"event_name":"Addict","floor":20,"gold_loss":85},{"damage_healed":0,"gold_gain":0,"player_choice":"Read","damage_taken":0,"max_hp_gain":0,"max_hp_loss":0,"event_name":"The Library","floor":21,"gold_loss":0,"cards_obtained":["Flame Barrier"]},{"damage_healed":0,"gold_gain":0,"player_choice":"Relic","damage_taken":0,"max_hp_gain":0,"max_hp_loss":0,"event_name":"Wheel of Change","floor":25,"gold_loss":0},{"damage_healed":0,"gold_gain":0,"player_choice":"Fight","damage_taken":0,"max_hp_gain":0,"max_hp_loss":0,"event_name":"Colosseum","floor":29,"gold_loss":0},{"damage_healed":0,"gold_gain":0,"player_choice":"Fought Nobs","damage_taken":0,"max_hp_gain":0,"max_hp_loss":0,"event_name":"Colosseum","floor":29,"gold_loss":0}],"is_beta":false,"boss_relics":[{"not_picked":["Runic Pyramid","White Beast Statue"],"picked":"Runic Cube"}],"items_purged_floors":[13],"is_endless":false,"potions_floor_spawned":[2,7,16,18,19,24,27],"killed_by":"Colosseum Nobs","ascension_level":0}