{"gold_per_floor":[110,130,130,145,105,105,47,47,47,80,94,125,149,162,162,261,261,261,261,23,23,23,23],"floor_reached":23,"playtime":1809,"items_purged":[],"score":406,"play_id":"e77142d5-10f1-4989-ba7e-43b5cb51419a","local_time":"20190106220804","is_ascension_mode":true,"campfire_choices":[{"data":"Skewer","floor":6.0,"key":"SMITH"},{"data":"Predator","floor":8.0,"key":"SMITH"},{"data":"Dash","floor":15.0,"key":"SMITH"}],"neow_cost":"NONE","seed_source_timestamp":1769613207403545,"circlet_count":0,"master_deck":["AscendersBane","Defend_G","Defend_G","Defend_G","Defend_G","Defend_G","Strike_G","Strike_G","Strike_G","Strike_G","Survivor","Neutralize+1","Predator+1","Backstab","Skewer+1","Deflect","Poisoned Stab","Caltrops","Dash+1","Bullet Time","Backflip","Footwork","Dodge and Roll"],"special_seed":0,"relics":["Ring of the Snake","Golden Idol","Snake Skull","Bottled Flame","Blood Vial","Potion Belt","Ectoplasm","Happy Flower"],"potions_floor_usage":[23],"damage_taken":[{"damage":0.0,"enemies":"Small Slimes","floor":1.0,"turns":4.0},{"damage":1.0,"enemies":"2 Louse","floor":2.0,"turns":3.0},{"damage":0.0,"enemies":"Cultist","floor":4.0,"turns":2.0},{"damage":0.0,"enemies":"Looter","floor":5.0,"turns":4.0},{"damage":3.0,"enemies":"Gremlin Nob","floor":10.0,"turns":3.0},{"damage":0.0,"enemies":"Lots of Slimes","floor":11.0,"turns":5.0},{"damage":13.0,"enemies":"Lagavulin","floor":12.0,"turns":5.0},{"damage":2.0,"enemies":"Blue Slaver","floor":13.0,"turns":3.0},{"damage":0.0,"enemies":"Looter","floor":14.0,"turns":3.0},{"damage":11.0,"enemies":"The Guardian","floor":16.0,"turns":14.0},{"damage":16.0,"enemies":"Shell Parasite","floor":18.0,"turns":5.0},{"damage":0.0,"enemies":"3 Byrds","floor":19.0,"turns":5.0},{"damage":11.0,"enemies":"Cultist and Chosen","floor":22.0,"turns":7.0},{"damage":18,"enemies":"Gremlin Leader","floor":23,"turns":4}],"seed_played":"-616369241198659517","potions_obtained":[{"floor":1.0,"key":"GhostInAJar"},{"floor":2.0,"key":"Ancient Potion"},{"floor":4.0,"key":"FearPotion"},{"floor":10.0,"key":"GamblersBrew"},{"floor":12.0,"key":"Energy Potion"},{"floor":16.0,"key":"SneckoOil"},{"floor":18.0,"key":"Ancient Potion"}],"is_trial":false,"path_per_floor":["M","M","?","M","M","R","?","R","T","E","M","E","M","M","R","B",null,"M","M","$","?","M","E"],"character_chosen":"THE_SILENT","items_purchased":["Footwork","Happy Flower"],"campfire_rested":0,"item_purchase_floors":[20,20],"current_hp_per_floor":[59,58,58,58,58,58,58,58,58,55,57,46,46,48,48,39,55,41,43,43,43,34,18],"gold":23,"neow_bonus":"UPGRADE_CARD","is_prod":false,"is_daily":false,"chose_seed":false,"campfire_upgraded":3,"win_rate":0,"timestamp":1546841284,"path_taken":["M","M","?","M","M","R","?","R","T","E","M","E","M","M","R","BOSS","M","?","$","?","?","E"],"build_version":"2019-01-03v4","purchased_purges":0,"victory":false,"max_hp_per_floor":[66,66,60,60,60,60,60,60,60,60,60,60,60,60,60,60,60,60,60,60,60,60,60],"card_choices":[{"not_picked":["Bane","PiercingWail"],"picked":"Predator","floor":1.0},{"not_picked":["Sucker Punch","Distraction"],"picked":"Backstab","floor":2.0},{"not_picked":["Setup","Masterful Stab","Blade Dance"],"picked":"SKIP","floor":4.0},{"not_picked":["Calculated Gamble","Prepared"],"picked":"Skewer","floor":5.0},{"not_picked":["Flying Knee","Eviscerate","Poisoned Stab"],"picked":"SKIP","floor":10.0},{"not_picked":["Outmaneuver","Masterful Stab"],"picked":"Deflect","floor":11.0},{"not_picked":["Escape Plan","Catalyst"],"picked":"Poisoned Stab","floor":12.0},{"not_picked":["Underhanded Strike","Tactician"],"picked":"Caltrops","floor":13.0},{"not_picked":["Finisher","Outmaneuver"],"picked":"Dash","floor":14.0},{"not_picked":["Tools of the Trade","Doppelganger"],"picked":"Bullet Time","floor":16.0},{"not_picked":["Dagger Throw","Expertise","Blur"],"picked":"SKIP","floor":18.0},{"not_picked":["Choke","Poisoned Stab"],"picked":"Backflip","floor":19.0},{"not_picked":["Flying Knee","Quick Slash"],"picked":"Dodge and Roll","floor":22.0}],"player_experience":364352,"relics_obtained":[{"floor":9.0,"key":"Bottled Flame"},{"floor":10.0,"key":"Blood Vial"},{"floor":12.0,"key":"Potion Belt"}],"event_choices":[{"damage_healed":0.0,"max_hp_gain":0.0,"max_hp_loss":6.0,"gold_gain":0.0,"event_name":"Golden Idol","player_choice":"Lose Max HP","floor":3.0,"gold_loss":0.0,"damage_taken":0.0,"relics_obtained":["Golden Idol"]},{"damage_healed":0.0,"max_hp_gain":0.0,"max_hp_loss":0.0,"gold_gain":0.0,"event_name":"WeMeetAgain","player_choice":"Paid Gold","floor":7.0,"gold_loss":58.0,"damage_taken":0.0,"relics_obtained":["Snake Skull"]},{"cards_removed":["Strike_G"],"damage_healed":0.0,"max_hp_gain":0.0,"max_hp_loss":0.0,"gold_gain":0.0,"event_name":"Purifier","player_choice":"Purged","floor":21.0,"gold_loss":0.0,"damage_taken":0.0}],"is_beta":false,"boss_relics":[{"not_picked":["Ring of the Serpent","Black Star"],"picked":"Ectoplasm"}],"items_purged_floors":[],"is_endless":false,"potions_floor_spawned":[1,2,4,10,12,16,18],"killed_by":"Gremlin Leader","ascension_level":20}