{"gold_per_floor":[362,374,9,28,42,67,67,81,81,93,109,109,109,142,142,142],"floor_reached":16,"playtime":750,"items_purged":["Doubt"],"score":211,"play_id":"2f94c3e8-a0d2-495b-9867-66ba8fd2228a","local_time":"20190204225452","is_ascension_mode":true,"campfire_choices":[{"data":"Zap","floor":7,"key":"SMITH"},{"floor":13,"key":"REST"},{"floor":15,"key":"REST"}],"neow_cost":"CURSE","seed_source_timestamp":286820741935314,"circlet_count":0,"master_deck":["AscendersBane","Strike_B","Strike_B","Strike_B","Defend_B","Defend_B","Defend_B","Defend_B","Zap+1","Dualcast","Sweeping Beam","Genetic Algorithm","Defragment","Gash","Loop","Leap","Consume","Cold Snap"],"relics":["Cracked Core","ClockworkSouvenir","Mercury Hourglass","Blue Candle","Gremlin Horn"],"potions_floor_usage":[6,14],"damage_taken":[{"damage":0,"enemies":"Cultist","floor":1,"turns":3},{"damage":2,"enemies":"Jaw Worm","floor":2,"turns":4},{"damage":2,"enemies":"2 Louse","floor":4,"turns":3},{"damage":9,"enemies":"Looter","floor":5,"turns":3},{"damage":25,"enemies":"3 Sentries","floor":6,"turns":7},{"damage":6,"enemies":"Exordium Thugs","floor":8,"turns":4},{"damage":0,"enemies":"2 Fungi Beasts","floor":10,"turns":4},{"damage":7,"enemies":"Looter","floor":11,"turns":3},{"damage":21,"enemies":"Lagavulin","floor":14,"turns":5},{"damage":32,"enemies":"Hexaghost","floor":16,"turns":11}],"seed_played":"-7582408148407199591","potions_obtained":[{"floor":1,"key":"Poison Potion"},{"floor":5,"key":"GamblersBrew"}],"is_trial":false,"path_per_floor":["M","M","$","M","M","E","R","M","T","M","M","?","R","E","R","B"],"character_chosen":"DEFECT","items_purchased":["ClockworkSouvenir","Defragment"],"campfire_rested":2,"item_purchase_floors":[3,3],"current_hp_per_floor":[64,62,62,60,51,26,26,20,20,20,13,6,27,6,27,0],"gold":142,"neow_bonus":"TWO_FIFTY_GOLD","is_prod":false,"is_daily":false,"chose_seed":false,"campfire_upgraded":1,"win_rate":0,"timestamp":1549349692,"path_taken":["M","M","$","M","M","E","R","?","T","M","M","?","R","E","R","BOSS"],"build_version":"2019-01-23","purchased_purges":1,"victory":false,"max_hp_per_floor":[71,71,71,71,71,71,71,71,71,71,71,71,71,71,71,71],"card_choices":[{"not_picked":["Beam Cell","Rebound"],"picked":"Sweeping Beam","floor":1},{"not_picked":["Creative AI","Go for the Eyes"],"picked":"Genetic Algorithm","floor":2},{"not_picked":["Steam","Heatsinks"],"picked":"Gash","floor":4},{"not_picked":["Gash","Hello World"],"picked":"Loop","floor":5},{"not_picked":["Barrage","Steam"],"picked":"Leap","floor":6},{"not_picked":["Stack","Lockon","Capacitor"],"picked":"SKIP","floor":8},{"not_picked":["Sweeping Beam","Skim"],"picked":"Consume","floor":10},{"not_picked":["Hologram","Fusion","Doom and Gloom"],"picked":"SKIP","floor":11},{"not_picked":["Heatsinks","Multi-Cast"],"picked":"Cold Snap","floor":14}],"player_experience":498939,"relics_obtained":[{"floor":6,"key":"Mercury Hourglass"},{"floor":9,"key":"Blue Candle"},{"floor":14,"key":"Gremlin Horn"}],"event_choices":[{"cards_removed":["Strike_B"],"damage_healed":0,"gold_gain":0,"player_choice":"Card Removal","damage_taken":7,"max_hp_gain":0,"max_hp_loss":0,"event_name":"Golden Wing","floor":12,"gold_loss":0}],"is_beta":false,"boss_relics":[],"items_purged_floors":[3],"is_endless":false,"potions_floor_spawned":[1,5],"killed_by":"Hexaghost","ascension_level":17}