{"gold_per_floor":[118,118,130,46,46,46,81,81,81,81,94,121,137,171,171,171],"floor_reached":16,"playtime":1009,"items_purged":[],"score":207,"play_id":"6ba36fe9-e59f-4f96-ad87-c230215e5329","local_time":"20190128222200","is_ascension_mode":true,"campfire_choices":[{"floor":6.0,"key":"REST"},{"floor":10.0,"key":"REST"},{"floor":15,"key":"REST"}],"neow_cost":"NONE","seed_source_timestamp":125865532046633,"circlet_count":0,"master_deck":["AscendersBane","Strike_R","Strike_R","Strike_R","Strike_R","Defend_R","Defend_R","Defend_R","Defend_R","Bash","Sever Soul","Body Slam","Deep Breath","Regret","Feel No Pain","Evolve","Whirlwind","Sentinel","Rampage","Entrench"],"special_seed":0,"relics":["Burning Blood","PreservedInsect","Boot","Pen Nib","Gremlin Horn","Strawberry","Smiling Mask"],"potions_floor_usage":[14],"damage_taken":[{"damage":3.0,"enemies":"2 Louse","floor":1.0,"turns":4.0},{"damage":0.0,"enemies":"Small Slimes","floor":3.0,"turns":3.0},{"damage":39.0,"enemies":"Gremlin Nob","floor":7.0,"turns":4.0},{"damage":11.0,"enemies":"Cultist","floor":11.0,"turns":5.0},{"damage":1.0,"enemies":"3 Sentries","floor":12.0,"turns":5.0},{"damage":0.0,"enemies":"Gremlin Gang","floor":13.0,"turns":1.0},{"damage":30,"enemies":"Lagavulin","floor":14,"turns":8},{"damage":88,"enemies":"The Guardian","floor":16,"turns":11}],"seed_played":"-5101240620823817081","potions_obtained":[{"floor":1.0,"key":"Energy Potion"},{"floor":7.0,"key":"SteroidPotion"},{"floor":11.0,"key":"SpeedPotion"},{"floor":12.0,"key":"SkillPotion"}],"is_trial":false,"path_per_floor":["M","?","M","$","?","R","E","?","T","R","M","E","M","E","R","B"],"character_chosen":"IRONCLAD","items_purchased":["Deep Breath"],"campfire_rested":3,"item_purchase_floors":[4],"current_hp_per_floor":[78,52,58,58,58,82,49,49,49,73,68,80,86,62,88,0],"gold":171,"neow_bonus":"TEN_PERCENT_HP_BONUS","is_prod":false,"is_daily":false,"chose_seed":false,"campfire_upgraded":0,"win_rate":0,"timestamp":1548681720,"path_taken":["M","?","M","$","?","R","E","?","T","R","?","E","?","E","R","BOSS"],"build_version":"2019-01-23","purchased_purges":0,"victory":false,"max_hp_per_floor":[82,82,82,82,82,82,82,82,82,82,82,89,89,89,89,89],"card_choices":[{"not_picked":["Whirlwind","Sword Boomerang"],"picked":"Sever Soul","floor":1.0},{"not_picked":["Twin Strike","Anger"],"picked":"Body Slam","floor":3.0},{"not_picked":["Sever Soul","Bloodletting"],"picked":"Feel No Pain","floor":7.0},{"not_picked":["Rupture","Shrug It Off"],"picked":"Whirlwind","floor":11.0},{"not_picked":["Power Through","Clothesline"],"picked":"Sentinel","floor":12.0},{"not_picked":["Headbutt","Twin Strike"],"picked":"Rampage","floor":13.0},{"not_picked":["Flex","Sentinel"],"picked":"Entrench","floor":14}],"player_experience":966754,"relics_obtained":[{"floor":7.0,"key":"Pen Nib"},{"floor":9.0,"key":"Gremlin Horn"},{"floor":12.0,"key":"Strawberry"},{"floor":14,"key":"Smiling Mask"}],"event_choices":[{"damage_healed":0.0,"max_hp_gain":0.0,"max_hp_loss":0.0,"gold_gain":0.0,"event_name":"Scrap Ooze","player_choice":"Success","floor":2.0,"gold_loss":0.0,"damage_taken":26.0,"relics_obtained":["PreservedInsect"]},{"damage_healed":0.0,"max_hp_gain":0.0,"max_hp_loss":0.0,"gold_gain":0.0,"event_name":"Big Fish","player_choice":"Box","floor":5.0,"gold_loss":0.0,"damage_taken":0.0,"relics_obtained":["Boot"],"cards_obtained":["Regret"]},{"damage_healed":0.0,"max_hp_gain":0.0,"max_hp_loss":0.0,"gold_gain":0.0,"cards_transformed":["Strike_R"],"event_name":"Transmorgrifier","player_choice":"Transformed","floor":8.0,"gold_loss":0.0,"damage_taken":0.0,"cards_obtained":["Evolve"]}],"is_beta":false,"boss_relics":[],"items_purged_floors":[],"is_endless":false,"potions_floor_spawned":[1,7,11,12],"killed_by":"The Guardian","ascension_level":15}