{"gold_per_floor":[212,158,158,158,158,158,199,199,199,274,314,314,333,349,349,469,469,493,493,517,531,554,554,595,595,595,595,449,449,467,483,483,483],"floor_reached":33,"playtime":930,"items_purged":[],"score":253,"play_id":"4ba16b28-27e3-419b-87b5-519bd6fa6558","local_time":"20181205223306","is_ascension_mode":false,"campfire_choices":[{"data":"Dualcast","floor":6.0,"key":"SMITH"},{"data":"Zap","floor":12.0,"key":"SMITH"},{"data":"Lockon","floor":15.0,"key":"SMITH"},{"data":"Rainbow","floor":23,"key":"SMITH"},{"floor":25,"key":"REST"},{"data":"Capacitor","floor":29,"key":"SMITH"},{"floor":32,"key":"REST"}],"neow_cost":"NONE","seed_source_timestamp":602389782805944,"circlet_count":0,"master_deck":["Strike_B+1","Strike_B+1","Strike_B","Strike_B","Defend_B","Defend_B","Defend_B","Defend_B","Zap+1","Dualcast+1","Cold Snap","Conserve Battery","Lockon+1","Undo","Rainbow+1","Go for the Eyes+1","Capacitor+1"],"special_seed":0,"relics":["Cracked Core","Golden Idol","Anchor","Mummified Hand","Gremlin Horn","Sozu","Red Mask","Question Card","Whetstone"],"potions_floor_usage":[16,24],"damage_taken":[{"damage":0.0,"enemies":"2 Louse","floor":1.0,"turns":2.0},{"damage":12.0,"enemies":"Lagavulin","floor":7.0,"turns":9.0},{"damage":21.0,"enemies":"Gremlin Nob","floor":11.0,"turns":5.0},{"damage":0.0,"enemies":"Jaw Worm","floor":13.0,"turns":3.0},{"damage":0.0,"enemies":"Small Slimes","floor":14.0,"turns":2.0},{"damage":12,"enemies":"The Guardian","floor":16,"turns":12},{"damage":0,"enemies":"Shell Parasite","floor":18,"turns":6},{"damage":5,"enemies":"Spheric Guardian","floor":20,"turns":5},{"damage":4,"enemies":"Snecko","floor":21,"turns":6},{"damage":18,"enemies":"Cultist and Chosen","floor":22,"turns":6},{"damage":28,"enemies":"Masked Bandits","floor":24,"turns":4},{"damage":23,"enemies":"Centurion and Healer","floor":30,"turns":6},{"damage":19,"enemies":"Sentry and Sphere","floor":31,"turns":6},{"damage":28,"enemies":"Champ","floor":33,"turns":11}],"seed_played":"-4683336431057040118","potions_obtained":[{"floor":11.0,"key":"SteroidPotion"},{"floor":13.0,"key":"Energy Potion"},{"floor":16,"key":"LiquidBronze"}],"is_trial":false,"path_per_floor":["M","$","?","$","?","R","E","$","T","?","E","R","M","M","R","B",null,"M","$","M","M","M","R","?","R","T","?","$","R","M","M","R","B"],"character_chosen":"DEFECT","items_purchased":["Conserve Battery","Whetstone"],"campfire_rested":2,"item_purchase_floors":[2,28],"current_hp_per_floor":[75,75,57,57,62,62,50,50,50,39,18,18,18,18,18,6,80,80,80,75,71,53,53,25,49,49,49,49,49,26,7,31,3],"gold":483,"neow_bonus":"HUNDRED_GOLD","is_prod":false,"is_daily":false,"chose_seed":false,"campfire_upgraded":5,"win_rate":0,"timestamp":1544049186,"path_taken":["M","$","?","$","?","R","E","?","T","?","E","R","M","M","R","BOSS","M","$","M","M","M","R","?","R","T","?","$","R","M","?","R","BOSS"],"build_version":"2018-11-15","purchased_purges":0,"victory":false,"max_hp_per_floor":[75,75,75,75,80,80,80,80,80,80,80,80,80,80,80,80,80,80,80,80,80,80,80,80,80,80,80,80,80,80,80,80,80],"card_choices":[{"not_picked":["Coolheaded","Redo"],"picked":"Cold Snap","floor":1.0},{"not_picked":["Rebound","Doom and Gloom","Conserve Battery"],"picked":"SKIP","floor":7.0},{"not_picked":["Redo","Leap","Steam"],"picked":"SKIP","floor":11.0},{"not_picked":["Barrage","Steam"],"picked":"Lockon","floor":13.0},{"not_picked":["Auto Shields","Hologram"],"picked":"Undo","floor":14.0},{"not_picked":["Reboot","Amplify"],"picked":"Rainbow","floor":16},{"not_picked":["Rebound","FTL","Recycle"],"picked":"SKIP","floor":18},{"not_picked":["Lockon","White Noise"],"picked":"Go for the Eyes","floor":20},{"not_picked":["Barrage","Fusion","Skim"],"picked":"SKIP","floor":21},{"not_picked":["Streamline","Doom and Gloom","Redo"],"picked":"SKIP","floor":22},{"not_picked":["Beam Cell","Ball Lightning"],"picked":"Capacitor","floor":24},{"not_picked":["Go for the Eyes","Reinforced Body+1","Steam","Leap"],"picked":"SKIP","floor":30},{"not_picked":["Leap","Consume","Redo","Reboot"],"picked":"SKIP","floor":31}],"player_experience":859791,"relics_obtained":[{"floor":7.0,"key":"Anchor"},{"floor":9.0,"key":"Mummified Hand"},{"floor":11.0,"key":"Gremlin Horn"},{"floor":24,"key":"Red Mask"},{"floor":26,"key":"Question Card"}],"event_choices":[{"damage_healed":0.0,"max_hp_gain":0.0,"max_hp_loss":0.0,"gold_gain":0.0,"event_name":"Golden Idol","player_choice":"Take Damage","floor":3.0,"gold_loss":0.0,"damage_taken":18.0,"relics_obtained":["Golden Idol"]},{"damage_healed":0.0,"max_hp_gain":5.0,"max_hp_loss":0.0,"gold_gain":0.0,"event_name":"Big Fish","player_choice":"Donut","floor":5.0,"gold_loss":0.0,"damage_taken":0.0},{"damage_healed":0.0,"max_hp_gain":0.0,"max_hp_loss":0.0,"gold_gain":75.0,"event_name":"World of Goop","player_choice":"Gather Gold","floor":10.0,"gold_loss":0.0,"damage_taken":11.0},{"damage_healed":0,"gold_gain":0,"player_choice":"Fought Bandits","damage_taken":0,"max_hp_gain":0,"max_hp_loss":0,"event_name":"Masked Bandits","floor":24,"gold_loss":0},{"damage_healed":0,"gold_gain":0,"player_choice":"Upgraded","damage_taken":0,"max_hp_gain":0,"max_hp_loss":0,"event_name":"Upgrade Shrine","floor":27,"gold_loss":0,"cards_upgraded":["Go for the Eyes"]}],"is_beta":false,"boss_relics":[{"not_picked":["Nuclear Battery","Snecko Eye"],"picked":"Sozu"}],"items_purged_floors":[],"is_endless":false,"potions_floor_spawned":[11,13,16,18,21],"killed_by":"Champ","ascension_level":0}