{"gold_per_floor":[215,215,234,234,255,255,280,280,280,313,313,313,388,431,431,552,552,570,239,239,259,27,27,90,90,90,90,27,27],"floor_reached":29,"playtime":2895,"items_purged":["Strike_R","Strike_R","Decay"],"score":395,"play_id":"f0678dfa-3ef4-4ea5-b282-a425852e40c8","local_time":"20190201105035","is_ascension_mode":true,"campfire_choices":[{"data":"Bash","floor":6,"key":"SMITH"},{"data":"Body Slam","floor":8,"key":"SMITH"},{"data":"Feed","floor":12,"key":"SMITH"},{"data":"Battle Trance","floor":15,"key":"SMITH"},{"data":"Inflame","floor":23,"key":"SMITH"}],"neow_cost":"NONE","seed_source_timestamp":385483701374900,"circlet_count":0,"master_deck":["AscendersBane","Strike_R","Strike_R","Defend_R","Defend_R","Defend_R","Defend_R","Bash+1","Battle Trance","Carnage","Shrug It Off","Body Slam+1","Feed+1","Battle Trance+1","Offering","Inflame","Corruption","Flash of Steel","True Grit","J.A.X.","Shockwave","Apotheosis","Dropkick","Inflame+1","Writhe"],"relics":["Burning Blood","Golden Idol","Letter Opener","Bottled Flame","Red Skull","Vajra","Cursed Key","Membership Card","Tiny Chest","Enchiridion","Ornamental Fan","Question Card"],"potions_floor_usage":[5,14,16,21,24],"damage_taken":[{"damage":24,"enemies":"Jaw Worm","floor":1,"turns":5},{"damage":3,"enemies":"2 Louse","floor":3,"turns":4},{"damage":1,"enemies":"Cultist","floor":5,"turns":3},{"damage":10,"enemies":"Exordium Thugs","floor":7,"turns":5},{"damage":12,"enemies":"3 Sentries","floor":10,"turns":8},{"damage":7,"enemies":"Lagavulin","floor":14,"turns":7},{"damage":25,"enemies":"The Guardian","floor":16,"turns":11},{"damage":7,"enemies":"2 Thieves","floor":18,"turns":3},{"damage":11,"enemies":"Shell Parasite","floor":21,"turns":3},{"damage":40,"enemies":"Slavers","floor":24,"turns":3},{"damage":14,"enemies":"Centurion and Healer","floor":29,"turns":1}],"seed_played":"-2776655398783871278","potions_obtained":[{"floor":1,"key":"AttackPotion"},{"floor":10,"key":"PowerPotion"},{"floor":14,"key":"Poison Potion"},{"floor":16,"key":"SteroidPotion"}],"is_trial":false,"path_per_floor":["M","?","M","?","M","R","M","R","T","E","T","R","?","E","R","B",null,"M","$","?","M","$","R","E","?","T","?","$","M"],"character_chosen":"IRONCLAD","items_purchased":["Membership Card","Corruption","Flash of Steel","True Grit","Apotheosis","Dropkick","Inflame","Dexterity Potion"],"campfire_rested":0,"item_purchase_floors":[19,19,19,19,22,22,22,22],"current_hp_per_floor":[54,54,57,57,62,62,58,58,58,52,52,52,41,40,40,21,61,64,64,64,59,59,59,29,13,13,13,13,0],"gold":27,"neow_bonus":"HUNDRED_GOLD","is_prod":false,"is_daily":false,"chose_seed":false,"campfire_upgraded":5,"win_rate":0,"timestamp":1549014635,"path_taken":["M","?","M","?","?","R","M","R","T","E","?","R","?","E","R","BOSS","M","$","?","M","$","R","E","?","T","?","$","M"],"build_version":"2019-01-23","purchased_purges":3,"victory":false,"max_hp_per_floor":[80,74,74,74,74,74,74,74,74,74,74,74,74,74,74,74,74,78,78,78,78,78,78,82,82,82,82,82,82],"card_choices":[{"not_picked":["Shrug It Off","Perfected Strike"],"picked":"Battle Trance","floor":1},{"not_picked":["Anger","Clash"],"picked":"Carnage","floor":3},{"not_picked":["Perfected Strike","Disarm"],"picked":"Shrug It Off","floor":5},{"not_picked":["Infernal Blade","Clash"],"picked":"Body Slam","floor":7},{"not_picked":["True Grit","Reckless Charge"],"picked":"Feed","floor":10},{"not_picked":["Headbutt","Uppercut"],"picked":"Battle Trance","floor":14},{"not_picked":["Brutality","Dark Embrace"],"picked":"Offering","floor":16},{"not_picked":["Clash","Anger+1"],"picked":"Inflame","floor":18},{"not_picked":["Corruption","Shrug It Off"],"picked":"Shockwave","floor":21},{"not_picked":["Blood for Blood","Flex","Battle Trance"],"picked":"SKIP","floor":24}],"player_experience":250574,"relics_obtained":[{"floor":9,"key":"Letter Opener"},{"floor":10,"key":"Bottled Flame"},{"floor":11,"key":"Red Skull"},{"floor":14,"key":"Vajra"},{"floor":24,"key":"Tiny Chest"},{"floor":25,"key":"Enchiridion"},{"floor":26,"key":"Ornamental Fan"}],"event_choices":[{"damage_healed":0,"gold_gain":0,"player_choice":"Lose Max HP","damage_taken":0,"relics_obtained":["Golden Idol"],"max_hp_gain":0,"max_hp_loss":6,"event_name":"Golden Idol","floor":2,"gold_loss":0},{"cards_removed":["Strike_R"],"damage_healed":0,"gold_gain":0,"player_choice":"Offered Basic","damage_taken":0,"max_hp_gain":0,"max_hp_loss":0,"event_name":"Bonfire Elementals","floor":4,"gold_loss":0},{"damage_healed":0,"gold_gain":75,"player_choice":"Gather Gold","damage_taken":11,"max_hp_gain":0,"max_hp_loss":0,"event_name":"World of Goop","floor":13,"gold_loss":0},{"damage_healed":0,"gold_gain":0,"player_choice":"Obtain J.A.X.","damage_taken":0,"max_hp_gain":0,"max_hp_loss":0,"event_name":"Drug Dealer","floor":20,"gold_loss":0,"cards_obtained":["J.A.X."]},{"damage_healed":0,"gold_gain":0,"player_choice":"Obtained Book","damage_taken":16,"max_hp_gain":0,"max_hp_loss":0,"event_name":"Cursed Tome","floor":25,"gold_loss":0},{"damage_healed":0,"gold_gain":0,"player_choice":"Opened","damage_taken":0,"relics_obtained":["Question Card"],"max_hp_gain":0,"max_hp_loss":0,"event_name":"The Mausoleum","floor":27,"gold_loss":0,"cards_obtained":["Writhe"]}],"is_beta":false,"boss_relics":[{"not_picked":["Philosopher\u0027s Stone","Fusion Hammer"],"picked":"Cursed Key"}],"items_purged_floors":[19,22,28],"is_endless":false,"potions_floor_spawned":[1,10,14,16],"killed_by":"Centurion and Healer","ascension_level":12}