{"gold_per_floor":[111,130,150,167,181,181,210,210,210,210,239,321,396,411,411,484,484,464,87,87,106,126,126,158,158,158,169,24,123,44,44],"floor_reached":31,"playtime":2365,"items_purged":[],"score":437,"play_id":"5c8d6631-9080-45b7-81e9-b16933076f96","local_time":"20181123182427","is_ascension_mode":true,"campfire_choices":[{"data":"All Out Attack","floor":6,"key":"SMITH"},{"floor":8,"key":"REST"},{"floor":15,"key":"REST"},{"floor":23,"key":"REST"}],"neow_cost":"NONE","seed_source_timestamp":269935282612676,"circlet_count":0,"master_deck":["AscendersBane","Defend_G","Defend_G","Defend_G","Defend_G+1","Defend_G","Strike_G","Strike_G","Strike_G+1","Strike_G+1","Strike_G+1","Survivor","Neutralize","Footwork","All Out Attack+1","Tactician","Footwork","Cloak And Dagger","Choke","Terror","Dagger Spray","Bullet Time","Underhanded Strike","Leg Sweep","Backflip","Malaise","Footwork+1","Predator"],"relics":["Runic Pyramid","Darkstone Periapt","Frozen Egg 2","Nunchaku","Ornamental Fan","HoveringKite","Oddly Smooth Stone","Centennial Puzzle","Ninja Scroll","Pen Nib","Bird Faced Urn","Pantograph","Whetstone"],"potions_floor_usage":[4,31],"damage_taken":[{"damage":12,"enemies":"Jaw Worm","floor":1,"turns":5},{"damage":5,"enemies":"Small Slimes","floor":2,"turns":5},{"damage":2,"enemies":"2 Louse","floor":3,"turns":3},{"damage":18,"enemies":"Lots of Slimes","floor":4,"turns":7},{"damage":0,"enemies":"Blue Slaver","floor":5,"turns":5},{"damage":18,"enemies":"3 Sentries","floor":7,"turns":8},{"damage":2,"enemies":"Lagavulin","floor":11,"turns":10},{"damage":10,"enemies":"3 Louse","floor":14,"turns":4},{"damage":10,"enemies":"Slime Boss","floor":16,"turns":12},{"damage":21,"enemies":"2 Thieves","floor":18,"turns":4},{"damage":6,"enemies":"Shell Parasite","floor":21,"turns":6},{"damage":16,"enemies":"Snecko","floor":22,"turns":7},{"damage":8,"enemies":"Slavers","floor":24,"turns":7},{"damage":24,"enemies":"Sentry and Sphere","floor":27,"turns":6},{"damage":16,"enemies":"Snake Plant","floor":31,"turns":2}],"seed_played":"-7463103301414398800","potions_obtained":[{"floor":3,"key":"Regen Potion"},{"floor":7,"key":"Dexterity Potion"},{"floor":14,"key":"SpeedPotion"},{"floor":18,"key":"SteroidPotion"}],"is_trial":false,"path_per_floor":["M","M","M","M","M","R","E","R","T","?","E","T","?","M","R","B",null,"M","$","?","M","M","R","E","T","T","M","$","?","$","M"],"character_chosen":"THE_SILENT","items_purchased":["Oddly Smooth Stone","Centennial Puzzle","Leg Sweep","Whetstone","Predator"],"campfire_rested":3,"item_purchase_floors":[19,19,19,28,30],"current_hp_per_floor":[51,46,44,41,41,41,23,44,44,30,28,28,17,7,28,18,57,36,36,36,30,14,35,27,27,27,9,9,9,9,0],"gold":44,"neow_bonus":"BOSS_RELIC","is_prod":false,"is_daily":false,"chose_seed":false,"campfire_upgraded":1,"win_rate":0,"timestamp":1543026267,"path_taken":["M","M","M","M","M","R","E","R","T","?","E","?","?","?","R","BOSS","M","$","?","M","M","R","E","?","T","M","$","?","?","M"],"build_version":"2018-11-15","purchased_purges":0,"victory":false,"max_hp_per_floor":[70,70,70,70,70,70,70,70,70,70,70,70,70,70,70,70,70,70,70,70,70,70,70,70,70,70,70,70,70,70,70],"card_choices":[{"not_picked":["Dagger Throw","Poisoned Stab"],"picked":"Footwork","floor":1},{"not_picked":["Outmaneuver","Masterful Stab"],"picked":"All Out Attack","floor":2},{"not_picked":["Dagger Throw","Distraction"],"picked":"Tactician","floor":3},{"not_picked":["Well Laid Plans","Predator"],"picked":"Footwork","floor":4},{"not_picked":["Blade Dance","Poisoned Stab"],"picked":"Cloak And Dagger","floor":5},{"not_picked":["Acrobatics","Catalyst"],"picked":"Choke","floor":7},{"not_picked":["Corpse Explosion","Heel Hook"],"picked":"Terror","floor":11},{"not_picked":["Flying Knee","Cloak And Dagger"],"picked":"Dagger Spray","floor":14},{"not_picked":["Venomology","Doppelganger"],"picked":"Bullet Time","floor":16},{"not_picked":["Cloak And Dagger","Masterful Stab"],"picked":"Underhanded Strike","floor":18},{"not_picked":["Sucker Punch","Tactician+1"],"picked":"Backflip","floor":21},{"not_picked":["Flying Knee","Quick Slash"],"picked":"Malaise","floor":22},{"not_picked":["Deflect","Choke"],"picked":"Footwork+1","floor":24},{"not_picked":["Endless Agony","Outmaneuver","Poisoned Stab"],"picked":"SKIP","floor":27}],"player_experience":125448,"relics_obtained":[{"floor":7,"key":"Darkstone Periapt"},{"floor":9,"key":"Frozen Egg 2"},{"floor":11,"key":"Nunchaku"},{"floor":12,"key":"Ornamental Fan"},{"floor":24,"key":"Pen Nib"},{"floor":25,"key":"Bird Faced Urn"},{"floor":26,"key":"Pantograph"}],"event_choices":[{"damage_healed":0,"gold_gain":0,"player_choice":"Entered Light","damage_taken":14,"max_hp_gain":0,"max_hp_loss":0,"event_name":"Shining Light","floor":10,"gold_loss":0,"cards_upgraded":["Defend_G","Strike_G"]},{"damage_healed":0,"gold_gain":75,"player_choice":"Gather Gold","damage_taken":11,"max_hp_gain":0,"max_hp_loss":0,"event_name":"World of Goop","floor":13,"gold_loss":0},{"damage_healed":0,"gold_gain":0,"player_choice":"Opened","damage_taken":0,"relics_obtained":["Ninja Scroll"],"max_hp_gain":0,"max_hp_loss":0,"event_name":"The Mausoleum","floor":20,"gold_loss":0},{"damage_healed":0,"gold_gain":99,"player_choice":"Stole From Cult","damage_taken":0,"max_hp_gain":0,"max_hp_loss":0,"event_name":"Nest","floor":29,"gold_loss":0}],"is_beta":false,"boss_relics":[{"not_picked":["Eternal Feather","Lizard Tail"],"picked":"HoveringKite"}],"items_purged_floors":[],"is_endless":false,"potions_floor_spawned":[3,7,14,16,18,21,24,27],"killed_by":"Snake Plant","ascension_level":13}