{"gold_per_floor":[114,114,114,130,150,150,164,164,164,0,25,25,45,61,61,159,159,180,63,78,78,78,78,78],"floor_reached":24,"playtime":1111,"items_purged":["Strike_G"],"score":357,"play_id":"47ae9cd1-97cd-41b0-866e-8e5ececdf33b","local_time":"20181219211047","is_ascension_mode":true,"campfire_choices":[{"data":"Catalyst","floor":6,"key":"SMITH"},{"data":"Deadly Poison","floor":8,"key":"SMITH"},{"data":"Noxious Fumes","floor":15,"key":"SMITH"},{"floor":23,"key":"REST"}],"neow_cost":"NONE","seed_source_timestamp":211874161710920,"circlet_count":0,"master_deck":["AscendersBane","Defend_G","Defend_G","Defend_G","Defend_G","Defend_G","Strike_G","Strike_G","Strike_G","Strike_G","Survivor","Neutralize+1","Catalyst+1","Deadly Poison+1","Catalyst","Noxious Fumes+1","Dash","Neutralize","Dodge and Roll","Crippling Poison","Adrenaline","Injury","Caltrops+1","Footwork+1","Bouncing Flask"],"relics":["Ring of the Snake","Golden Idol","Omamori","Calling Bell","Thread and Needle","Happy Flower","Frozen Egg 2"],"potions_floor_usage":[11,13,16,24],"damage_taken":[{"damage":1,"enemies":"Cultist","floor":1,"turns":4},{"damage":0,"enemies":"Jaw Worm","floor":4,"turns":5},{"damage":3,"enemies":"Small Slimes","floor":5,"turns":4},{"damage":6,"enemies":"Looter","floor":7,"turns":4},{"damage":9,"enemies":"2 Fungi Beasts","floor":11,"turns":4},{"damage":10,"enemies":"Gremlin Gang","floor":13,"turns":4},{"damage":3,"enemies":"Looter","floor":14,"turns":3},{"damage":20,"enemies":"The Guardian","floor":16,"turns":8},{"damage":21,"enemies":"3 Byrds","floor":18,"turns":7},{"damage":11,"enemies":"Spheric Guardian","floor":20,"turns":6},{"damage":39,"enemies":"Gremlin Leader","floor":24,"turns":6}],"seed_played":"-3995518636307691392","potions_obtained":[{"floor":1,"key":"PowerPotion"},{"floor":4,"key":"Fire Potion"},{"floor":11,"key":"Strength Potion"},{"floor":13,"key":"AttackPotion"},{"floor":20,"key":"GamblersBrew"}],"is_trial":false,"path_per_floor":["M","?","?","M","M","R","M","R","T","$","M","?","M","M","R","B",null,"M","$","M","$","?","R","E"],"character_chosen":"THE_SILENT","items_purchased":["Catalyst","Noxious Fumes","Footwork+1"],"campfire_rested":1,"item_purchase_floors":[10,10,19],"current_hp_per_floor":[64,64,64,64,61,61,55,55,55,55,46,46,36,33,33,13,52,31,31,20,20,20,39,0],"gold":78,"neow_bonus":"TEN_PERCENT_HP_BONUS","is_prod":false,"is_daily":false,"chose_seed":false,"campfire_upgraded":3,"win_rate":0,"timestamp":1545282647,"path_taken":["M","?","?","M","M","R","?","R","T","?","M","?","M","M","R","BOSS","M","?","M","$","?","R","E"],"build_version":"2018-12-13","purchased_purges":1,"victory":false,"max_hp_per_floor":[72,65,65,65,65,65,65,65,65,65,65,65,65,65,65,65,65,65,65,65,65,65,65,65],"card_choices":[{"not_picked":["Finisher","Leg Sweep","Blade Dance"],"picked":"SKIP","floor":1},{"not_picked":["Outmaneuver","Dagger Throw"],"picked":"Catalyst","floor":4},{"not_picked":["Setup","Masterful Stab","Underhanded Strike"],"picked":"SKIP","floor":5},{"not_picked":["Prepared","Outmaneuver"],"picked":"Deadly Poison","floor":7},{"not_picked":["Outmaneuver","Dagger Throw"],"picked":"Dash","floor":11},{"not_picked":["Predator","Expertise"],"picked":"Dodge and Roll","floor":13},{"not_picked":["Catalyst","Slice"],"picked":"Crippling Poison","floor":14},{"not_picked":["Glass Knife","Storm of Steel"],"picked":"Adrenaline","floor":16},{"not_picked":["Concentrate","Expertise"],"picked":"Caltrops+1","floor":18},{"not_picked":["Flying Knee","Dagger Throw"],"picked":"Bouncing Flask","floor":20}],"player_experience":174406,"relics_obtained":[{"floor":9,"key":"Omamori"},{"floor":17,"key":"Thread and Needle"},{"floor":17,"key":"Happy Flower"},{"floor":17,"key":"Frozen Egg 2"}],"event_choices":[{"damage_healed":0,"gold_gain":0,"player_choice":"Lose Max HP","damage_taken":0,"relics_obtained":["Golden Idol"],"max_hp_gain":0,"max_hp_loss":7,"event_name":"Golden Idol","floor":2,"gold_loss":0},{"damage_healed":0,"gold_gain":0,"player_choice":"Upgraded","damage_taken":0,"max_hp_gain":0,"max_hp_loss":0,"event_name":"Upgrade Shrine","floor":3,"gold_loss":0,"cards_upgraded":["Neutralize"]},{"damage_healed":0,"gold_gain":0,"player_choice":"1 cards matched","damage_taken":0,"max_hp_gain":0,"max_hp_loss":0,"event_name":"Match and Keep!","floor":12,"gold_loss":0,"cards_obtained":["Neutralize"]}],"is_beta":false,"boss_relics":[{"not_picked":["Velvet Choker","HoveringKite"],"picked":"Calling Bell"}],"items_purged_floors":[19],"is_endless":false,"potions_floor_spawned":[1,4,11,13,20],"killed_by":"Gremlin Leader","ascension_level":18}