{"gold_per_floor":[109,29,29,29,47,47,88,102,102,120,159,159,9,9,9,134,134,150,150,165,22,38,38,77,27,27,58,58,78,117,140,140,266,266,281,381,401,426,451,451],"floor_reached":40,"playtime":2131,"items_purged":["Strike_B"],"score":641,"play_id":"5eaa6e13-a0bc-4f4e-adbb-951dc9a9f87e","local_time":"20190103004433","is_ascension_mode":true,"campfire_choices":[{"data":"Zap","floor":6,"key":"SMITH"},{"data":"Defragment","floor":12,"key":"SMITH"},{"floor":15,"key":"REST"},{"floor":23,"key":"REST"},{"floor":28,"key":"REST"},{"floor":32,"key":"REST"}],"neow_cost":"NONE","seed_source_timestamp":1433256080175842,"circlet_count":0,"master_deck":["Strike_B","Strike_B","Defend_B","Defend_B","Defend_B","Defend_B","Zap+1","Dualcast","Steam","Capacitor+1","Sunder","Core Surge","Defragment+1","Chill","Echo Form+1","Tempest","Fission","Go for the Eyes+1","Cold Snap+1","Ball Lightning","Auto Shields","Steam+1","Barrage+1","Compile Driver+1","Leap+1","Creative AI","Capacitor","Skim+1","Coolheaded","Leap+1"],"relics":["Cracked Core","Golden Idol","Mango","Kunai","Letter Opener","Fusion Hammer","Orichalcum","Matryoshka","Mummified Hand","Dream Catcher","Molten Egg 2","Dodecahedron","Runic Pyramid"],"potions_floor_usage":[11,27,30,30,35],"damage_taken":[{"damage":9,"enemies":"2 Louse","floor":1,"turns":3},{"damage":2,"enemies":"Jaw Worm","floor":5,"turns":4},{"damage":24,"enemies":"3 Sentries","floor":7,"turns":8},{"damage":0,"enemies":"Small Slimes","floor":8,"turns":3},{"damage":4,"enemies":"2 Fungi Beasts","floor":10,"turns":3},{"damage":5,"enemies":"Lagavulin","floor":11,"turns":7},{"damage":22,"enemies":"Hexaghost","floor":16,"turns":8},{"damage":18,"enemies":"Shell Parasite","floor":18,"turns":7},{"damage":1,"enemies":"Chosen","floor":20,"turns":4},{"damage":26,"enemies":"Snake Plant","floor":22,"turns":3},{"damage":2,"enemies":"Gremlin Leader","floor":24,"turns":7},{"damage":8,"enemies":"Book of Stabbing","floor":27,"turns":5},{"damage":10,"enemies":"Centurion and Healer","floor":29,"turns":6},{"damage":35,"enemies":"Slavers","floor":30,"turns":4},{"damage":0,"enemies":"Chosen and Byrds","floor":31,"turns":5},{"damage":42,"enemies":"Automaton","floor":33,"turns":7},{"damage":25,"enemies":"3 Darklings","floor":35,"turns":4},{"damage":22,"enemies":"Orb Walker","floor":37,"turns":4},{"damage":22,"enemies":"Maw","floor":38,"turns":5},{"damage":0,"enemies":"3 Darklings","floor":39,"turns":5},{"damage":4,"enemies":"Giant Head","floor":40,"turns":1}],"seed_played":"6378412246025225876","potions_obtained":[{"floor":1,"key":"Energy Potion"},{"floor":7,"key":"PowerPotion"},{"floor":8,"key":"Strength Potion"},{"floor":11,"key":"LiquidBronze"},{"floor":27,"key":"SteroidPotion"},{"floor":29,"key":"GamblersBrew"},{"floor":33,"key":"Fire Potion"},{"floor":35,"key":"LiquidBronze"}],"is_trial":false,"path_per_floor":["M","$","?","?","M","R","E","M","T","M","E","R","$","?","R","B",null,"M","?","M","$","M","R","E","$","T","E","R","M","E","M","R","B",null,"M","?","M","M","M","E"],"character_chosen":"DEFECT","items_purchased":["Capacitor","Tempest","Orichalcum","Explosive Potion"],"campfire_rested":4,"item_purchase_floors":[2,13,21,25],"current_hp_per_floor":[66,66,66,59,57,57,47,47,47,43,38,38,38,20,47,25,74,56,56,55,55,29,56,54,54,54,46,73,63,28,28,55,13,71,46,46,24,2,2,0],"gold":451,"neow_bonus":"TEN_PERCENT_HP_BONUS","is_prod":false,"is_daily":false,"chose_seed":false,"campfire_upgraded":2,"win_rate":0,"timestamp":1546505073,"path_taken":["M","$","?","?","M","R","E","M","T","M","E","R","?","?","R","BOSS","M","?","?","?","M","R","E","$","T","E","R","M","E","M","R","BOSS","M","?","?","M","?","E"],"build_version":"2018-12-20","purchased_purges":1,"victory":false,"max_hp_per_floor":[82,82,76,76,76,76,90,90,90,90,90,90,90,90,90,90,90,90,90,90,90,90,90,90,90,90,90,90,90,90,90,90,90,90,90,90,90,90,90,90],"card_choices":[{"not_picked":["Force Field","Consume"],"picked":"Steam","floor":1},{"not_picked":["Force Field","Aggregate"],"picked":"Sunder","floor":5},{"not_picked":["Go for the Eyes","Skim"],"picked":"Core Surge","floor":7},{"not_picked":["Steam","Redo"],"picked":"Defragment","floor":8},{"not_picked":["Redo","Hologram"],"picked":"Chill","floor":10},{"not_picked":["Turbo","Fusion"],"picked":"Echo Form","floor":11},{"not_picked":["Buffer","Meteor Strike"],"picked":"Fission","floor":16},{"not_picked":["Reprogram","Stack"],"picked":"Go for the Eyes","floor":18},{"not_picked":["Coolheaded","Steam Power+1"],"picked":"Cold Snap+1","floor":20},{"not_picked":["Streamline","Beam Cell"],"picked":"Ball Lightning","floor":22},{"not_picked":["Streamline","Loop","Stack"],"picked":"SKIP","floor":24},{"not_picked":["Steam","Beam Cell+1"],"picked":"Auto Shields","floor":27},{"not_picked":["Hologram","Go for the Eyes+1"],"picked":"Steam+1","floor":28},{"not_picked":["Melter+1","Meteor Strike+1"],"picked":"Barrage+1","floor":29},{"not_picked":["Cold Snap+1","Reprogram"],"picked":"Compile Driver+1","floor":30},{"not_picked":["Streamline+1","Redo+1","Ball Lightning+1"],"picked":"SKIP","floor":31},{"not_picked":["Conserve Battery","Scrape+1"],"picked":"Leap+1","floor":32},{"not_picked":["Meteor Strike+1","Seek"],"picked":"Creative AI","floor":33},{"not_picked":["Coolheaded","Redo"],"picked":"Capacitor","floor":35},{"not_picked":["Rebound+1","Beam Cell+1"],"picked":"Skim+1","floor":37},{"not_picked":["Static Discharge","Thunder Strike+1"],"picked":"Coolheaded","floor":38},{"not_picked":["Redo+1","Compile Driver+1"],"picked":"Leap+1","floor":39}],"player_experience":321891,"relics_obtained":[{"floor":7,"key":"Mango"},{"floor":9,"key":"Kunai"},{"floor":11,"key":"Letter Opener"},{"floor":24,"key":"Matryoshka"},{"floor":26,"key":"Mummified Hand"},{"floor":26,"key":"Dream Catcher"},{"floor":27,"key":"Molten Egg 2"},{"floor":30,"key":"Dodecahedron"}],"event_choices":[{"damage_healed":0,"gold_gain":0,"player_choice":"Lose Max HP","damage_taken":0,"relics_obtained":["Golden Idol"],"max_hp_gain":0,"max_hp_loss":6,"event_name":"Golden Idol","floor":3,"gold_loss":0},{"cards_removed":["Strike_B"],"damage_healed":0,"gold_gain":0,"player_choice":"Card Removal","damage_taken":7,"max_hp_gain":0,"max_hp_loss":0,"event_name":"Golden Wing","floor":4,"gold_loss":0},{"damage_healed":0,"gold_gain":0,"player_choice":"Entered Light","damage_taken":18,"max_hp_gain":0,"max_hp_loss":0,"event_name":"Shining Light","floor":14,"gold_loss":0,"cards_upgraded":["Capacitor","Echo Form"]},{"damage_healed":0,"gold_gain":0,"player_choice":"Upgraded","damage_taken":0,"max_hp_gain":0,"max_hp_loss":0,"event_name":"Upgrade Shrine","floor":19,"gold_loss":0,"cards_upgraded":["Go for the Eyes"]},{"damage_healed":0,"gold_gain":100,"player_choice":"Pray","damage_taken":0,"max_hp_gain":0,"max_hp_loss":0,"event_name":"Golden Shrine","floor":36,"gold_loss":0}],"is_beta":false,"boss_relics":[{"not_picked":["Cursed Key","Snecko Eye"],"picked":"Fusion Hammer"},{"not_picked":["Coffee Dripper","Velvet Choker"],"picked":"Runic Pyramid"}],"items_purged_floors":[13],"is_endless":false,"potions_floor_spawned":[1,7,8,11,24,27,29,33,35],"killed_by":"Giant Head","ascension_level":7}