{"gold_per_floor":[111,111,186,198,18,18,46,46,121,139,69,102,102,131,131,210,210,225,225,225,324,336,336,370,382,431,520,566,590,631,643,655,746,758,785,797],"floor_reached":36,"playtime":1759,"items_purged":[],"score":1089,"play_id":"ce6dddd9-22be-426c-bc88-b52a4430eeb4","local_time":"20190210175319","is_ascension_mode":true,"campfire_choices":[{"data":"Apotheosis","floor":6,"key":"SMITH"},{"floor":8,"key":"REST"},{"data":"Well Laid Plans","floor":13,"key":"SMITH"},{"floor":15,"key":"REST"},{"data":"Envenom","floor":23,"key":"SMITH"},{"floor":32,"key":"REST"}],"neow_cost":"NONE","seed_source_timestamp":1117770816385713,"circlet_count":0,"master_deck":["AscendersBane","Defend_G","Defend_G","Defend_G","Defend_G","Defend_G","Strike_G","Strike_G","Strike_G","Strike_G","Strike_G","Survivor","Neutralize","Poisoned Stab","Well Laid Plans+1","Apotheosis+1","Leg Sweep","Catalyst","Bouncing Flask","Terror","Corpse Explosion","Envenom+1","Acrobatics","Writhe","Ghostly","Ghostly","Ghostly","Ghostly","Ghostly","A Thousand Cuts+1","Dagger Throw+1","Normality","Writhe","Skewer","Doppelganger","Noxious Fumes+1","Envenom+1","Noxious Fumes+1"],"relics":["Ring of the Snake","NeowsBlessing","Orichalcum","Blue Candle","Bag of Preparation","Ancient Tea Set","Cursed Key","Frozen Egg 2","Du-Vu Doll","MawBank","The Courier","Vajra","Centennial Puzzle","Fusion Hammer"],"potions_floor_usage":[12,14,24,28],"damage_taken":[{"damage":0,"enemies":"Cultist","floor":1,"turns":1},{"damage":0,"enemies":"Jaw Worm","floor":4,"turns":1},{"damage":0,"enemies":"Lagavulin","floor":7,"turns":2},{"damage":0,"enemies":"2 Louse","floor":10,"turns":3},{"damage":12,"enemies":"3 Sentries","floor":12,"turns":7},{"damage":26,"enemies":"Gremlin Nob","floor":14,"turns":4},{"damage":0,"enemies":"The Guardian","floor":16,"turns":7},{"damage":3,"enemies":"Spheric Guardian","floor":18,"turns":3},{"damage":0,"enemies":"Shell Parasite","floor":22,"turns":5},{"damage":8,"enemies":"Gremlin Leader","floor":24,"turns":8},{"damage":0,"enemies":"Centurion and Healer","floor":25,"turns":5},{"damage":1,"enemies":"Book of Stabbing","floor":28,"turns":5},{"damage":17,"enemies":"Sentry and Sphere","floor":29,"turns":5},{"damage":1,"enemies":"Gremlin Leader","floor":30,"turns":5},{"damage":1,"enemies":"Automaton","floor":33,"turns":8},{"damage":17,"enemies":"3 Shapes","floor":35,"turns":5},{"damage":19,"enemies":"3 Darklings","floor":36,"turns":2}],"seed_played":"-1293032011174805805","potions_obtained":[{"floor":4,"key":"SkillPotion"},{"floor":10,"key":"AttackPotion"},{"floor":14,"key":"Strength Potion"},{"floor":18,"key":"Swift Potion"},{"floor":24,"key":"SpeedPotion"},{"floor":30,"key":"Ancient Potion"},{"floor":35,"key":"Poison Potion"}],"is_trial":false,"path_per_floor":["M","$","?","M","$","R","E","R","T","M","$","E","R","E","R","B",null,"M","?","?","?","M","R","E","M","T","T","E","M","E","?","R","B",null,"M","M"],"character_chosen":"THE_SILENT","items_purchased":["Apotheosis","Bouncing Flask"],"campfire_rested":3,"item_purchase_floors":[5,11],"current_hp_per_floor":[59,59,48,48,48,48,48,66,66,66,66,54,54,28,47,47,61,58,58,33,33,33,33,25,25,25,25,24,7,6,6,15,14,28,11,0],"gold":797,"neow_bonus":"THREE_ENEMY_KILL","is_prod":false,"is_daily":false,"chose_seed":false,"campfire_upgraded":3,"win_rate":0,"timestamp":1549842799,"path_taken":["M","?","?","M","$","R","E","R","T","M","?","E","R","E","R","BOSS","M","?","?","?","M","R","E","M","T","?","E","M","E","?","R","BOSS","M","?"],"build_version":"2019-01-23","purchased_purges":0,"victory":false,"max_hp_per_floor":[66,66,66,66,66,66,66,66,66,66,66,66,66,66,66,66,66,66,66,33,33,33,33,33,33,33,33,33,33,33,33,33,33,33,33,33],"card_choices":[{"not_picked":["Flying Knee","Sucker Punch"],"picked":"Poisoned Stab","floor":1},{"not_picked":["Choke","Terror"],"picked":"Well Laid Plans","floor":4},{"not_picked":["Predator","Slice"],"picked":"Leg Sweep","floor":7},{"not_picked":["Acrobatics","Dagger Throw"],"picked":"Catalyst","floor":10},{"not_picked":["Reflex","Flechettes"],"picked":"Terror","floor":12},{"not_picked":["Venomology","Tactician"],"picked":"Corpse Explosion","floor":14},{"not_picked":["Die Die Die","Unload"],"picked":"Envenom","floor":16},{"not_picked":["Prepared","PiercingWail"],"picked":"Acrobatics","floor":18},{"not_picked":["Masterful Stab","Eviscerate","Dodge and Roll"],"picked":"SKIP","floor":22},{"not_picked":["Underhanded Strike","Flechettes"],"picked":"A Thousand Cuts+1","floor":24},{"not_picked":["Flying Knee","Deflect"],"picked":"Dagger Throw+1","floor":25},{"not_picked":["Underhanded Strike","Outmaneuver+1"],"picked":"Skewer","floor":28},{"not_picked":["Eviscerate","Sucker Punch"],"picked":"Doppelganger","floor":29},{"not_picked":["Poisoned Stab","Slice"],"picked":"Noxious Fumes+1","floor":30},{"not_picked":["Unload","Bullet Time"],"picked":"Envenom+1","floor":33},{"not_picked":["Distraction","Dagger Throw"],"picked":"Noxious Fumes+1","floor":35}],"player_experience":555042,"relics_obtained":[{"floor":7,"key":"Orichalcum"},{"floor":9,"key":"Blue Candle"},{"floor":12,"key":"Bag of Preparation"},{"floor":14,"key":"Ancient Tea Set"},{"floor":24,"key":"Du-Vu Doll"},{"floor":26,"key":"MawBank"},{"floor":27,"key":"The Courier"},{"floor":28,"key":"Vajra"},{"floor":30,"key":"Centennial Puzzle"}],"event_choices":[{"damage_healed":0,"gold_gain":75,"player_choice":"Gather Gold","damage_taken":11,"max_hp_gain":0,"max_hp_loss":0,"event_name":"World of Goop","floor":3,"gold_loss":0},{"damage_healed":0,"gold_gain":0,"player_choice":"Opened","damage_taken":0,"relics_obtained":["Frozen Egg 2"],"max_hp_gain":0,"max_hp_loss":0,"event_name":"The Mausoleum","floor":19,"gold_loss":0,"cards_obtained":["Writhe"]},{"damage_healed":0,"gold_gain":0,"player_choice":"Became a Ghost","damage_taken":0,"max_hp_gain":0,"max_hp_loss":33,"event_name":"Ghosts","floor":20,"gold_loss":0,"cards_obtained":["Ghostly","Ghostly","Ghostly","Ghostly","Ghostly"]},{"damage_healed":0,"gold_gain":99,"player_choice":"Stole From Cult","damage_taken":0,"max_hp_gain":0,"max_hp_loss":0,"event_name":"Nest","floor":21,"gold_loss":0},{"damage_healed":0,"gold_gain":0,"player_choice":"Ignored","damage_taken":0,"max_hp_gain":0,"max_hp_loss":0,"event_name":"Fountain of Cleansing","floor":31,"gold_loss":0}],"is_beta":false,"boss_relics":[{"not_picked":["Sozu","WristBlade"],"picked":"Cursed Key"},{"not_picked":["Tiny House","Runic Dome"],"picked":"Fusion Hammer"}],"items_purged_floors":[],"is_endless":false,"potions_floor_spawned":[4,10,14,18,24,30,35],"killed_by":"3 Darklings","ascension_level":14}