{"gold_per_floor":[113,40,56,66,76,76,87,115,141,141,159,159,159,84,84,188,188,202,102,120,120,137,172,172,186,211,224,244,244,257,57,57,152,152,170,186,110,126,143,173,173,188,188,46,110,110,130,156,156,156],"floor_reached":51,"playtime":2133,"items_purged":["Regret","Strike_B","Defend_B"],"score":835,"play_id":"08426b98-289e-4e6f-8e7f-3f3bf175e0da","local_time":"20181113192432","is_ascension_mode":false,"campfire_choices":[{"data":"Defragment","floor":6.0,"key":"SMITH"},{"data":"Dualcast","floor":10.0,"key":"SMITH"},{"data":"Buffer","floor":12.0,"key":"SMITH"},{"data":"Zap","floor":15.0,"key":"SMITH"},{"data":"Chaos","floor":24,"key":"SMITH"},{"data":"Ball Lightning","floor":29,"key":"SMITH"},{"data":"Defragment","floor":32,"key":"SMITH"},{"data":"Defragment","floor":41,"key":"SMITH"},{"floor":46,"key":"REST"},{"data":"Go for the Eyes","floor":49,"key":"SMITH"}],"neow_cost":"NONE","seed_source_timestamp":2592788747051337,"circlet_count":0,"master_deck":["Strike_B","Strike_B","Strike_B","Defend_B","Defend_B","Defend_B","Zap+1","Dualcast+1","Chaos+1","Defragment+1","Coolheaded","Buffer+1","Cold Snap","Core Surge","Chill","Go for the Eyes+1","Conserve Battery","Ball Lightning+1","Defragment+1","Defragment+1","FTL+1","Loop+1","Electrodynamics","Thunder Strike+1","Loop+1"],"special_seed":0,"relics":["Cracked Core","Strawberry","Happy Flower","Oddly Smooth Stone","DataDisk","Orrery","SsserpentHead","Bag of Marbles","Blood Vial","Sozu","Kunai","Molten Egg 2","The Courier"],"potions_floor_usage":[23,23,36,36],"damage_taken":[{"damage":0.0,"enemies":"Cultist","floor":1.0,"turns":3.0},{"damage":6.0,"enemies":"Jaw Worm","floor":3.0,"turns":3.0},{"damage":7.0,"enemies":"Small Slimes","floor":4.0,"turns":5.0},{"damage":4.0,"enemies":"Blue Slaver","floor":5.0,"turns":3.0},{"damage":6.0,"enemies":"Exordium Thugs","floor":7.0,"turns":5.0},{"damage":0.0,"enemies":"Lagavulin","floor":8.0,"turns":7.0},{"damage":0.0,"enemies":"Exordium Wildlife","floor":11.0,"turns":4.0},{"damage":0.0,"enemies":"The Guardian","floor":16.0,"turns":11.0},{"damage":0.0,"enemies":"3 Byrds","floor":18.0,"turns":4.0},{"damage":0.0,"enemies":"Spheric Guardian","floor":20.0,"turns":4.0},{"damage":0.0,"enemies":"Snake Plant","floor":22.0,"turns":4.0},{"damage":10,"enemies":"Slavers","floor":23,"turns":9},{"damage":0,"enemies":"3 Cultists","floor":25,"turns":7},{"damage":0,"enemies":"Centurion and Healer","floor":27,"turns":12},{"damage":0,"enemies":"Shelled Parasite and Fungi","floor":28,"turns":5},{"damage":0,"enemies":"3 Cultists","floor":30,"turns":7},{"damage":2,"enemies":"Automaton","floor":33,"turns":11},{"damage":0,"enemies":"Orb Walker","floor":35,"turns":4},{"damage":16,"enemies":"3 Darklings","floor":36,"turns":8},{"damage":0,"enemies":"Sphere and 2 Shapes","floor":38,"turns":5},{"damage":3,"enemies":"Jaw Worm Horde","floor":39,"turns":4},{"damage":18,"enemies":"Nemesis","floor":40,"turns":9},{"damage":9,"enemies":"Writhing Mass","floor":42,"turns":6},{"damage":0,"enemies":"Maw","floor":45,"turns":7},{"damage":0,"enemies":"Spire Growth","floor":47,"turns":5},{"damage":1,"enemies":"Giant Head","floor":48,"turns":8},{"damage":40,"enemies":"Awakened One","floor":50,"turns":9}],"seed_played":"1766107913303580634","potions_obtained":[{"floor":4.0,"key":"AttackPotion"},{"floor":8.0,"key":"Explosive Potion"},{"floor":16.0,"key":"AttackPotion"},{"floor":18.0,"key":"Dexterity Potion"},{"floor":20.0,"key":"Block Potion"},{"floor":25,"key":"Block Potion"}],"is_trial":false,"path_per_floor":["M","$","M","M","M","R","M","E","T","R","M","R","?","$","R","B",null,"M","$","M","?","M","E","R","M","T","M","M","R","M","$","R","B",null,"M","M","$","M","M","E","R","M","T","$","M","R","M","E","R","B",null],"character_chosen":"DEFECT","items_purchased":["Defragment","Defragment","Defragment","Electrodynamics"],"campfire_rested":1,"item_purchase_floors":[2,31,37,44],"current_hp_per_floor":[82,82,76,69,65,65,59,59,59,59,59,59,59,59,59,59,82,82,82,82,82,82,72,72,72,72,74,76,76,78,78,78,78,82,82,66,66,68,67,51,51,44,44,44,46,70,72,73,73,35],"gold":156,"neow_bonus":"RANDOM_COMMON_RELIC","is_prod":false,"is_daily":false,"chose_seed":false,"campfire_upgraded":9,"win_rate":0,"timestamp":1542137072,"path_taken":["M","$","M","M","M","R","M","E","T","R","M","R","?","$","R","BOSS","M","$","M","?","M","E","R","M","T","M","M","R","M","$","R","BOSS","M","M","$","M","M","E","R","M","T","$","?","R","M","E","R","BOSS"],"build_version":"2018-11-08","purchased_purges":3,"victory":true,"max_hp_per_floor":[82,82,82,82,82,82,82,82,82,82,82,82,82,82,82,82,82,82,82,82,82,82,82,82,82,82,82,82,82,82,82,82,82,82,82,82,82,82,82,82,82,82,82,82,82,82,82,82,82,82],"card_choices":[{"not_picked":["Redo","Double Energy"],"picked":"Chaos","floor":1.0},{"not_picked":["Lockon","Stack"],"picked":"Coolheaded","floor":3.0},{"not_picked":["Gash","Turbo","Chaos"],"picked":"SKIP","floor":4.0},{"not_picked":["Barrage","Turbo","Redo"],"picked":"SKIP","floor":5.0},{"not_picked":["Gash","Rebound"],"picked":"Buffer","floor":7.0},{"not_picked":["Rebound","Sweeping Beam","Barrage"],"picked":"SKIP","floor":8.0},{"not_picked":["Barrage","Steam"],"picked":"Cold Snap","floor":11.0},{"not_picked":["Amplify","Creative AI"],"picked":"Core Surge","floor":16.0},{"not_picked":["Fusion","Darkness"],"picked":"Chill","floor":17.0},{"not_picked":["Leap","Blizzard"],"picked":"Go for the Eyes","floor":17.0},{"not_picked":["Beam Cell","Hologram+1","Force Field"],"picked":"SKIP","floor":18.0},{"not_picked":["Reinforced Body","Tempest","Sweeping Beam"],"picked":"SKIP","floor":20.0},{"not_picked":["Rip and Tear","Loop"],"picked":"Conserve Battery","floor":22.0},{"not_picked":["Amplify","Hologram+1","Sweeping Beam+1"],"picked":"SKIP","floor":23},{"not_picked":["Streamline+1","Beam Cell","Machine Learning"],"picked":"SKIP","floor":25},{"not_picked":["Leap","Steam","Stack"],"picked":"SKIP","floor":27},{"not_picked":["Conserve Battery","Chaos"],"picked":"Ball Lightning","floor":28},{"not_picked":["Barrage","Fission","Hello World+1"],"picked":"SKIP","floor":30},{"not_picked":["Gash","Barrage+1","Chaos"],"picked":"SKIP","floor":35},{"not_picked":["Beam Cell","Cold Snap+1","Streamline+1"],"picked":"SKIP","floor":36},{"not_picked":["Stack","Reprogram"],"picked":"FTL+1","floor":38},{"not_picked":["Aggregate+1","Turbo+1","Loop"],"picked":"SKIP","floor":39},{"not_picked":["Leap","White Noise"],"picked":"Loop+1","floor":40},{"not_picked":["Beam Cell","Go for the Eyes","Scrape+1"],"picked":"SKIP","floor":42},{"not_picked":["Gash+1","Chill+1"],"picked":"Thunder Strike+1","floor":45},{"not_picked":["Barrage+1","Coolheaded"],"picked":"Loop+1","floor":47},{"not_picked":["All For One+1","Genetic Algorithm+1","Sunder+1"],"picked":"SKIP","floor":48}],"player_experience":782146,"relics_obtained":[{"floor":8.0,"key":"Happy Flower"},{"floor":9.0,"key":"Oddly Smooth Stone"},{"floor":23,"key":"Bag of Marbles"},{"floor":26,"key":"Blood Vial"},{"floor":40,"key":"Kunai"},{"floor":43,"key":"Molten Egg 2"},{"floor":48,"key":"The Courier"}],"event_choices":[{"damage_healed":0.0,"max_hp_gain":0.0,"max_hp_loss":0.0,"gold_gain":0.0,"event_name":"Big Fish","player_choice":"Box","floor":13.0,"gold_loss":0.0,"damage_taken":0.0,"relics_obtained":["DataDisk"],"cards_obtained":["Regret"]},{"damage_healed":0.0,"max_hp_gain":0.0,"max_hp_loss":0.0,"gold_gain":0.0,"event_name":"FaceTrader","player_choice":"Trade","floor":21.0,"gold_loss":0.0,"damage_taken":0.0,"relics_obtained":["SsserpentHead"]}],"is_beta":false,"boss_relics":[{"not_picked":["Snecko Eye","Inserter"],"picked":"Orrery"},{"not_picked":["Fusion Hammer","Runic Pyramid"],"picked":"Sozu"}],"items_purged_floors":[14,19,31],"is_endless":false,"potions_floor_spawned":[4,8,16,18,20,25,36,39,40,45],"ascension_level":0}