{"gold_per_floor":[118,134,134,19,19,19,35,35,35,64,64,95,95,111,111,204,204,228,228,241,241,87,87,104,104,104,114,114,147,163,213,213,284,284,300,58,58,58],"floor_reached":39,"playtime":4248,"items_purged":["Strike_G","Strike_G"],"score":1080,"play_id":"02311ed4-fe1b-499f-928e-08134fdb48d8","local_time":"20190203042213","is_ascension_mode":true,"campfire_choices":[{"floor":6,"key":"REST"},{"data":"Neutralize","floor":8,"key":"SMITH"},{"data":"Noxious Fumes","floor":13,"key":"SMITH"},{"data":"Crippling Poison","floor":15,"key":"SMITH"},{"floor":23,"key":"REST"},{"data":"Noxious Fumes","floor":25,"key":"SMITH"},{"floor":28,"key":"REST"},{"floor":32,"key":"REST"}],"neow_cost":"NONE","seed_source_timestamp":108350995097900,"circlet_count":0,"master_deck":["AscendersBane","Defend_G","Defend_G","Defend_G+1","Defend_G","Defend_G","Strike_G+1","Strike_G","Survivor","Neutralize+1","Doppelganger","Slice","Noxious Fumes+1","Noxious Fumes+1","Backflip","Cloak And Dagger","Infinite Blades+1","Crippling Poison+1","Caltrops+1","Corpse Explosion","PiercingWail","Dodge and Roll+1","Noxious Fumes+1","Well Laid Plans+1","Leg Sweep","Burst","Terror","Deadly Poison","After Image+1","Well Laid Plans+1","Noxious Fumes+1","PiercingWail"],"relics":["Ring of the Serpent","Mercury Hourglass","Frozen Egg 2","Bloody Idol","Ancient Tea Set","Sozu","WingedGreaves","Darkstone Periapt"],"potions_floor_usage":[12,12,16],"damage_taken":[{"damage":0,"enemies":"Cultist","floor":1,"turns":5},{"damage":15,"enemies":"Jaw Worm","floor":2,"turns":7},{"damage":10,"enemies":"Small Slimes","floor":7,"turns":4},{"damage":3,"enemies":"Lagavulin","floor":10,"turns":6},{"damage":9,"enemies":"3 Sentries","floor":12,"turns":6},{"damage":3,"enemies":"Looter","floor":14,"turns":3},{"damage":2,"enemies":"The Guardian","floor":16,"turns":8},{"damage":11,"enemies":"2 Thieves","floor":18,"turns":3},{"damage":18,"enemies":"Spheric Guardian","floor":20,"turns":5},{"damage":19,"enemies":"Cultist and Chosen","floor":24,"turns":5},{"damage":19,"enemies":"Snake Plant","floor":27,"turns":4},{"damage":27,"enemies":"Slavers","floor":29,"turns":3},{"damage":0,"enemies":"Snecko","floor":30,"turns":5},{"damage":38,"enemies":"Champ","floor":33,"turns":11},{"damage":0,"enemies":"3 Shapes","floor":35,"turns":3},{"damage":50,"enemies":"Time Eater","floor":38,"turns":14}],"seed_played":"3173378754745121005","potions_obtained":[{"floor":1,"key":"GamblersBrew"},{"floor":10,"key":"Swift Potion"},{"floor":14,"key":"GhostInAJar"}],"is_trial":false,"path_per_floor":["M","M","?","$","?","R","M","R","T","E","?","E","R","M","R","B",null,"M","?","M","?","$","R","M","R","T","M","R","E","M","?","R","B",null,"M","$","?","B",null],"character_chosen":"THE_SILENT","items_purchased":["Noxious Fumes","Backflip","Well Laid Plans+1","Noxious Fumes+1","PiercingWail"],"campfire_rested":4,"item_purchase_floors":[4,4,22,36,36],"current_hp_per_floor":[59,44,24,24,24,43,33,33,33,30,30,21,21,18,18,16,49,38,38,25,25,25,43,29,29,29,15,33,11,16,21,39,6,47,52,52,52,2],"gold":58,"neow_bonus":"ONE_RANDOM_RARE_CARD","is_prod":false,"is_daily":false,"chose_seed":false,"campfire_upgraded":4,"win_rate":0,"timestamp":1549164133,"path_taken":["M","M","?","$","?","R","M","R","T","E","?","E","R","M","R","BOSS","M","?","M","?","$","R","M","R","T","?","R","E","M","?","R","BOSS","M","$","?","BOSS"],"build_version":"2019-01-23","purchased_purges":2,"victory":true,"max_hp_per_floor":[66,66,66,66,66,66,66,66,66,66,60,60,60,60,60,60,60,60,60,60,60,60,60,60,60,60,60,60,60,60,60,60,60,60,60,60,60,60],"card_choices":[{"not_picked":["Caltrops","Acrobatics"],"picked":"Slice","floor":1},{"not_picked":["Dagger Spray","Prepared"],"picked":"Noxious Fumes","floor":2},{"not_picked":["Accuracy","Quick Slash"],"picked":"Cloak And Dagger","floor":7},{"not_picked":["Masterful Stab","Slice"],"picked":"Infinite Blades","floor":10},{"not_picked":["Poisoned Stab","Cloak And Dagger"],"picked":"Crippling Poison","floor":12},{"not_picked":["Accuracy+1","Bane"],"picked":"Caltrops+1","floor":14},{"not_picked":["Unload","Grand Finale"],"picked":"Corpse Explosion","floor":16},{"not_picked":["Slice","Eviscerate"],"picked":"PiercingWail","floor":18},{"not_picked":["Cloak And Dagger+1","Crippling Poison"],"picked":"Dodge and Roll+1","floor":20},{"not_picked":["Dagger Throw","Calculated Gamble"],"picked":"Leg Sweep","floor":24},{"not_picked":["Blur","Sucker Punch"],"picked":"Burst","floor":27},{"not_picked":["Slice","Concentrate"],"picked":"Terror","floor":29},{"not_picked":["Deflect","Accuracy+1"],"picked":"Deadly Poison","floor":30},{"not_picked":["Malaise","Phantasmal Killer"],"picked":"After Image+1","floor":33},{"not_picked":["Flying Knee+1","Cloak And Dagger"],"picked":"Well Laid Plans+1","floor":35}],"player_experience":343389,"relics_obtained":[{"floor":9,"key":"Mercury Hourglass"},{"floor":10,"key":"Frozen Egg 2"},{"floor":12,"key":"Ancient Tea Set"},{"floor":26,"key":"WingedGreaves"},{"floor":29,"key":"Darkstone Periapt"}],"event_choices":[{"damage_healed":0,"gold_gain":0,"player_choice":"Entered Light","damage_taken":20,"max_hp_gain":0,"max_hp_loss":0,"event_name":"Shining Light","floor":3,"gold_loss":0,"cards_upgraded":["Defend_G","Strike_G"]},{"damage_healed":0,"gold_gain":0,"player_choice":"Leave","damage_taken":0,"max_hp_gain":0,"max_hp_loss":0,"event_name":"The Cleric","floor":5,"gold_loss":0},{"damage_healed":0,"gold_gain":0,"player_choice":"Lose Max HP","damage_taken":0,"relics_obtained":["Golden Idol"],"max_hp_gain":0,"max_hp_loss":6,"event_name":"Golden Idol","floor":11,"gold_loss":0},{"damage_healed":0,"gold_gain":0,"player_choice":"Gave Idol","damage_taken":0,"relics_obtained":["Bloody Idol"],"max_hp_gain":0,"max_hp_loss":0,"event_name":"Forgotten Altar","floor":19,"relics_lost":["Golden Idol"],"gold_loss":0},{"damage_healed":0,"gold_gain":0,"cards_transformed":["Strike_G"],"player_choice":"Transformed","damage_taken":0,"max_hp_gain":0,"max_hp_loss":0,"event_name":"Transmorgrifier","floor":21,"gold_loss":0,"cards_obtained":["Noxious Fumes"]},{"damage_healed":0,"gold_gain":50,"player_choice":"Stole From Cult","damage_taken":0,"max_hp_gain":0,"max_hp_loss":0,"event_name":"Nest","floor":31,"gold_loss":0},{"damage_healed":0,"gold_gain":0,"player_choice":"Took Portal","damage_taken":0,"max_hp_gain":0,"max_hp_loss":0,"event_name":"SecretPortal","floor":37,"gold_loss":0}],"is_beta":false,"boss_relics":[{"not_picked":["Runic Dome","Velvet Choker"],"picked":"Sozu"},{"not_picked":["Astrolabe","Orrery"],"picked":"Ring of the Serpent"}],"items_purged_floors":[22,36],"is_endless":false,"potions_floor_spawned":[1,10,14,18,20,24,33],"ascension_level":18}