{"gold_per_floor":[119,82,101,101,117,117,117,117,117,117,136,84,84,111,111,215,215,234,247,247,258,273,273,304,320,320,22,22,48,48,48,48,147,147,161,161,87,102,117,117,151,163,187,187,201,201,211,211,211,211],"floor_reached":51,"playtime":1667,"items_purged":["Defend_B"],"score":790,"play_id":"8462f4fb-4830-40e5-8cef-27df5d569bf2","local_time":"20181126181529","is_ascension_mode":false,"campfire_choices":[{"data":"Defragment","floor":6.0,"key":"SMITH"},{"data":"Defragment","floor":8.0,"key":"SMITH"},{"data":"Zap","floor":13.0,"key":"SMITH"},{"data":"Chaos","floor":15.0,"key":"SMITH"},{"data":"Go for the Eyes","floor":23.0,"key":"SMITH"},{"data":"Coolheaded","floor":28.0,"key":"SMITH"},{"data":"Rainbow","floor":30.0,"key":"SMITH"},{"floor":32.0,"key":"REST"},{"data":"Defragment","floor":40.0,"key":"SMITH"},{"floor":49,"key":"REST"}],"neow_cost":"NONE","seed_source_timestamp":768021631495577,"circlet_count":0,"master_deck":["Strike_B","Strike_B+1","Strike_B","Strike_B+1","Defend_B","Defend_B","Zap+1","Dualcast+1","Chaos+1","Coolheaded+1","Defragment+1","Defragment+1","Conserve Battery","Amplify","Go for the Eyes+1","Darkness+1","Ball Lightning+1","BootSequence","Rainbow+1","Biased Cognition","Defragment+1","Defragment+1","Conserve Battery+1","Writhe"],"special_seed":0,"relics":["FrozenCore","Shuriken","Boot","Lantern","Sundial","Letter Opener","Whetstone","Oddly Smooth Stone","Inserter","Pear","Toxic Egg 2"],"potions_floor_usage":[45,50],"damage_taken":[{"damage":0.0,"enemies":"2 Louse","floor":1.0,"turns":2.0},{"damage":2.0,"enemies":"Small Slimes","floor":3.0,"turns":4.0},{"damage":1.0,"enemies":"Jaw Worm","floor":5.0,"turns":3.0},{"damage":6.0,"enemies":"Blue Slaver","floor":11.0,"turns":5.0},{"damage":9.0,"enemies":"3 Sentries","floor":14.0,"turns":6.0},{"damage":53.0,"enemies":"Hexaghost","floor":16.0,"turns":11.0},{"damage":7.0,"enemies":"Spheric Guardian","floor":18.0,"turns":4.0},{"damage":3.0,"enemies":"Shell Parasite","floor":19.0,"turns":9.0},{"damage":1.0,"enemies":"Cultist and Chosen","floor":21.0,"turns":6.0},{"damage":8.0,"enemies":"Centurion and Healer","floor":22.0,"turns":8.0},{"damage":0.0,"enemies":"Book of Stabbing","floor":24.0,"turns":7.0},{"damage":8.0,"enemies":"Snake Plant","floor":25.0,"turns":4.0},{"damage":14.0,"enemies":"Slavers","floor":29.0,"turns":4.0},{"damage":30.0,"enemies":"Automaton","floor":33.0,"turns":8.0},{"damage":4.0,"enemies":"3 Shapes","floor":35.0,"turns":5.0},{"damage":4.0,"enemies":"Orb Walker","floor":38.0,"turns":4.0},{"damage":20.0,"enemies":"Jaw Worm Horde","floor":39.0,"turns":6.0},{"damage":3.0,"enemies":"Nemesis","floor":41.0,"turns":7.0},{"damage":14.0,"enemies":"Transient","floor":42.0,"turns":5.0},{"damage":14,"enemies":"4 Shapes","floor":45,"turns":6},{"damage":0,"enemies":"Maw","floor":47,"turns":6},{"damage":14,"enemies":"Donu and Deca","floor":50,"turns":10}],"seed_played":"2589965946927539427","potions_obtained":[{"floor":1.0,"key":"GamblersBrew"},{"floor":3.0,"key":"LiquidBronze"},{"floor":5.0,"key":"EssenceOfSteel"},{"floor":18.0,"key":"Weak Potion"},{"floor":21.0,"key":"GamblersBrew"},{"floor":29.0,"key":"Dexterity Potion"},{"floor":31.0,"key":"Swift Potion"},{"floor":41.0,"key":"AttackPotion"},{"floor":45,"key":"FairyPotion"}],"is_trial":false,"path_per_floor":["M","$","M","?","M","R","?","R","T","T","M","$","R","E","R","B",null,"M","M","?","M","M","R","E","M","T","$","R","E","R","?","R","B",null,"M","?","$","M","M","R","E","M","T","$","M","T","M","?","R","B",null],"character_chosen":"DEFECT","items_purchased":["Defragment","Conserve Battery","BootSequence","Whetstone","Defragment"],"campfire_rested":2,"item_purchase_floors":[2,12,27,27,37],"current_hp_per_floor":[75,75,73,78,77,77,77,77,77,77,71,71,71,62,62,9,80,73,70,70,69,61,61,61,53,53,53,53,39,39,39,63,33,80,76,76,76,72,52,52,59,45,45,45,31,31,31,54,81,67],"gold":211,"neow_bonus":"THREE_CARDS","is_prod":false,"is_daily":false,"chose_seed":false,"campfire_upgraded":8,"win_rate":0,"timestamp":1543256129,"path_taken":["M","$","M","?","M","R","?","R","T","?","M","?","R","E","R","BOSS","M","M","?","M","M","R","E","?","T","?","R","E","R","?","R","BOSS","M","?","$","M","M","R","E","M","T","$","?","?","M","?","R","BOSS"],"build_version":"2018-11-15","purchased_purges":1,"victory":true,"max_hp_per_floor":[75,75,75,80,80,80,80,80,80,80,80,80,80,80,80,80,80,80,80,80,80,80,80,80,80,80,80,80,80,80,80,80,80,80,80,80,80,80,80,80,90,90,90,90,90,90,90,90,90,90],"card_choices":[{"not_picked":["Reinforced Body","Redo"],"picked":"Chaos","floor":0.0},{"not_picked":["Redo","Rebound"],"picked":"Coolheaded","floor":1.0},{"not_picked":["Doom and Gloom","Darkness"],"picked":"Defragment","floor":3.0},{"not_picked":["Tempest","Heatsinks","Leap"],"picked":"SKIP","floor":5.0},{"not_picked":["Gash","Coolheaded","Skim"],"picked":"SKIP","floor":11.0},{"not_picked":["Heatsinks","FTL","Rebound"],"picked":"SKIP","floor":14.0},{"not_picked":["Multi-Cast","Seek"],"picked":"Amplify","floor":16.0},{"not_picked":["White Noise","Streamline"],"picked":"Go for the Eyes","floor":18.0},{"not_picked":["Compile Driver+1","Stack"],"picked":"Darkness+1","floor":19.0},{"not_picked":["Skim","Turbo","Reprogram"],"picked":"SKIP","floor":21.0},{"not_picked":["Cold Snap","Coolheaded+1","Go for the Eyes"],"picked":"SKIP","floor":22.0},{"not_picked":["Aggregate","Redo+1"],"picked":"Ball Lightning+1","floor":24.0},{"not_picked":["Ball Lightning","Hologram","Compile Driver"],"picked":"SKIP","floor":25.0},{"not_picked":["Hello World","Fusion+1"],"picked":"Rainbow","floor":29.0},{"not_picked":["Reboot","Rainbow"],"picked":"Biased Cognition","floor":33.0},{"not_picked":["Sweeping Beam+1","Chaos","Hologram"],"picked":"SKIP","floor":35.0},{"not_picked":["Steam Power","Reinforced Body","Darkness+1"],"picked":"SKIP","floor":38.0},{"not_picked":["Coolheaded","Self Repair+1"],"picked":"Defragment+1","floor":39.0},{"not_picked":["Hello World","Static Discharge","Go for the Eyes+1"],"picked":"SKIP","floor":41.0},{"not_picked":["Fusion","Steam+1","Self Repair"],"picked":"SKIP","floor":42.0},{"not_picked":["Sunder+1","Streamline","Loop"],"picked":"SKIP","floor":45},{"not_picked":["Rebound+1","Sunder"],"picked":"Conserve Battery+1","floor":47}],"player_experience":827195,"relics_obtained":[{"floor":9.0,"key":"Shuriken"},{"floor":10.0,"key":"Boot"},{"floor":14.0,"key":"Lantern"},{"floor":24.0,"key":"Sundial"},{"floor":26.0,"key":"Letter Opener"},{"floor":29.0,"key":"Oddly Smooth Stone"},{"floor":41.0,"key":"Pear"},{"floor":46,"key":"Toxic Egg 2"}],"event_choices":[{"damage_healed":0.0,"max_hp_gain":5.0,"max_hp_loss":0.0,"gold_gain":0.0,"event_name":"Big Fish","player_choice":"Donut","floor":4.0,"gold_loss":0.0,"damage_taken":0.0},{"damage_healed":0.0,"max_hp_gain":0.0,"max_hp_loss":0.0,"gold_gain":0.0,"event_name":"Living Wall","player_choice":"Grow","floor":7.0,"gold_loss":0.0,"damage_taken":0.0,"cards_upgraded":["Dualcast"]},{"cards_removed":["Defend_B"],"damage_healed":0.0,"max_hp_gain":0.0,"max_hp_loss":0.0,"gold_gain":0.0,"event_name":"Bonfire Elementals","player_choice":"Offered Basic","floor":20.0,"gold_loss":0.0,"damage_taken":0.0},{"damage_healed":0.0,"max_hp_gain":0.0,"max_hp_loss":0.0,"gold_gain":0.0,"event_name":"Lab","player_choice":"Got Potions","floor":31.0,"gold_loss":0.0,"damage_taken":0.0},{"damage_healed":0.0,"max_hp_gain":0.0,"max_hp_loss":0.0,"gold_gain":0.0,"event_name":"The Woman in Blue","player_choice":"Bought 0 Potions","floor":36.0,"gold_loss":0.0,"damage_taken":0.0},{"damage_healed":23,"gold_gain":0,"player_choice":"Writhe","damage_taken":0,"max_hp_gain":0,"max_hp_loss":0,"event_name":"Winding Halls","floor":48,"gold_loss":0,"cards_obtained":["Writhe"]}],"is_beta":false,"boss_relics":[{"not_picked":["Tiny House","Calling Bell"],"picked":"FrozenCore"},{"not_picked":["Busted Crown","Orrery"],"picked":"Inserter"}],"items_purged_floors":[27],"is_endless":false,"potions_floor_spawned":[1,3,5,18,21,29,33,38,41,45],"ascension_level":0}