{"gold_per_floor":[118,68,68,87,106,137,137,163,189,37,37,62,62,15,15,112,112,79,91,102,102,102],"floor_reached":22,"playtime":1534,"items_purged":["Strike_B"],"score":192,"play_id":"286e0708-bc39-4309-9045-39ab53ac7beb","local_time":"20190127035637","is_ascension_mode":false,"campfire_choices":[{"floor":7,"key":"REST"},{"floor":15,"key":"REST"}],"neow_cost":"NONE","seed_source_timestamp":119715918760167,"circlet_count":0,"master_deck":["Strike_B","Defend_B","Defend_B","Defend_B","Zap","Dualcast","Cold Snap","Conserve Battery","Skim","White Noise","Defragment","Capacitor","Go for the Eyes","Creative AI","Barrage","Sweeping Beam+1","Coolheaded+1"],"relics":["Cracked Core","NeowsBlessing","Centennial Puzzle","Anchor","Blood Vial","Happy Flower","Black Star"],"potions_floor_usage":[6,16,22],"damage_taken":[{"damage":0,"enemies":"2 Louse","floor":1,"turns":1},{"damage":0,"enemies":"Jaw Worm","floor":4,"turns":1},{"damage":0,"enemies":"Small Slimes","floor":5,"turns":1},{"damage":27,"enemies":"Lagavulin","floor":6,"turns":7},{"damage":32,"enemies":"Gremlin Nob","floor":8,"turns":6},{"damage":15,"enemies":"Hexaghost","floor":16,"turns":12},{"damage":33,"enemies":"2 Thieves","floor":18,"turns":5},{"damage":5,"enemies":"Chosen","floor":19,"turns":8},{"damage":5,"enemies":"Centurion and Healer","floor":20,"turns":11},{"damage":12,"enemies":"Colosseum Slavers","floor":22,"turns":6},{"damage":57,"enemies":"Colosseum Nobs","floor":22,"turns":5}],"seed_played":"3260469534721600780","potions_obtained":[{"floor":5,"key":"AttackPotion"},{"floor":6,"key":"SpeedPotion"},{"floor":8,"key":"PowerPotion"},{"floor":20,"key":"EssenceOfSteel"}],"is_trial":false,"path_per_floor":["M","?","?","M","M","E","R","E","T","$","?","T","?","$","R","B",null,"M","M","M","?","?"],"character_chosen":"DEFECT","items_purchased":["Capacitor","Go for the Eyes"],"campfire_rested":2,"item_purchase_floors":[10,14],"current_hp_per_floor":[75,75,75,75,75,48,70,38,38,38,38,38,31,31,53,40,75,42,39,36,61,0],"gold":102,"neow_bonus":"THREE_ENEMY_KILL","is_prod":false,"is_daily":false,"chose_seed":false,"campfire_upgraded":0,"win_rate":0.0,"timestamp":1548582997,"path_taken":["M","?","?","M","M","E","R","E","T","?","?","?","?","?","R","BOSS","M","M","M","?","?"],"build_version":"2019-01-23","purchased_purges":1,"victory":false,"max_hp_per_floor":[75,75,75,75,75,75,75,75,75,75,75,75,75,75,75,75,75,75,75,75,75,75],"card_choices":[{"not_picked":["Fusion","Leap"],"picked":"Cold Snap","floor":1},{"not_picked":["Go for the Eyes","Loop"],"picked":"Conserve Battery","floor":4},{"not_picked":["Rip and Tear","Steam Power"],"picked":"Skim","floor":5},{"not_picked":["Streamline","Doom and Gloom"],"picked":"White Noise","floor":6},{"not_picked":["Static Discharge","Steam"],"picked":"Defragment","floor":8},{"not_picked":["Thunder Strike","All For One"],"picked":"Creative AI","floor":16},{"not_picked":["Leap+1","Sweeping Beam+1"],"picked":"Barrage","floor":18},{"not_picked":["Coolheaded","Skim"],"picked":"Sweeping Beam+1","floor":19},{"not_picked":["Chill+1","Steam+1"],"picked":"Coolheaded+1","floor":20}],"player_experience":21749,"relics_obtained":[{"floor":6,"key":"Centennial Puzzle"},{"floor":8,"key":"Anchor"},{"floor":9,"key":"Blood Vial"},{"floor":12,"key":"Happy Flower"}],"event_choices":[{"cards_removed":["Strike_B"],"damage_healed":0,"gold_gain":0,"player_choice":"Card Removal","damage_taken":0,"max_hp_gain":0,"max_hp_loss":0,"event_name":"The Cleric","floor":2,"gold_loss":50},{"damage_healed":0,"gold_gain":0,"player_choice":"Ignored","damage_taken":0,"max_hp_gain":0,"max_hp_loss":0,"event_name":"Liars Game","floor":3,"gold_loss":0},{"cards_removed":["Strike_B"],"damage_healed":0,"gold_gain":0,"player_choice":"Forget","damage_taken":0,"max_hp_gain":0,"max_hp_loss":0,"event_name":"Living Wall","floor":11,"gold_loss":0},{"cards_removed":["Defend_B"],"damage_healed":0,"gold_gain":0,"player_choice":"Card Removal","damage_taken":7,"max_hp_gain":0,"max_hp_loss":0,"event_name":"Golden Wing","floor":13,"gold_loss":0},{"damage_healed":25,"gold_gain":0,"player_choice":"Heal","damage_taken":0,"max_hp_gain":0,"max_hp_loss":0,"event_name":"The Library","floor":21,"gold_loss":0},{"damage_healed":0,"gold_gain":0,"player_choice":"Fight","damage_taken":0,"max_hp_gain":0,"max_hp_loss":0,"event_name":"Colosseum","floor":22,"gold_loss":0},{"damage_healed":0,"gold_gain":0,"player_choice":"Fought Nobs","damage_taken":0,"max_hp_gain":0,"max_hp_loss":0,"event_name":"Colosseum","floor":22,"gold_loss":0}],"is_beta":false,"boss_relics":[{"not_picked":["Tiny House","Empty Cage"],"picked":"Black Star"}],"items_purged_floors":[10],"is_endless":false,"potions_floor_spawned":[5,6,8,20],"killed_by":"Colosseum Nobs","ascension_level":0}