{"gold_per_floor":[211,48,62,76,76,76,24,58,104,119,130,160,160,188,188,284,284,296,4,4,14,14,43,43,43,343,343,361,374,394,304,304,304],"floor_reached":33,"playtime":7619,"items_purged":["Strike_R"],"score":521,"play_id":"e28ed181-8514-44ed-ab08-9eda792b5645","local_time":"20190202055854","is_ascension_mode":true,"campfire_choices":[{"data":"Bash","floor":6,"key":"SMITH"},{"data":"Pommel Strike","floor":13,"key":"SMITH"},{"data":"Armaments","floor":15,"key":"SMITH"},{"floor":25,"key":"REST"},{"data":"Offering","floor":27,"key":"SMITH"},{"floor":32,"key":"REST"}],"neow_cost":"NONE","seed_source_timestamp":24390760372800,"circlet_count":0,"master_deck":["AscendersBane","Strike_R","Strike_R","Strike_R","Defend_R","Defend_R","Defend_R","Defend_R","Bash+1","Pommel Strike+1","Metallicize","Iron Wave+1","Anger","Headbutt","Metallicize","Disarm","Armaments+1","Offering+1","Evolve+1","Feel No Pain","Offering","Flame Barrier"],"relics":["Burning Blood","Bag of Preparation","Blood Vial","Singing Bowl","Bag of Marbles","Mark of Pain","Kunai","Red Skull","Old Coin"],"potions_floor_usage":[8,8,12,23,23,33],"damage_taken":[{"damage":5,"enemies":"2 Louse","floor":1,"turns":4},{"damage":5,"enemies":"Jaw Worm","floor":3,"turns":5},{"damage":0,"enemies":"Cultist","floor":4,"turns":4},{"damage":0,"enemies":"3 Sentries","floor":8,"turns":9},{"damage":13,"enemies":"Lots of Slimes","floor":10,"turns":5},{"damage":11,"enemies":"Looter","floor":11,"turns":4},{"damage":21,"enemies":"Lagavulin","floor":12,"turns":8},{"damage":18,"enemies":"Gremlin Nob","floor":14,"turns":5},{"damage":12,"enemies":"The Guardian","floor":16,"turns":11},{"damage":12,"enemies":"2 Thieves","floor":18,"turns":4},{"damage":24,"enemies":"3 Byrds","floor":21,"turns":6},{"damage":39,"enemies":"Gremlin Leader","floor":23,"turns":10},{"damage":12,"enemies":"Centurion and Healer","floor":28,"turns":4},{"damage":9,"enemies":"Shelled Parasite and Fungi","floor":29,"turns":5},{"damage":12,"enemies":"3 Cultists","floor":30,"turns":4},{"damage":75,"enemies":"Champ","floor":33,"turns":13}],"seed_played":"-6392911244303453530","potions_obtained":[{"floor":1,"key":"Dexterity Potion"},{"floor":10,"key":"AttackPotion"},{"floor":14,"key":"Explosive Potion"},{"floor":16,"key":"Ancient Potion"},{"floor":18,"key":"FearPotion"},{"floor":28,"key":"SkillPotion"}],"is_trial":false,"path_per_floor":["M","$","M","M","?","R","$","E","T","M","M","E","R","E","R","B",null,"M","$","?","M","$","E","?","R","T","R","M","M","M","?","R","B"],"character_chosen":"IRONCLAD","items_purchased":["Fire Potion","Metallicize","Headbutt","Kunai","Feel No Pain"],"campfire_rested":2,"item_purchase_floors":[2,2,7,19,19],"current_hp_per_floor":[73,73,74,80,85,85,85,85,85,78,75,64,64,54,54,50,78,74,74,57,43,43,12,12,40,40,40,36,37,35,35,64,0],"gold":304,"neow_bonus":"HUNDRED_GOLD","is_prod":false,"is_daily":false,"chose_seed":false,"campfire_upgraded":4,"win_rate":0,"timestamp":1549083534,"path_taken":["M","$","M","M","?","R","?","E","T","M","?","E","R","E","R","BOSS","M","?","?","M","$","E","?","R","T","R","M","?","M","?","R","BOSS"],"build_version":"2019-01-23","purchased_purges":1,"victory":false,"max_hp_per_floor":[80,80,80,80,85,85,85,85,85,85,85,87,87,87,87,87,87,87,87,92,94,94,94,94,94,94,94,94,96,98,98,98,98],"card_choices":[{"not_picked":["Ghostly Armor","Shrug It Off"],"picked":"Pommel Strike","floor":1},{"not_picked":["Flex","Berserk"],"picked":"Iron Wave","floor":3},{"not_picked":["Perfected Strike","Searing Blow"],"picked":"Anger","floor":4},{"not_picked":["Barricade","Perfected Strike"],"picked":"Metallicize","floor":8},{"not_picked":["Shrug It Off","True Grit"],"picked":"Disarm","floor":10},{"not_picked":["Seeing Red","Perfected Strike","Bloodletting"],"picked":"SKIP","floor":11},{"not_picked":["Reckless Charge","Berserk","Perfected Strike"],"picked":"Singing Bowl","floor":12},{"not_picked":["Warcry","Headbutt"],"picked":"Armaments","floor":14},{"not_picked":["Reaper","Berserk"],"picked":"Offering","floor":16},{"not_picked":["Rage","Wild Strike"],"picked":"Evolve","floor":18},{"not_picked":["Dual Wield","Heavy Blade","Iron Wave"],"picked":"Singing Bowl","floor":21},{"not_picked":["Headbutt","Searing Blow"],"picked":"Offering","floor":23},{"not_picked":["Perfected Strike","Dual Wield"],"picked":"Flame Barrier","floor":28},{"not_picked":["Rupture+1","Blood for Blood+1","Cleave"],"picked":"Singing Bowl","floor":29},{"not_picked":["Clash","Heavy Blade","Rampage"],"picked":"Singing Bowl","floor":30}],"player_experience":270220,"relics_obtained":[{"floor":8,"key":"Bag of Preparation"},{"floor":9,"key":"Blood Vial"},{"floor":12,"key":"Singing Bowl"},{"floor":14,"key":"Bag of Marbles"},{"floor":23,"key":"Red Skull"},{"floor":26,"key":"Old Coin"}],"event_choices":[{"damage_healed":0,"gold_gain":0,"player_choice":"Donut","damage_taken":0,"max_hp_gain":5,"max_hp_loss":0,"event_name":"Big Fish","floor":5,"gold_loss":0},{"damage_healed":0,"gold_gain":0,"player_choice":"Shed Blood","damage_taken":22,"max_hp_gain":5,"max_hp_loss":0,"event_name":"Forgotten Altar","floor":20,"gold_loss":0},{"damage_healed":0,"gold_gain":0,"player_choice":"Forge","damage_taken":0,"max_hp_gain":0,"max_hp_loss":0,"event_name":"Accursed Blacksmith","floor":24,"gold_loss":0,"cards_upgraded":["Evolve"]},{"cards_removed":["Strike_R"],"damage_healed":0,"gold_gain":0,"player_choice":"Upgrade and Remove","damage_taken":0,"max_hp_gain":0,"max_hp_loss":0,"event_name":"Designer","floor":31,"gold_loss":90,"cards_upgraded":["Iron Wave"]}],"is_beta":false,"boss_relics":[{"not_picked":["Eternal Feather","Ectoplasm"],"picked":"Mark of Pain"}],"items_purged_floors":[2],"is_endless":false,"potions_floor_spawned":[1,3,10,14,16,18,21,28],"killed_by":"Champ","ascension_level":12}