{"gold_per_floor":[114,129,9,24,24,43,43,74,74,74,74,94,124,140,140,219,219,232,232,232,243,262,262,293,293,317,333,350,377,377,411,411,487,487,505,521,868,675,690,690,720,720,720,731,133,152,152,168,168,168],"floor_reached":51,"playtime":6060,"items_purged":["Strike_R","Defend_R","Defend_R"],"score":1248,"play_id":"1ae279a0-169c-4b05-a459-8d08800c3d14","local_time":"20190205090116","is_ascension_mode":true,"campfire_choices":[{"data":"Armaments","floor":7,"key":"SMITH"},{"data":"Whirlwind","floor":11,"key":"SMITH"},{"data":"Pommel Strike","floor":15,"key":"SMITH"},{"floor":23,"key":"REST"},{"data":"Offering","floor":25,"key":"SMITH"},{"floor":30,"key":"REST"},{"data":"Shockwave","floor":32,"key":"SMITH"},{"data":"Limit Break","floor":40,"key":"SMITH"},{"data":"Disarm","floor":42,"key":"SMITH"},{"floor":49,"key":"REST"}],"neow_cost":"PERCENT_DAMAGE","seed_source_timestamp":296081976105500,"circlet_count":0,"master_deck":["AscendersBane","Defend_R","Defend_R","Bash","Clothesline","Flame Barrier","Armaments+1","Whirlwind+1","Pommel Strike+1","Shockwave+1","Offering+1","Dropkick","Corruption","Battle Trance+1","Disarm+1","Metallicize","Limit Break+1","Dual Wield","Fiend Fire","Metallicize","Dark Embrace","Shrug It Off","Dropkick","True Grit+1","Shockwave","Chrysalis","Panacea","Ghostly Armor","Metallicize","Shockwave"],"relics":["Burning Blood","Shuriken","Mercury Hourglass","Whetstone","Sozu","Nilry\u0027s Codex","MutagenicStrength","Mummified Hand","Regal Pillow","Orichalcum","Juzu Bracelet","Empty Cage","Old Coin","Centennial Puzzle","Question Card","Membership Card","Strawberry","Blood Vial"],"potions_floor_usage":[8,16,22,22],"damage_taken":[{"damage":1,"enemies":"Cultist","floor":1,"turns":4},{"damage":1,"enemies":"2 Louse","floor":2,"turns":3},{"damage":0,"enemies":"Jaw Worm","floor":4,"turns":5},{"damage":2,"enemies":"Looter","floor":6,"turns":4},{"damage":5,"enemies":"Lagavulin","floor":8,"turns":8},{"damage":1,"enemies":"Large Slime","floor":12,"turns":4},{"damage":10,"enemies":"3 Sentries","floor":13,"turns":7},{"damage":1,"enemies":"Blue Slaver","floor":14,"turns":3},{"damage":24,"enemies":"Hexaghost","floor":16,"turns":9},{"damage":28,"enemies":"2 Thieves","floor":18,"turns":2},{"damage":6,"enemies":"Spheric Guardian","floor":21,"turns":2},{"damage":10,"enemies":"Snake Plant","floor":22,"turns":3},{"damage":10,"enemies":"Gremlin Leader","floor":24,"turns":5},{"damage":7,"enemies":"Snecko","floor":27,"turns":3},{"damage":7,"enemies":"Cultist and Chosen","floor":28,"turns":3},{"damage":23,"enemies":"Book of Stabbing","floor":29,"turns":7},{"damage":28,"enemies":"Slavers","floor":31,"turns":5},{"damage":34,"enemies":"Collector","floor":33,"turns":6},{"damage":0,"enemies":"3 Shapes","floor":35,"turns":6},{"damage":6,"enemies":"3 Darklings","floor":36,"turns":3},{"damage":27,"enemies":"2 Orb Walkers","floor":37,"turns":3},{"damage":0,"enemies":"Writhing Mass","floor":39,"turns":4},{"damage":9,"enemies":"Reptomancer","floor":41,"turns":4},{"damage":22,"enemies":"4 Shapes","floor":44,"turns":3},{"damage":6,"enemies":"Transient","floor":46,"turns":5},{"damage":32,"enemies":"Jaw Worm Horde","floor":48,"turns":2},{"damage":66,"enemies":"Time Eater","floor":50,"turns":13}],"seed_played":"-7232625019982166644","potions_obtained":[{"floor":2,"key":"Regen Potion"},{"floor":4,"key":"Dexterity Potion"},{"floor":13,"key":"Poison Potion"},{"floor":16,"key":"EssenceOfSteel"}],"is_trial":false,"path_per_floor":["M","M","$","M","?","M","R","E","T","?","R","M","E","M","R","B",null,"M","?","?","M","M","R","E","R","T","M","M","E","R","E","R","B",null,"M","M","?","$","M","R","E","R","T","M","$","M","?","M","R","B",null],"character_chosen":"IRONCLAD","items_purchased":["Anger","Shrug It Off","Dropkick","Membership Card","Strawberry","Blood Vial","Chrysalis","Panacea","Ghostly Armor","Metallicize"],"campfire_rested":3,"item_purchase_floors":[3,38,38,45,45,45,45,45,45,45],"current_hp_per_floor":[55,60,60,66,66,70,70,71,71,76,76,80,76,80,80,62,76,54,33,33,33,38,62,58,58,58,57,56,39,78,56,56,28,67,73,73,52,52,58,58,55,55,55,39,46,48,48,24,65,7],"gold":168,"neow_bonus":"REMOVE_TWO","is_prod":false,"is_daily":false,"chose_seed":false,"campfire_upgraded":7,"win_rate":0,"timestamp":1549353676,"path_taken":["M","M","$","?","?","M","R","E","T","?","R","M","E","M","R","BOSS","M","?","?","M","M","R","E","R","T","M","M","E","R","E","R","BOSS","M","M","?","$","M","R","E","R","T","M","$","M","?","M","R","BOSS"],"build_version":"2019-01-23","purchased_purges":3,"victory":true,"max_hp_per_floor":[75,75,75,75,75,75,75,75,75,80,80,80,80,80,80,80,80,80,80,80,80,80,80,80,80,80,80,80,80,80,80,80,80,80,80,80,80,80,80,80,80,80,80,80,87,87,87,87,87,87],"card_choices":[{"not_picked":["Warcry","Wild Strike"],"picked":"Clothesline","floor":1},{"not_picked":["Combust","Sword Boomerang"],"picked":"Flame Barrier","floor":2},{"not_picked":["Perfected Strike","True Grit"],"picked":"Armaments","floor":4},{"not_picked":["Wild Strike","Bloodletting"],"picked":"Whirlwind","floor":6},{"not_picked":["Warcry","Whirlwind","Intimidate"],"picked":"SKIP","floor":8},{"not_picked":["Flex","Whirlwind","Havoc"],"picked":"SKIP","floor":12},{"not_picked":["Berserk","Anger"],"picked":"Pommel Strike","floor":13},{"not_picked":["Seeing Red","Carnage"],"picked":"Shockwave","floor":14},{"not_picked":["Feed","Double Tap"],"picked":"Offering","floor":16},{"not_picked":["Heavy Blade","Thunderclap"],"picked":"Dropkick","floor":18},{"not_picked":["Clothesline","Entrench","Shockwave"],"picked":"SKIP","floor":21},{"not_picked":["Havoc","Clash"],"picked":"Corruption","floor":22},{"not_picked":["Perfected Strike","Bludgeon"],"picked":"Battle Trance+1","floor":24},{"not_picked":["Warcry","Clothesline"],"picked":"Disarm","floor":27},{"not_picked":["Body Slam+1","Headbutt"],"picked":"Metallicize","floor":28},{"not_picked":["Armaments","True Grit"],"picked":"Limit Break","floor":29},{"not_picked":["Seeing Red","Flex"],"picked":"Dual Wield","floor":31},{"not_picked":["Berserk","Reaper"],"picked":"Fiend Fire","floor":33},{"not_picked":["Thunderclap","Clash","Intimidate"],"picked":"SKIP","floor":35},{"not_picked":["Cleave","Pommel Strike"],"picked":"Metallicize","floor":36},{"not_picked":["Cleave","Pummel+1"],"picked":"Dark Embrace","floor":37},{"not_picked":["Sword Boomerang","Anger"],"picked":"True Grit+1","floor":39},{"not_picked":["Body Slam","Rage","Wild Strike"],"picked":"SKIP","floor":41},{"not_picked":["Body Slam+1","Seeing Red+1","Dual Wield"],"picked":"Shockwave","floor":44},{"not_picked":["Whirlwind","Cleave","Power Through+1"],"picked":"Shockwave","floor":46},{"not_picked":["Pommel Strike","Second Wind","Dropkick","True Grit"],"picked":"SKIP","floor":48}],"player_experience":401555,"relics_obtained":[{"floor":8,"key":"Shuriken"},{"floor":9,"key":"Mercury Hourglass"},{"floor":13,"key":"Whetstone"},{"floor":19,"key":"Nilry\u0027s Codex"},{"floor":24,"key":"Mummified Hand"},{"floor":26,"key":"Regal Pillow"},{"floor":29,"key":"Orichalcum"},{"floor":31,"key":"Juzu Bracelet"},{"floor":37,"key":"Old Coin"},{"floor":41,"key":"Centennial Puzzle"},{"floor":43,"key":"Question Card"}],"event_choices":[{"damage_healed":0,"gold_gain":0,"player_choice":"Ignored","damage_taken":0,"max_hp_gain":0,"max_hp_loss":0,"event_name":"Liars Game","floor":5,"gold_loss":0},{"damage_healed":0,"gold_gain":0,"player_choice":"Donut","damage_taken":0,"max_hp_gain":5,"max_hp_loss":0,"event_name":"Big Fish","floor":10,"gold_loss":0},{"damage_healed":0,"gold_gain":0,"player_choice":"Obtained Book","damage_taken":21,"max_hp_gain":0,"max_hp_loss":0,"event_name":"Cursed Tome","floor":19,"gold_loss":0},{"damage_healed":0,"gold_gain":0,"player_choice":"Inject Mutagens","damage_taken":0,"relics_obtained":["MutagenicStrength"],"max_hp_gain":0,"max_hp_loss":0,"event_name":"Drug Dealer","floor":20,"gold_loss":0},{"damage_healed":0,"gold_gain":0,"player_choice":"Fight","damage_taken":0,"max_hp_gain":0,"max_hp_loss":0,"event_name":"Mysterious Sphere","floor":37,"gold_loss":0},{"cards_removed":["Anger"],"damage_healed":0,"gold_gain":0,"player_choice":"Removed Attack","damage_taken":0,"max_hp_gain":0,"max_hp_loss":0,"event_name":"Falling","floor":47,"gold_loss":0}],"is_beta":false,"boss_relics":[{"not_picked":["Runic Pyramid","Tiny House"],"picked":"Sozu"},{"not_picked":["Astrolabe","Mark of Pain"],"picked":"Empty Cage"}],"items_purged_floors":[3,38,45],"is_endless":false,"potions_floor_spawned":[2,4,13,16,21,28,29,33,37,44,46],"ascension_level":15}