{"gold_per_floor":[16,16,16,39,214,253,253,297,597,597,197,211,58,83,83,206,206,226,246,246,71,124,124,142,142,142,142,142,155,180,180],"floor_reached":31,"playtime":1592,"items_purged":["Doubt","Decay"],"score":243,"play_id":"dd7c1a12-184a-450d-8ef2-6f056939955a","local_time":"20190122132547","is_ascension_mode":false,"campfire_choices":[{"floor":7,"key":"DIG"},{"floor":10,"key":"REST"},{"floor":15,"key":"DIG"},{"data":"Limit Break","floor":23,"key":"SMITH"},{"data":"Whirlwind","floor":27,"key":"SMITH"}],"neow_cost":"NO_GOLD","seed_source_timestamp":145375690145770,"circlet_count":0,"master_deck":["Strike_R","Strike_R","Strike_R","Strike_R","Defend_R","Defend_R","Defend_R","Defend_R","Bash","Cleave","Flame Barrier","Limit Break+1","Inflame","Offering","True Grit","Flame Barrier","Evolve","Whirlwind+1"],"relics":["Burning Blood","StoneCalendar","Golden Idol","Shovel","Self Forming Clay","Dream Catcher","Old Coin","Paper Frog","Vajra","PreservedInsect","Velvet Choker","Blood Vial","Potion Belt"],"potions_floor_usage":[16,16],"damage_taken":[{"damage":5,"enemies":"2 Louse","floor":1,"turns":3},{"damage":8,"enemies":"Jaw Worm","floor":4,"turns":4},{"damage":40,"enemies":"3 Sentries","floor":6,"turns":7},{"damage":31,"enemies":"Lagavulin","floor":8,"turns":7},{"damage":7,"enemies":"Small Slimes","floor":12,"turns":5},{"damage":0,"enemies":"Exordium Wildlife","floor":14,"turns":3},{"damage":41,"enemies":"The Guardian","floor":16,"turns":8},{"damage":16,"enemies":"2 Thieves","floor":18,"turns":4},{"damage":19,"enemies":"Shell Parasite","floor":19,"turns":4},{"damage":20,"enemies":"Snecko","floor":24,"turns":4},{"damage":24,"enemies":"Snake Plant","floor":29,"turns":3},{"damage":17,"enemies":"Cultist and Chosen","floor":30,"turns":6},{"damage":22,"enemies":"Shelled Parasite and Fungi","floor":31,"turns":5}],"seed_played":"-4248950987956097204","potions_obtained":[{"floor":1,"key":"GamblersBrew"},{"floor":12,"key":"Weak Potion"},{"floor":14,"key":"SkillPotion"},{"floor":16,"key":"Regen Potion"},{"floor":24,"key":"Dexterity Potion"},{"floor":29,"key":"Weak Potion"},{"floor":30,"key":"EntropicBrew"}],"is_trial":false,"path_per_floor":["M","?","?","M","?","E","R","E","T","R","$","M","$","M","R","B",null,"M","M","?","$","T","R","M","?","T","R","$","M","M","M"],"character_chosen":"IRONCLAD","items_purchased":["Paper Frog","Inflame","Vajra","Evolve"],"campfire_rested":1,"item_purchase_floors":[11,11,13,21],"current_hp_per_floor":[80,80,80,78,78,44,44,19,19,43,43,42,42,48,48,13,80,70,57,57,57,57,57,45,45,45,45,45,29,20,0],"gold":180,"neow_bonus":"ONE_RARE_RELIC","is_prod":false,"is_daily":false,"chose_seed":false,"campfire_upgraded":2,"win_rate":0,"timestamp":1548134747,"path_taken":["M","?","?","?","?","E","R","E","T","R","$","M","?","M","R","BOSS","M","M","?","$","?","R","M","?","T","R","$","?","M","M"],"build_version":"2019-01-17v2","purchased_purges":2,"victory":false,"max_hp_per_floor":[80,80,80,80,80,80,80,80,80,80,80,80,80,80,80,80,80,80,80,80,80,80,80,80,80,80,80,80,80,80,80],"card_choices":[{"not_picked":["Rage","Perfected Strike"],"picked":"Cleave","floor":1},{"not_picked":["Cleave","Ghostly Armor","Corruption"],"picked":"SKIP","floor":4},{"not_picked":["Iron Wave","Uppercut"],"picked":"Flame Barrier","floor":6},{"not_picked":["Infernal Blade","Intimidate"],"picked":"Limit Break","floor":8},{"not_picked":["Cleave","Power Through","Wild Strike"],"picked":"SKIP","floor":12},{"not_picked":["Sword Boomerang","Entrench","Blood for Blood"],"picked":"SKIP","floor":14},{"not_picked":["Double Tap","Fiend Fire"],"picked":"Offering","floor":16},{"not_picked":["Thunderclap","Havoc"],"picked":"True Grit","floor":18},{"not_picked":["Sentinel","Sword Boomerang"],"picked":"Flame Barrier","floor":19},{"not_picked":["Flex","Havoc+1"],"picked":"Whirlwind","floor":24},{"not_picked":["Wild Strike+1","Disarm","Headbutt"],"picked":"SKIP","floor":29},{"not_picked":["Havoc","True Grit","Twin Strike"],"picked":"SKIP","floor":30}],"player_experience":123815,"relics_obtained":[{"floor":6,"key":"Shovel"},{"floor":7,"key":"Self Forming Clay"},{"floor":8,"key":"Dream Catcher"},{"floor":9,"key":"Old Coin"},{"floor":15,"key":"PreservedInsect"},{"floor":22,"key":"Blood Vial"},{"floor":26,"key":"Potion Belt"}],"event_choices":[{"damage_healed":0,"gold_gain":0,"player_choice":"Take Wound","damage_taken":0,"relics_obtained":["Golden Idol"],"max_hp_gain":0,"max_hp_loss":0,"event_name":"Golden Idol","floor":2,"gold_loss":0,"cards_obtained":["Injury"]},{"cards_removed":["Injury"],"damage_healed":0,"gold_gain":0,"player_choice":"Forget","damage_taken":0,"max_hp_gain":0,"max_hp_loss":0,"event_name":"Living Wall","floor":3,"gold_loss":0},{"damage_healed":0,"gold_gain":175,"player_choice":"AGREE","damage_taken":0,"max_hp_gain":0,"max_hp_loss":0,"event_name":"Liars Game","floor":5,"gold_loss":0,"cards_obtained":["Doubt"]},{"damage_healed":0,"gold_gain":0,"player_choice":"Cursed","damage_taken":0,"max_hp_gain":0,"max_hp_loss":0,"event_name":"Wheel of Change","floor":20,"gold_loss":0,"cards_obtained":["Decay"]},{"cards_removed":["Strike_R"],"damage_healed":0,"gold_gain":0,"player_choice":"Purged","damage_taken":0,"max_hp_gain":0,"max_hp_loss":0,"event_name":"Purifier","floor":25,"gold_loss":0}],"is_beta":false,"boss_relics":[{"not_picked":["Orrery","Busted Crown"],"picked":"Velvet Choker"}],"items_purged_floors":[11,21],"is_endless":false,"potions_floor_spawned":[1,12,14,16,24,29,30],"killed_by":"Shelled Parasite and Fungi","ascension_level":0}