{"gold_per_floor":[115,115,115,130,130,159,159,188,188,203,203,214,214,234,234,311,311,331,331,346,78,78,78,109,9,55,87,100,120,120,120],"floor_reached":31,"playtime":1301,"items_purged":["Strike_R","Strike_R"],"score":537,"play_id":"a92ee4f8-2cc4-4dc1-a931-8a2516ad7e89","local_time":"20190210112210","is_ascension_mode":true,"campfire_choices":[{"floor":7,"key":"REST"},{"data":"Armaments","floor":11,"key":"SMITH"},{"data":"Iron Wave","floor":15,"key":"SMITH"},{"data":"Barricade","floor":23,"key":"SMITH"}],"neow_cost":"PERCENT_DAMAGE","seed_source_timestamp":1094760880805712,"circlet_count":0,"master_deck":["AscendersBane","Strike_R","Strike_R","Strike_R+1","Defend_R","Defend_R","Defend_R","Defend_R","Bash","Demon Form+1","Anger+1","Cleave","Iron Wave+1","Feed","Armaments+1","Heavy Blade","Barricade+1","Body Slam","Intimidate","Twin Strike+1","Writhe","Limit Break"],"relics":["Burning Blood","Ginger","Blood Vial","Pantograph","Cursed Key","Nilry\u0027s Codex","Toy Ornithopter","Pear","Orichalcum","Strawberry"],"potions_floor_usage":[6,16,24,24,30],"damage_taken":[{"damage":1,"enemies":"Cultist","floor":1,"turns":4},{"damage":15,"enemies":"Small Slimes","floor":4,"turns":4},{"damage":20,"enemies":"Lagavulin","floor":6,"turns":5},{"damage":26,"enemies":"Gremlin Nob","floor":8,"turns":4},{"damage":3,"enemies":"2 Louse","floor":10,"turns":2},{"damage":10,"enemies":"Red Slaver","floor":12,"turns":4},{"damage":11,"enemies":"Looter","floor":14,"turns":3},{"damage":47,"enemies":"Hexaghost","floor":16,"turns":8},{"damage":23,"enemies":"Shell Parasite","floor":18,"turns":4},{"damage":5,"enemies":"Chosen","floor":20,"turns":3},{"damage":23,"enemies":"Book of Stabbing","floor":24,"turns":5},{"damage":58,"enemies":"Gremlin Leader","floor":27,"turns":5},{"damage":39,"enemies":"Centurion and Healer","floor":28,"turns":9},{"damage":19,"enemies":"Snecko","floor":29,"turns":5},{"damage":0,"enemies":"Chosen and Byrds","floor":30,"turns":1},{"damage":30,"enemies":"3 Cultists","floor":31,"turns":4}],"seed_played":"-4011661377527387079","potions_obtained":[{"floor":3,"key":"Swift Potion"},{"floor":3,"key":"Swift Potion"},{"floor":4,"key":"Regen Potion"},{"floor":8,"key":"Regen Potion"},{"floor":18,"key":"PowerPotion"},{"floor":28,"key":"SmokeBomb"},{"floor":29,"key":"Poison Potion"}],"is_trial":false,"path_per_floor":["M","?","?","M","?","E","R","E","T","M","R","M","?","M","R","B",null,"M","?","M","$","?","R","E","$","T","E","M","M","M","M"],"character_chosen":"IRONCLAD","items_purchased":["Toy Ornithopter"],"campfire_rested":1,"item_purchase_floors":[21],"current_hp_per_floor":[56,40,40,31,31,31,55,35,35,43,43,41,83,78,78,45,76,64,48,51,51,80,80,97,97,97,54,26,15,28,0],"gold":120,"neow_bonus":"THREE_RARE_CARDS","is_prod":false,"is_daily":false,"chose_seed":false,"campfire_upgraded":3,"win_rate":0,"timestamp":1549819330,"path_taken":["M","?","?","?","?","E","R","E","T","M","R","?","?","M","R","BOSS","M","?","M","$","?","R","E","?","T","E","M","M","?","M"],"build_version":"2019-01-23","purchased_purges":2,"victory":false,"max_hp_per_floor":[80,80,80,80,80,80,80,80,80,83,83,83,83,83,83,86,86,89,89,89,89,89,89,99,99,99,106,109,109,109,109],"card_choices":[{"not_picked":["Reaper","Offering"],"picked":"Demon Form","floor":0},{"not_picked":["Cleave","Carnage"],"picked":"Anger","floor":1},{"not_picked":["Perfected Strike","Fire Breathing"],"picked":"Cleave","floor":4},{"not_picked":["Clash","Rupture"],"picked":"Iron Wave","floor":6},{"not_picked":["Havoc","Thunderclap"],"picked":"Feed","floor":8},{"not_picked":["Pummel","True Grit"],"picked":"Armaments","floor":10},{"not_picked":["Hemokinesis","Sword Boomerang","Entrench"],"picked":"SKIP","floor":12},{"not_picked":["Searing Blow","Clash"],"picked":"Heavy Blade","floor":14},{"not_picked":["Double Tap","Immolate"],"picked":"Barricade","floor":16},{"not_picked":["Headbutt","Feel No Pain+1"],"picked":"Body Slam","floor":18},{"not_picked":["Combust","Dual Wield"],"picked":"Intimidate","floor":20},{"not_picked":["Pommel Strike","Thunderclap"],"picked":"Twin Strike+1","floor":24},{"not_picked":["Sword Boomerang","Heavy Blade"],"picked":"Limit Break","floor":27},{"not_picked":["Flex","True Grit","Body Slam"],"picked":"SKIP","floor":28},{"not_picked":["Evolve","Armaments","Pommel Strike"],"picked":"SKIP","floor":29}],"player_experience":547493,"relics_obtained":[{"floor":6,"key":"Ginger"},{"floor":8,"key":"Blood Vial"},{"floor":9,"key":"Pantograph"},{"floor":19,"key":"Nilry\u0027s Codex"},{"floor":24,"key":"Pear"},{"floor":26,"key":"Orichalcum"},{"floor":27,"key":"Strawberry"}],"event_choices":[{"damage_healed":0,"gold_gain":0,"player_choice":"Entered Light","damage_taken":16,"max_hp_gain":0,"max_hp_loss":0,"event_name":"Shining Light","floor":2,"gold_loss":0,"cards_upgraded":["Strike_R","Demon Form"]},{"damage_healed":0,"gold_gain":0,"player_choice":"Got Potions","damage_taken":0,"max_hp_gain":0,"max_hp_loss":0,"event_name":"Lab","floor":3,"gold_loss":0},{"damage_healed":0,"gold_gain":0,"player_choice":"Forge","damage_taken":0,"max_hp_gain":0,"max_hp_loss":0,"event_name":"Accursed Blacksmith","floor":5,"gold_loss":0,"cards_upgraded":["Anger"]},{"damage_healed":42,"gold_gain":0,"player_choice":"Full Heal","damage_taken":0,"max_hp_gain":0,"max_hp_loss":0,"event_name":"Wheel of Change","floor":13,"gold_loss":0},{"damage_healed":0,"gold_gain":0,"player_choice":"Obtained Book","damage_taken":16,"max_hp_gain":0,"max_hp_loss":0,"event_name":"Cursed Tome","floor":19,"gold_loss":0},{"damage_healed":29,"gold_gain":0,"player_choice":"Heal","damage_taken":0,"max_hp_gain":0,"max_hp_loss":0,"event_name":"The Library","floor":22,"gold_loss":0}],"is_beta":false,"boss_relics":[{"not_picked":["Eternal Feather","Black Star"],"picked":"Cursed Key"}],"items_purged_floors":[21,25],"is_endless":false,"potions_floor_spawned":[4,8,10,18,28,29,30],"killed_by":"3 Cultists","ascension_level":13}