{"gold_per_floor":[116,129,129,142,162,162,14,45,45,63,63,78,78,93,93,195,195,213,232,157,169,195,195,206,206,232,232,259,277,26,26,26,129,129,149,49,1048,1068,1068,1068,695,720,720,720],"floor_reached":44,"playtime":1316,"items_purged":["Strike_R","Defend_R","Normality"],"score":735,"play_id":"dc74116d-ed5b-4a22-b6fb-e85d0d05f388","local_time":"20190210051837","is_ascension_mode":true,"campfire_choices":[{"data":"Seeing Red","floor":6.0,"key":"SMITH"},{"floor":13.0,"key":"REST"},{"data":"Twin Strike","floor":15.0,"key":"SMITH"},{"data":"Immolate","floor":23.0,"key":"SMITH"},{"data":"Shrug It Off","floor":25.0,"key":"SMITH"},{"floor":27.0,"key":"REST"},{"floor":32.0,"key":"REST"},{"data":"Shrug It Off","floor":40.0,"key":"SMITH"}],"neow_cost":"PERCENT_DAMAGE","seed_source_timestamp":51643241790800,"circlet_count":0,"master_deck":["AscendersBane","Defend_R","Defend_R","Bash+1","Shrug It Off+1","Seeing Red+1","Cleave+1","Twin Strike+1","Immolate+1","Spot Weakness+1","Disarm+1","Disarm+1","Ghostly Armor","Shrug It Off+1","Pummel+1","Seeing Red+1","Offering","Battle Trance+1","Normality","Sword Boomerang+1"],"special_seed":0,"relics":["Burning Blood","Vajra","Centennial Puzzle","Singing Bowl","Astrolabe","Red Mask","Red Skull","Sundial","Medical Kit","Philosopher\u0027s Stone","Blue Candle","Mercury Hourglass","Bottled Lightning"],"potions_floor_usage":[42,42],"damage_taken":[{"damage":0.0,"enemies":"2 Louse","floor":1.0,"turns":3.0},{"damage":8.0,"enemies":"Small Slimes","floor":2.0,"turns":4.0},{"damage":1.0,"enemies":"Cultist","floor":4.0,"turns":4.0},{"damage":20.0,"enemies":"3 Louse","floor":5.0,"turns":4.0},{"damage":44.0,"enemies":"3 Sentries","floor":8.0,"turns":12.0},{"damage":6.0,"enemies":"Looter","floor":10.0,"turns":3.0},{"damage":0.0,"enemies":"Lots of Slimes","floor":12.0,"turns":2.0},{"damage":4.0,"enemies":"3 Louse","floor":14.0,"turns":3.0},{"damage":40.0,"enemies":"Hexaghost","floor":16.0,"turns":9.0},{"damage":8.0,"enemies":"3 Byrds","floor":18.0,"turns":3.0},{"damage":22.0,"enemies":"2 Thieves","floor":19.0,"turns":3.0},{"damage":24.0,"enemies":"Cultist and Chosen","floor":21.0,"turns":5.0},{"damage":0.0,"enemies":"Masked Bandits","floor":22.0,"turns":2.0},{"damage":18.0,"enemies":"Centurion and Healer","floor":24.0,"turns":6.0},{"damage":14.0,"enemies":"Slavers","floor":28.0,"turns":2.0},{"damage":13.0,"enemies":"Snecko","floor":29.0,"turns":3.0},{"damage":26.0,"enemies":"Champ","floor":33.0,"turns":10.0},{"damage":36.0,"enemies":"3 Darklings","floor":35.0,"turns":3.0},{"damage":0.0,"enemies":"3 Shapes","floor":38.0,"turns":2.0},{"damage":31,"enemies":"Giant Head","floor":42,"turns":7},{"damage":35,"enemies":"Nemesis","floor":44,"turns":4}],"seed_played":"828770596262607897","potions_obtained":[{"floor":8.0,"key":"Explosive Potion"},{"floor":10.0,"key":"Weak Potion"},{"floor":16.0,"key":"Ancient Potion"},{"floor":18.0,"key":"Energy Potion"},{"floor":19.0,"key":"SkillPotion"},{"floor":28.0,"key":"Fire Potion"},{"floor":33.0,"key":"GamblersBrew"},{"floor":38.0,"key":"Dexterity Potion"}],"is_trial":false,"path_per_floor":["M","M","?","M","M","R","$","E","T","M","?","M","R","M","R","B",null,"M","M","$","M","?","R","M","R","T","R","E","M","$","?","R","B",null,"M","$","?","M","?","R","$","E","T","E"],"character_chosen":"IRONCLAD","items_purchased":["Vajra","Medical Kit","Block Potion","Blue Candle"],"campfire_rested":3,"item_purchase_floors":[7,30,30,41],"current_hp_per_floor":[57,55,55,60,46,46,46,8,8,10,10,18,43,45,45,11,66,66,52,52,34,42,42,32,32,32,59,51,44,44,44,71,51,82,52,52,52,58,58,58,58,35,35,0],"gold":720,"neow_bonus":"REMOVE_TWO","is_prod":false,"is_daily":false,"chose_seed":false,"campfire_upgraded":5,"win_rate":0,"timestamp":1549768717,"path_taken":["M","M","?","M","M","R","$","E","T","M","?","M","R","?","R","BOSS","M","M","$","M","?","R","M","R","T","R","E","M","$","?","R","BOSS","M","$","?","M","?","R","?","E","T","E"],"build_version":"2019-01-23","purchased_purges":3,"victory":false,"max_hp_per_floor":[80,80,80,80,80,80,80,80,80,82,82,84,84,84,84,84,84,86,88,88,88,90,90,92,92,92,92,92,92,92,92,92,92,92,92,92,92,92,92,92,92,94,94,94],"card_choices":[{"not_picked":["Perfected Strike","Headbutt"],"picked":"Shrug It Off","floor":1.0},{"not_picked":["Armaments","Blood for Blood"],"picked":"Seeing Red","floor":2.0},{"not_picked":["Armaments","Iron Wave","Heavy Blade"],"picked":"SKIP","floor":4.0},{"not_picked":["Perfected Strike","Heavy Blade","Anger"],"picked":"SKIP","floor":5.0},{"not_picked":["Clash","Rage"],"picked":"Cleave","floor":8.0},{"not_picked":["Bloodletting","Pommel Strike","Iron Wave"],"picked":"Singing Bowl","floor":10.0},{"not_picked":["Disarm","Evolve","Anger"],"picked":"Singing Bowl","floor":12.0},{"not_picked":["Feel No Pain","Headbutt"],"picked":"Twin Strike","floor":14.0},{"not_picked":["Barricade","Impervious"],"picked":"Immolate","floor":16.0},{"not_picked":["Feel No Pain","Heavy Blade","Sever Soul"],"picked":"Singing Bowl","floor":18.0},{"not_picked":["Clash","Clothesline","True Grit"],"picked":"Singing Bowl","floor":19.0},{"not_picked":["True Grit","Cleave"],"picked":"Ghostly Armor","floor":21.0},{"not_picked":["Wild Strike","Havoc","Thunderclap"],"picked":"Singing Bowl","floor":22.0},{"not_picked":["Perfected Strike","Barricade","Pommel Strike"],"picked":"Singing Bowl","floor":24.0},{"not_picked":["Wild Strike","Immolate"],"picked":"Shrug It Off","floor":28.0},{"not_picked":["Wild Strike","Whirlwind"],"picked":"Pummel+1","floor":29.0},{"not_picked":["Juggernaut","Barricade"],"picked":"Offering","floor":33.0},{"not_picked":["Clash","Heavy Blade+1"],"picked":"Battle Trance+1","floor":35.0},{"not_picked":["Intimidate","Body Slam+1"],"picked":"Sword Boomerang+1","floor":38.0},{"not_picked":["Cleave+1","Metallicize+1","Rampage"],"picked":"Singing Bowl","floor":42}],"player_experience":690101,"relics_obtained":[{"floor":8.0,"key":"Centennial Puzzle"},{"floor":9.0,"key":"Singing Bowl"},{"floor":22.0,"key":"Red Mask"},{"floor":26.0,"key":"Red Skull"},{"floor":28.0,"key":"Sundial"},{"floor":42,"key":"Mercury Hourglass"},{"floor":43,"key":"Bottled Lightning"}],"event_choices":[{"damage_healed":0.0,"max_hp_gain":0.0,"max_hp_loss":0.0,"gold_gain":0.0,"event_name":"Living Wall","player_choice":"Grow","floor":3.0,"gold_loss":0.0,"damage_taken":0.0,"cards_upgraded":["Bash"]},{"damage_healed":0.0,"max_hp_gain":0.0,"max_hp_loss":0.0,"gold_gain":0.0,"event_name":"Accursed Blacksmith","player_choice":"Forge","floor":11.0,"gold_loss":0.0,"damage_taken":0.0,"cards_upgraded":["Cleave"]},{"damage_healed":0.0,"max_hp_gain":0.0,"max_hp_loss":0.0,"gold_gain":0.0,"event_name":"Masked Bandits","player_choice":"Fought Bandits","floor":22.0,"gold_loss":0.0,"damage_taken":0.0},{"damage_healed":0.0,"max_hp_gain":0.0,"max_hp_loss":0.0,"gold_gain":0.0,"event_name":"Duplicator","player_choice":"Copied","floor":31.0,"gold_loss":0.0,"damage_taken":0.0,"cards_obtained":["Seeing Red"]},{"damage_healed":0.0,"max_hp_gain":0.0,"max_hp_loss":0.0,"gold_gain":999.0,"event_name":"MindBloom","player_choice":"Gold","floor":37.0,"gold_loss":0.0,"damage_taken":0.0,"cards_obtained":["Normality","Normality"]},{"damage_healed":0.0,"max_hp_gain":0.0,"max_hp_loss":0.0,"gold_gain":0.0,"event_name":"Mysterious Sphere","player_choice":"Ignored","floor":39.0,"gold_loss":0.0,"damage_taken":0.0}],"is_beta":false,"boss_relics":[{"not_picked":["Ectoplasm","Eternal Feather"],"picked":"Astrolabe"},{"not_picked":["Lizard Tail","Coffee Dripper"],"picked":"Philosopher\u0027s Stone"}],"items_purged_floors":[20,36,41],"is_endless":false,"potions_floor_spawned":[8,10,16,18,19,28,33,38],"killed_by":"Nemesis","ascension_level":11}