{"gold_per_floor":[112,112,123,123,139,139,169,193,218,218,493,36,36,50,50,150,150,167,167,167,117,127,127,143,143,143,163,192,192,192,192],"floor_reached":31,"playtime":726,"items_purged":["Regret","Strike_B"],"score":281,"play_id":"734a231d-c7be-4f63-9695-8e018944effe","local_time":"20190202003621","is_ascension_mode":false,"campfire_choices":[{"data":"Zap","floor":6,"key":"SMITH"},{"data":"Streamline","floor":10,"key":"SMITH"},{"data":"Apotheosis","floor":13,"key":"SMITH"},{"floor":15,"key":"REST"},{"data":"Echo Form","floor":23,"key":"SMITH"},{"data":"Sunder","floor":25,"key":"SMITH"},{"data":"Coolheaded","floor":29,"key":"SMITH"}],"neow_cost":"NONE","seed_source_timestamp":26340647714782,"circlet_count":0,"master_deck":["Strike_B","Strike_B","Strike_B","Defend_B","Defend_B","Defend_B","Defend_B","Zap+1","Dualcast","Go for the Eyes","Conserve Battery","Leap","Streamline+1","Apotheosis+1","Sunder+1","Coolheaded+1","Echo Form+1","Streamline+1","Leap","Glacier+1"],"relics":["Velvet Choker","Orichalcum","Smiling Mask","Odd Mushroom","Centennial Puzzle","Vajra","Philosopher\u0027s Stone","Meat on the Bone","Singing Bowl","Red Mask","Enchiridion"],"potions_floor_usage":[16],"damage_taken":[{"damage":0,"enemies":"2 Louse","floor":1,"turns":2},{"damage":1,"enemies":"Jaw Worm","floor":3,"turns":3},{"damage":0,"enemies":"Cultist","floor":5,"turns":3},{"damage":25,"enemies":"Lagavulin","floor":7,"turns":8},{"damage":19,"enemies":"The Mushroom Lair","floor":8,"turns":6},{"damage":2,"enemies":"Blue Slaver","floor":14,"turns":2},{"damage":0,"enemies":"Hexaghost","floor":16,"turns":9},{"damage":19,"enemies":"2 Thieves","floor":18,"turns":4},{"damage":16,"enemies":"Spheric Guardian","floor":22,"turns":6},{"damage":0,"enemies":"Snecko","floor":24,"turns":4},{"damage":2,"enemies":"Centurion and Healer","floor":27,"turns":4},{"damage":17,"enemies":"Masked Bandits","floor":28,"turns":7},{"damage":28,"enemies":"Snake Plant","floor":31,"turns":3}],"seed_played":"-4533736308501513499","potions_obtained":[{"floor":1,"key":"Dexterity Potion"},{"floor":5,"key":"Swift Potion"},{"floor":7,"key":"Poison Potion"},{"floor":20,"key":"Regen Potion"},{"floor":20,"key":"SteroidPotion"}],"is_trial":false,"path_per_floor":["M","?","M","?","M","R","E","?","T","R","?","$","R","M","R","B",null,"M","T","?","$","M","R","M","R","T","M","?","R","?","M"],"character_chosen":"DEFECT","items_purchased":["Vajra","Apotheosis","Sunder"],"campfire_rested":1,"item_purchase_floors":[12,12,12],"current_hp_per_floor":[75,50,49,75,75,75,50,31,31,31,31,31,31,29,51,51,75,56,56,56,56,40,40,40,40,40,40,37,37,21,0],"gold":192,"neow_bonus":"BOSS_RELIC","is_prod":false,"is_daily":false,"chose_seed":false,"campfire_upgraded":6,"win_rate":0,"timestamp":1549038981,"path_taken":["M","?","M","?","?","R","E","?","T","R","?","$","R","M","R","BOSS","M","?","?","$","M","R","M","R","T","?","?","R","?","M"],"build_version":"2019-01-23","purchased_purges":2,"victory":false,"max_hp_per_floor":[75,75,75,75,75,75,75,75,75,75,75,75,75,75,75,75,75,75,75,75,75,75,75,75,75,75,77,79,79,79,79],"card_choices":[{"not_picked":["Aggregate","Capacitor"],"picked":"Lockon","floor":1},{"not_picked":["Coolheaded","Chill"],"picked":"Go for the Eyes","floor":3},{"not_picked":["Redo","Go for the Eyes"],"picked":"Conserve Battery","floor":5},{"not_picked":["Core Surge","Beam Cell"],"picked":"Leap","floor":7},{"not_picked":["Undo","Loop"],"picked":"Streamline","floor":8},{"not_picked":["Chill","Compile Driver"],"picked":"Coolheaded","floor":14},{"not_picked":["Core Surge","Rainbow"],"picked":"Echo Form","floor":16},{"not_picked":["Tempest+1","Storm"],"picked":"Streamline+1","floor":18},{"not_picked":["Consume","Stack"],"picked":"Leap","floor":22},{"not_picked":["Streamline","Ball Lightning"],"picked":"Glacier+1","floor":24},{"not_picked":["Reinforced Body","Barrage","Heatsinks"],"picked":"Singing Bowl","floor":27},{"not_picked":["Recycle","Sunder","Darkness+1"],"picked":"Singing Bowl","floor":28}],"player_experience":167105,"relics_obtained":[{"floor":7,"key":"Smiling Mask"},{"floor":8,"key":"Odd Mushroom"},{"floor":9,"key":"Centennial Puzzle"},{"floor":19,"key":"Meat on the Bone"},{"floor":26,"key":"Singing Bowl"},{"floor":28,"key":"Red Mask"},{"floor":30,"key":"Enchiridion"}],"event_choices":[{"damage_healed":0,"gold_gain":0,"player_choice":"Success","damage_taken":25,"relics_obtained":["Orichalcum"],"max_hp_gain":0,"max_hp_loss":0,"event_name":"Scrap Ooze","floor":2,"gold_loss":0},{"cards_removed":["Lockon"],"damage_healed":26,"gold_gain":0,"player_choice":"Offered Uncommon","damage_taken":0,"max_hp_gain":0,"max_hp_loss":0,"event_name":"Bonfire Elementals","floor":4,"gold_loss":0},{"damage_healed":0,"gold_gain":0,"player_choice":"Fought Mushrooms","damage_taken":0,"max_hp_gain":0,"max_hp_loss":0,"event_name":"Mushrooms","floor":8,"gold_loss":0},{"damage_healed":0,"gold_gain":275,"player_choice":"Desecrate","damage_taken":0,"max_hp_gain":0,"max_hp_loss":0,"event_name":"Golden Shrine","floor":11,"gold_loss":0,"cards_obtained":["Regret"]},{"damage_healed":0,"gold_gain":0,"player_choice":"Got Potions","damage_taken":0,"max_hp_gain":0,"max_hp_loss":0,"event_name":"Lab","floor":20,"gold_loss":0},{"damage_healed":0,"gold_gain":0,"player_choice":"Fought Bandits","damage_taken":0,"max_hp_gain":0,"max_hp_loss":0,"event_name":"Masked Bandits","floor":28,"gold_loss":0},{"damage_healed":0,"gold_gain":0,"player_choice":"Obtained Book","damage_taken":16,"max_hp_gain":0,"max_hp_loss":0,"event_name":"Cursed Tome","floor":30,"gold_loss":0}],"is_beta":false,"boss_relics":[{"not_picked":["Orrery","Calling Bell"],"picked":"Philosopher\u0027s Stone"}],"items_purged_floors":[12,21],"is_endless":false,"potions_floor_spawned":[1,5,7,24,27],"killed_by":"Snake Plant","ascension_level":0}