{"gold_per_floor":[114,129,144,144,159,115,115,130,155,56,86,101,101,116,116,216,216,231,246,246,261,276,276,291,306,306,321,24,24,49,79,79,179,179,194,194,194],"floor_reached":37,"playtime":2946,"items_purged":[],"score":445,"play_id":"d7d3c2e2-1e90-4ad3-a31c-efb416c6ee57","local_time":"20180626065014","daily_mods":["Heirloom","Uncertain Future","Terminal"],"is_ascension_mode":false,"campfire_choices":[{"data":"1","floor":7,"key":"LIFT"},{"data":"2","floor":13,"key":"LIFT"},{"data":"3","floor":15,"key":"LIFT"},{"data":"Cloak And Dagger","floor":23,"key":"SMITH"},{"data":"After Image","floor":29,"key":"SMITH"},{"data":"Infinite Blades","floor":32,"key":"SMITH"}],"neow_cost":"","seed_source_timestamp":0,"circlet_count":0,"master_deck":["Survivor","Neutralize","Backflip","Slice","Flechettes","Backstab","Endless Agony","Swift Strike","Blur","Cloak And Dagger+1","Backstab","After Image+1","Slice+1","Dodge and Roll","RitualDagger","Slice","Slice+1","A Thousand Cuts","Caltrops+1","Slice","Slice","Infinite Blades+1","Die Die Die","Deadly Poison","Reflex","Well Laid Plans","Eviscerate","Deadly Poison","Escape Plan","Bouncing Flask","Outmaneuver","Terror","Dodge and Roll+1"],"special_seed":17708,"relics":["Ring of the Snake","Girya","Vajra","Dream Catcher","Sozu","Centennial Puzzle","Mercury Hourglass","Strawberry","Ninja Scroll","Pandora\u0027s Box"],"potions_floor_usage":[11,16,24,33],"damage_taken":[{"damage":0,"enemies":"Small Slimes","floor":1,"turns":3},{"damage":0,"enemies":"Cultist","floor":2,"turns":4},{"damage":0,"enemies":"2 Louse","floor":3,"turns":4},{"damage":0,"enemies":"2 Fungi Beasts","floor":5,"turns":4},{"damage":0,"enemies":"Blue Slaver","floor":8,"turns":2},{"damage":0,"enemies":"Gremlin Nob","floor":11,"turns":3},{"damage":0,"enemies":"Gremlin Gang","floor":12,"turns":3},{"damage":0,"enemies":"Lots of Slimes","floor":14,"turns":3},{"damage":23,"enemies":"The Guardian","floor":16,"turns":12},{"damage":0,"enemies":"3 Byrds","floor":18,"turns":4},{"damage":0,"enemies":"Spheric Guardian","floor":19,"turns":1},{"damage":0,"enemies":"Slaver and Parasite","floor":21,"turns":5},{"damage":4,"enemies":"Snake Plant","floor":22,"turns":4},{"damage":0,"enemies":"Snecko","floor":24,"turns":3},{"damage":0,"enemies":"Chosen and Byrds","floor":25,"turns":5},{"damage":0,"enemies":"Centurion and Healer","floor":27,"turns":4},{"damage":2,"enemies":"Slavers","floor":31,"turns":3},{"damage":25,"enemies":"Collector","floor":33,"turns":5},{"damage":0,"enemies":"Orb Walker","floor":35,"turns":2},{"damage":46,"enemies":"Donu and Deca","floor":37,"turns":5}],"seed_played":"3469978400639881341","potions_obtained":[{"floor":1,"key":"Block Potion"},{"floor":2,"key":"Energy Potion"},{"floor":5,"key":"Explosive Potion"},{"floor":12,"key":"GamblersBrew"}],"is_trial":false,"path_per_floor":["M","M","M","?","M","?","R","M","T","$","E","M","R","M","R","B",null,"M","M","?","M","M","R","M","M","T","M","$","R","T","E","R","B",null,"M","?"],"character_chosen":"THE_SILENT","items_purchased":["Swift Strike","Mercury Hourglass","Slice"],"campfire_rested":0,"item_purchase_floors":[10,28,28],"current_hp_per_floor":[68,67,66,65,64,63,62,61,60,59,58,57,56,55,54,31,52,51,50,44,44,40,40,40,40,40,40,40,40,46,44,44,19,42,41,40,0],"gold":194,"neow_bonus":"","is_prod":false,"is_daily":true,"chose_seed":false,"campfire_upgraded":3,"win_rate":0,"timestamp":1530010214,"path_taken":["M","M","M","?","?","?","R","M","T","$","E","M","R","M","R","BOSS","M","M","?","?","M","R","M","M","T","M","$","R","?","E","R","BOSS","M","?","BOSS"],"build_version":"2018-06-21v2","purchased_purges":0,"victory":false,"max_hp_per_floor":[68,67,66,65,64,63,62,61,60,59,58,57,56,55,54,53,52,51,50,49,48,47,46,45,44,43,42,41,40,46,45,44,43,42,41,40,40],"card_choices":[{"not_picked":["Malaise","Terror"],"picked":"Backflip","floor":1},{"not_picked":["Footwork","Flying Knee"],"picked":"Slice","floor":2},{"not_picked":["Noxious Fumes","Poisoned Stab"],"picked":"Flechettes","floor":3},{"not_picked":["Malaise","Endless Agony"],"picked":"Backstab","floor":5},{"not_picked":["Backflip","Deadly Poison"],"picked":"Endless Agony","floor":8},{"not_picked":["Quick Slash","Outmaneuver"],"picked":"Blur","floor":11},{"not_picked":["Underhanded Strike","Sucker Punch"],"picked":"Cloak And Dagger","floor":12},{"not_picked":["Underhanded Strike","Caltrops"],"picked":"Backstab","floor":14},{"not_picked":["Glass Knife","Storm of Steel"],"picked":"After Image","floor":16},{"not_picked":["Dagger Throw","Predator"],"picked":"Slice+1","floor":18},{"not_picked":["Calculated Gamble","Prepared"],"picked":"Dodge and Roll","floor":19},{"not_picked":["Backflip","PiercingWail+1"],"picked":"Slice","floor":21},{"not_picked":["Endless Agony","Well Laid Plans"],"picked":"Slice+1","floor":22},{"not_picked":["Outmaneuver","Expertise+1"],"picked":"A Thousand Cuts","floor":24},{"not_picked":["PiercingWail","Bane+1"],"picked":"Caltrops+1","floor":25},{"not_picked":["Escape Plan","PiercingWail"],"picked":"Slice","floor":27},{"not_picked":["Quick Slash","Dagger Throw"],"picked":"Infinite Blades","floor":31},{"not_picked":["Glass Knife","Corpse Explosion"],"picked":"Die Die Die","floor":33},{"not_picked":["PiercingWail","Sucker Punch"],"picked":"Dodge and Roll+1","floor":35}],"player_experience":91605,"relics_obtained":[{"floor":9,"key":"Vajra"},{"floor":11,"key":"Dream Catcher"},{"floor":26,"key":"Centennial Puzzle"},{"floor":30,"key":"Strawberry"},{"floor":31,"key":"Ninja Scroll"}],"event_choices":[{"event_name":"Bonfire Elementals","player_choice":"BASIC","floor":4,"damage_taken":0},{"event_name":"World of Goop","player_choice":"Left","floor":6,"damage_taken":0},{"event_name":"Nest","player_choice":"Joined the Cult","floor":20,"damage_taken":0},{"event_name":"SecretPortal","player_choice":"Took Portal.","floor":36,"damage_taken":0}],"boss_relics":[{"not_picked":["Runic Dome","Velvet Choker"],"picked":"Sozu"},{"not_picked":["Orrery","Calling Bell"],"picked":"Pandora\u0027s Box"}],"items_purged_floors":[],"is_endless":false,"potions_floor_spawned":[1,2,5,12,24,25,31,33,35],"killed_by":"Donu and Deca","ascension_level":0}