{"gold_per_floor":[114,114,76,88,101,126,136,155,155,169,198,80,97,129,129,233,233,249,249,164,179,192,192,225,225,225,225,225,225,225,239,239,338,388,404,166,166,166,180,180,192,192,215,215,233,233,59,77,77,77],"floor_reached":51,"playtime":1461,"items_purged":["Parasite"],"score":737,"play_id":"8a070a3e-cd35-4faa-8b16-bb646d61ba08","local_time":"20181230162046","is_ascension_mode":false,"campfire_choices":[{"data":"Defragment","floor":15.0,"key":"SMITH"},{"data":"Dualcast","floor":23.0,"key":"SMITH"},{"floor":25.0,"key":"REST"},{"data":"Defragment","floor":29.0,"key":"SMITH"},{"data":"Go for the Eyes","floor":32,"key":"SMITH"},{"data":"Coolheaded","floor":40,"key":"SMITH"},{"data":"Ball Lightning","floor":42,"key":"SMITH"},{"data":"Rainbow","floor":49,"key":"SMITH"}],"neow_cost":"NONE","seed_source_timestamp":505463654690349,"circlet_count":0,"master_deck":["Strike_B+1","Strike_B+1","Defend_B+1","Defend_B+1","Defend_B+1","Defend_B+1","Zap+1","Dualcast+1","BootSequence+1","Ball Lightning+1","Ball Lightning+1","Defragment+1","Conserve Battery+1","Coolheaded+1","Go for the Eyes+1","Defragment+1","Storm+1","Barrage+1","Steam+1","Undo+1","Rainbow+1","Buffer"],"special_seed":0,"relics":["Cracked Core","Bag of Preparation","Happy Flower","Darkstone Periapt","The Courier","Cables","Lantern","Dead Branch","Sozu","Pantograph","Bottled Tornado","Meat on the Bone","Tiny House","FossilizedHelix","Centennial Puzzle","Mark of the Bloom"],"potions_floor_usage":[50],"damage_taken":[{"damage":0.0,"enemies":"Cultist","floor":1.0,"turns":2.0},{"damage":3.0,"enemies":"Small Slimes","floor":4.0,"turns":4.0},{"damage":0.0,"enemies":"2 Louse","floor":5.0,"turns":2.0},{"damage":28.0,"enemies":"Lagavulin","floor":6.0,"turns":8.0},{"damage":0.0,"enemies":"Large Slime","floor":7.0,"turns":5.0},{"damage":0.0,"enemies":"2 Fungi Beasts","floor":8.0,"turns":2.0},{"damage":0.0,"enemies":"3 Louse","floor":10.0,"turns":4.0},{"damage":5.0,"enemies":"Gremlin Nob","floor":11.0,"turns":3.0},{"damage":0.0,"enemies":"Large Slime","floor":13.0,"turns":2.0},{"damage":26.0,"enemies":"Lagavulin","floor":14.0,"turns":4.0},{"damage":8.0,"enemies":"The Guardian","floor":16.0,"turns":6.0},{"damage":2.0,"enemies":"3 Byrds","floor":18.0,"turns":3.0},{"damage":10.0,"enemies":"Spheric Guardian","floor":21.0,"turns":3.0},{"damage":12.0,"enemies":"Snake Plant","floor":22.0,"turns":3.0},{"damage":17.0,"enemies":"Gremlin Leader","floor":24.0,"turns":5.0},{"damage":0,"enemies":"Cultist and Chosen","floor":31,"turns":4},{"damage":56,"enemies":"Collector","floor":33,"turns":10},{"damage":0,"enemies":"3 Shapes","floor":35,"turns":4},{"damage":0,"enemies":"Orb Walker","floor":39,"turns":2},{"damage":0,"enemies":"Maw","floor":41,"turns":8},{"damage":0,"enemies":"Writhing Mass","floor":45,"turns":6},{"damage":0,"enemies":"Jaw Worm Horde","floor":48,"turns":3},{"damage":0,"enemies":"Awakened One","floor":50,"turns":15}],"seed_played":"6065086440228162751","potions_obtained":[{"floor":6.0,"key":"Strength Potion"},{"floor":7.0,"key":"Fire Potion"},{"floor":8.0,"key":"Explosive Potion"},{"floor":16.0,"key":"Weak Potion"}],"is_trial":false,"path_per_floor":["M","?","$","M","M","E","M","M","T","M","E","$","M","E","R","B",null,"M","?","?","M","M","R","E","R","T","?","?","R","?","M","R","B",null,"M","$","?","?","M","R","M","R","T","?","M","?","$","M","R","B",null],"character_chosen":"DEFECT","items_purchased":["BootSequence","Lantern","FossilizedHelix","Rainbow"],"campfire_rested":1,"item_purchase_floors":[3,12,36,47],"current_hp_per_floor":[75,72,72,69,69,41,41,41,41,41,36,36,36,10,10,2,75,73,73,73,63,51,51,34,56,56,56,56,56,42,42,42,23,85,85,85,85,85,85,85,85,85,85,85,91,91,88,88,88,88],"gold":77,"neow_bonus":"RANDOM_COMMON_RELIC","is_prod":false,"is_daily":false,"chose_seed":false,"campfire_upgraded":7,"win_rate":0,"timestamp":1546186846,"path_taken":["M","?","$","M","M","E","M","M","T","M","E","$","M","E","R","BOSS","M","?","?","M","M","R","E","R","T","?","?","R","?","M","R","BOSS","M","$","?","?","M","R","M","R","T","?","M","?","$","M","R","BOSS"],"build_version":"2018-12-20","purchased_purges":1,"victory":true,"max_hp_per_floor":[75,75,75,75,75,75,75,75,75,75,75,75,75,75,75,75,75,75,75,75,75,75,75,75,75,75,75,75,75,80,80,80,80,85,85,85,85,85,85,85,85,85,85,85,91,91,88,88,88,88],"card_choices":[{"not_picked":["Gash","Fusion","Redo"],"picked":"SKIP","floor":1.0},{"not_picked":["Darkness","Blizzard","Leap"],"picked":"SKIP","floor":4.0},{"not_picked":["Steam Power","Hologram","Stack"],"picked":"SKIP","floor":5.0},{"not_picked":["Redo","Gash","Thunder Strike"],"picked":"SKIP","floor":6.0},{"not_picked":["Gash","Lockon"],"picked":"Ball Lightning","floor":7.0},{"not_picked":["Compile Driver","Sweeping Beam","Cold Snap"],"picked":"SKIP","floor":8.0},{"not_picked":["Compile Driver","Multi-Cast"],"picked":"Ball Lightning","floor":10.0},{"not_picked":["Gash","Tempest","Rebound"],"picked":"SKIP","floor":11.0},{"not_picked":["Redo","BootSequence","Compile Driver"],"picked":"SKIP","floor":13.0},{"not_picked":["Stack","Steam Power"],"picked":"Defragment","floor":14.0},{"not_picked":["Double Energy","Redo","Go for the Eyes"],"picked":"SKIP","floor":18.0},{"not_picked":["Gash","Leap"],"picked":"Conserve Battery","floor":21.0},{"not_picked":["Hologram","Fission"],"picked":"Coolheaded","floor":22.0},{"not_picked":["Hologram","Gash","Streamline"],"picked":"SKIP","floor":24.0},{"not_picked":["Streamline","Steam","Heatsinks"],"picked":"SKIP","floor":31},{"not_picked":["Streamline","Steam"],"picked":"Barrage+1","floor":34},{"not_picked":["Compile Driver+1","Gash"],"picked":"Steam+1","floor":35},{"not_picked":["Consume+1","Barrage","Cold Snap"],"picked":"SKIP","floor":39},{"not_picked":["Hologram+1","Steam+1"],"picked":"Undo+1","floor":41},{"not_picked":["Stack+1","Gash+1","Turbo"],"picked":"SKIP","floor":45},{"not_picked":["Leap+1","Self Repair+1"],"picked":"Buffer","floor":48}],"player_experience":926184,"relics_obtained":[{"floor":6.0,"key":"Darkstone Periapt"},{"floor":9.0,"key":"The Courier"},{"floor":11.0,"key":"Cables"},{"floor":14.0,"key":"Dead Branch"},{"floor":24.0,"key":"Bottled Tornado"},{"floor":26.0,"key":"Meat on the Bone"},{"floor":43,"key":"Centennial Puzzle"}],"event_choices":[{"damage_healed":0.0,"max_hp_gain":0.0,"max_hp_loss":0.0,"gold_gain":0.0,"event_name":"Scrap Ooze","player_choice":"Success","floor":2.0,"gold_loss":0.0,"damage_taken":3.0,"relics_obtained":["Happy Flower"]},{"damage_healed":0.0,"max_hp_gain":0.0,"max_hp_loss":0.0,"gold_gain":0.0,"event_name":"Vampires","player_choice":"Ignored","floor":19.0,"gold_loss":0.0,"damage_taken":0.0},{"damage_healed":0.0,"max_hp_gain":0.0,"max_hp_loss":0.0,"gold_gain":0.0,"event_name":"Addict","player_choice":"Obtained Relic","floor":20.0,"gold_loss":85.0,"damage_taken":0.0,"relics_obtained":["Pantograph"]},{"damage_healed":0.0,"max_hp_gain":0.0,"max_hp_loss":0.0,"gold_gain":0.0,"event_name":"The Library","player_choice":"Read","floor":27.0,"gold_loss":0.0,"damage_taken":0.0,"cards_obtained":["Go for the Eyes"]},{"damage_healed":0.0,"max_hp_gain":0.0,"max_hp_loss":0.0,"gold_gain":0.0,"cards_transformed":["Strike_B","Strike_B"],"event_name":"Drug Dealer","player_choice":"Became Test Subject","floor":28.0,"gold_loss":0.0,"damage_taken":0.0,"cards_obtained":["Defragment","Storm"]},{"damage_healed":0.0,"max_hp_gain":5.0,"max_hp_loss":0.0,"gold_gain":0.0,"event_name":"Forgotten Altar","player_choice":"Shed Blood","floor":30.0,"gold_loss":0.0,"damage_taken":19.0},{"damage_healed":0,"gold_gain":0,"player_choice":"Ignored","damage_taken":0,"max_hp_gain":0,"max_hp_loss":0,"event_name":"Mysterious Sphere","floor":37,"gold_loss":0},{"damage_healed":0,"gold_gain":0,"player_choice":"Memory 1","damage_taken":0,"max_hp_gain":0,"max_hp_loss":0,"event_name":"SensoryStone","floor":38,"gold_loss":0},{"damage_healed":0,"gold_gain":0,"player_choice":"Ignored","damage_taken":0,"max_hp_gain":0,"max_hp_loss":0,"event_name":"Tomb of Lord Red Mask","floor":44,"gold_loss":0},{"damage_healed":0,"gold_gain":0,"player_choice":"Upgrade","damage_taken":0,"relics_obtained":["Mark of the Bloom"],"max_hp_gain":0,"max_hp_loss":0,"event_name":"MindBloom","floor":46,"gold_loss":0,"cards_upgraded":["Strike_B","Strike_B","Defend_B","Defend_B","Defend_B","Defend_B","BootSequence","Ball Lightning","Conserve Battery","Storm"]}],"is_beta":false,"boss_relics":[{"not_picked":["Ectoplasm","Lizard Tail"],"picked":"Sozu"},{"not_picked":["Pandora\u0027s Box","Runic Dome"],"picked":"Tiny House"}],"items_purged_floors":[47],"is_endless":false,"potions_floor_spawned":[6,7,8,16,18,31,48],"ascension_level":0}