{"gold_per_floor":[118,118,129,79,79,79,79,4,55,65,83,83,95,111,111,206,206,219,219,144,144,124,124,155,168,217,228,228,50,50,62,62,162,162,178,178,178,17,34,34,52,52,52,62,62,28,42,54,54,54],"floor_reached":51,"playtime":5886,"items_purged":["Slice","Cloak And Dagger","Dodge and Roll"],"score":659,"play_id":"1792d50d-5994-4d27-8962-b90f4511fd12","local_time":"20180812155021","is_ascension_mode":false,"campfire_choices":[{"data":"Deadly Poison","floor":6.0,"key":"SMITH"},{"data":"Sucker Punch","floor":12.0,"key":"SMITH"},{"data":"Well Laid Plans","floor":15.0,"key":"SMITH"},{"floor":23.0,"key":"REST"},{"floor":28.0,"key":"REST"},{"data":"After Image","floor":30.0,"key":"SMITH"},{"floor":32.0,"key":"REST"},{"data":"Burst","floor":40.0,"key":"SMITH"},{"data":"Noxious Fumes","floor":42.0,"key":"SMITH"},{"floor":45.0,"key":"REST"},{"floor":49.0,"key":"REST"}],"neow_cost":"NONE","seed_source_timestamp":0,"circlet_count":0,"master_deck":["Survivor","Neutralize+1","Cloak And Dagger","Deadly Poison+1","Bane","Tactician","Deflect","Dagger Throw","Well Laid Plans+1","Sucker Punch+1","Flying Knee","After Image+1","Infinite Blades","Leg Sweep+1","Dash+1","Blade Dance+1","Caltrops","Burst+1","Madness","Madness","Noxious Fumes+1","Backflip+1","Footwork","Bane+1","Terror"],"special_seed":0,"relics":["Pandora\u0027s Box"],"potions_floor_usage":[50,50],"damage_taken":[{"damage":0.0,"enemies":"2 Louse","floor":1.0,"turns":2.0},{"damage":0.0,"enemies":"Cultist","floor":3.0,"turns":3.0},{"damage":1.0,"enemies":"Small Slimes","floor":10.0,"turns":2.0},{"damage":0.0,"enemies":"Looter","floor":11.0,"turns":3.0},{"damage":2.0,"enemies":"Exordium Wildlife","floor":13.0,"turns":4.0},{"damage":0.0,"enemies":"2 Fungi Beasts","floor":14.0,"turns":3.0},{"damage":0.0,"enemies":"The Guardian","floor":16.0,"turns":8.0},{"damage":9.0,"enemies":"3 Byrds","floor":18.0,"turns":6.0},{"damage":11.0,"enemies":"2 Thieves","floor":22.0,"turns":4.0},{"damage":2.0,"enemies":"Slavers","floor":24.0,"turns":7.0},{"damage":21.0,"enemies":"Chosen and Byrds","floor":25.0,"turns":8.0},{"damage":6.0,"enemies":"Snake Plant","floor":27.0,"turns":6.0},{"damage":0.0,"enemies":"3 Cultists","floor":31.0,"turns":7.0},{"damage":15.0,"enemies":"Automaton","floor":33.0,"turns":14.0},{"damage":1.0,"enemies":"Flame Bruiser 1 Orb","floor":35.0,"turns":10.0},{"damage":19.0,"enemies":"3 Darklings","floor":39.0,"turns":7.0},{"damage":10.0,"enemies":"Transient","floor":41.0,"turns":5.0},{"damage":2.0,"enemies":"Maw","floor":44.0,"turns":9.0},{"damage":15.0,"enemies":"4 Shapes","floor":47.0,"turns":9.0},{"damage":26.0,"enemies":"Flame Bruiser 2 Orb","floor":48.0,"turns":11.0},{"damage":16,"enemies":"Donu and Deca","floor":50,"turns":14}],"seed_played":"6000520112113197713","potions_obtained":[{"floor":11.0,"key":"FearPotion"},{"floor":13.0,"key":"PowerPotion"},{"floor":14.0,"key":"GamblersBrew"},{"floor":18.0,"key":"AttackPotion"},{"floor":27.0,"key":"FearPotion"},{"floor":31.0,"key":"EssenceOfSteel"},{"floor":35.0,"key":"SkillPotion"},{"floor":39.0,"key":"Dexterity Potion"},{"floor":47.0,"key":"Dexterity Potion"}],"is_trial":false,"path_per_floor":["M","?","M","?","?","R","?","$","T","M","M","R","M","M","R","B",null,"M","?","?","?","M","R","E","M","T","M","R","$","R","M","R","B",null,"M","?","?","$","M","R","M","R","T","M","R","$","M","M","R","B"],"character_chosen":"THE_SILENT","items_purchased":["Caltrops","Noxious Fumes","Footwork"],"campfire_rested":5,"item_purchase_floors":[29,38,46],"current_hp_per_floor":[70,70,70,70,70,70,70,70,70,69,69,69,67,67,67,67,70,61,61,61,48,37,59,57,36,36,30,52,52,52,52,74,59,75,74,74,65,65,46,46,36,36,36,34,56,56,41,15,37,21],"gold":54,"neow_bonus":"BOSS_RELIC","is_prod":false,"is_daily":false,"chose_seed":false,"campfire_upgraded":6,"win_rate":0,"timestamp":1534103421,"path_taken":["M","?","M","?","?","R","?","$","T","M","M","R","M","M","R","BOSS","M","?","?","?","?","R","E","M","T","?","R","$","R","M","R","BOSS","M","?","?","?","M","R","M","R","T","M","R","$","?","M","R","BOSS"],"build_version":"2018-08-09","purchased_purges":3,"victory":true,"max_hp_per_floor":[70,70,70,70,70,70,70,70,70,70,70,70,70,70,70,70,70,70,70,70,75,75,75,75,75,75,75,75,75,75,75,75,75,75,75,75,75,75,75,75,75,75,75,75,75,75,75,75,75,75],"card_choices":[{"not_picked":["Heel Hook","Endless Agony"],"picked":"Dagger Throw","floor":1.0},{"not_picked":["Setup","Expertise"],"picked":"Well Laid Plans","floor":3.0},{"not_picked":["Cloak And Dagger","Reflex","Eviscerate"],"picked":"SKIP","floor":10.0},{"not_picked":["Slice","Blade Dance"],"picked":"Sucker Punch","floor":11.0},{"not_picked":["Slice","Outmaneuver","Quick Slash"],"picked":"SKIP","floor":13.0},{"not_picked":["All Out Attack","Poisoned Stab"],"picked":"Flying Knee","floor":14.0},{"not_picked":["Glass Knife","Bullet Time"],"picked":"After Image","floor":16.0},{"not_picked":["Acrobatics+1","All Out Attack"],"picked":"Infinite Blades","floor":18.0},{"not_picked":["Sucker Punch","Endless Agony"],"picked":"Leg Sweep+1","floor":22.0},{"not_picked":["PiercingWail+1","Quick Slash+1"],"picked":"Dash+1","floor":24.0},{"not_picked":["Dagger Throw","Leg Sweep","Predator+1"],"picked":"SKIP","floor":25.0},{"not_picked":["Leg Sweep","Bullet Time"],"picked":"Blade Dance+1","floor":27.0},{"not_picked":["Bane","Flying Knee","Dodge and Roll"],"picked":"SKIP","floor":31.0},{"not_picked":["Bullet Time","After Image"],"picked":"Burst","floor":33.0},{"not_picked":["Underhanded Strike","Flechettes+1","Setup"],"picked":"SKIP","floor":35.0},{"not_picked":["Deflect+1","Dagger Spray","Eviscerate"],"picked":"SKIP","floor":39.0},{"not_picked":["Calculated Gamble+1","Underhanded Strike+1"],"picked":"Backflip+1","floor":41.0},{"not_picked":["Poisoned Stab+1","Calculated Gamble+1","Unload"],"picked":"SKIP","floor":44.0},{"not_picked":["Cloak And Dagger","Slice"],"picked":"Bane+1","floor":47.0},{"not_picked":["Poisoned Stab+1","Dagger Throw"],"picked":"Terror","floor":48.0}],"player_experience":2111553,"relics_obtained":[],"event_choices":[{"event_name":"Living Wall","player_choice":"Grow","floor":2.0,"damage_taken":0.0},{"event_name":"The Cleric","player_choice":"Card Removal","floor":4.0,"damage_taken":0.0},{"event_name":"Golden Idol","player_choice":"Ignored","floor":5.0,"damage_taken":0.0},{"event_name":"FaceTrader","player_choice":"Leave","floor":7.0,"damage_taken":0.0},{"event_name":"The Mausoleum","player_choice":"No","floor":19.0,"damage_taken":0.0},{"event_name":"Beggar","player_choice":"Gave Gold","floor":20.0,"damage_taken":0.0},{"event_name":"Forgotten Altar","player_choice":"Shed Blood","floor":21.0,"damage_taken":0.0},{"event_name":"Mysterious Sphere","player_choice":"Ignore","floor":36.0,"damage_taken":0.0},{"event_name":"Winding Halls","player_choice":"Embrace Madness","floor":37.0,"damage_taken":0.0}],"is_beta":false,"boss_relics":[{"not_picked":["Tiny House","Snecko Eye","Coffee Dripper"]},{"not_picked":["Tiny House","Snecko Eye","Coffee Dripper"]}],"items_purged_floors":[8,29,38],"is_endless":false,"potions_floor_spawned":[11,13,14,18,27,31,35,39,47],"ascension_level":0}