{"gold_per_floor":[131,154,166,230,242,254,293,380,475,517,529,567,579,604,616,730,742,766,789,826,838,863,904,936,948,960,972,1000,1012,1024,101,101,204,204,216,216,230,130,130,161,12,42,42,62,97,97,97,122,122,122],"floor_reached":51,"playtime":5566,"items_purged":["Strike_G","Decay"],"score":957,"play_id":"08103f05-5523-40db-9481-67ce75037d02","local_time":"20190125114705","is_ascension_mode":true,"campfire_choices":[{"data":"Neutralize","floor":6,"key":"SMITH"},{"floor":11,"key":"REST"},{"floor":13,"key":"REST"},{"data":"Noxious Fumes","floor":15,"key":"SMITH"},{"floor":25,"key":"REST"},{"data":"Cloak And Dagger","floor":27,"key":"SMITH"},{"data":"Sucker Punch","floor":29,"key":"SMITH"},{"floor":32,"key":"REST"},{"floor":47,"key":"REST"},{"floor":49,"key":"REST"}],"neow_cost":"NONE","seed_source_timestamp":50738462123200,"circlet_count":0,"master_deck":["Defend_G","Defend_G","Defend_G","Defend_G","Defend_G","Strike_G","Strike_G","Survivor","Neutralize+1","All Out Attack","Cloak And Dagger+1","Sucker Punch+1","Caltrops","Noxious Fumes+1","Adrenaline+1","Backflip+1","Cloak And Dagger+1","Calculated Gamble+1","Dodge and Roll+1","Tactician+1","Backflip+1","Tactician+1","Infinite Blades+1","Cloak And Dagger+1","Blind+1","Metamorphosis+1","Burst+1","Cloak And Dagger+1","Dagger Throw+1","Acrobatics+1","Cloak And Dagger+1","Parasite","Concentrate+1","Tactician+1","Finesse+1","Dark Shackles+1","Regret"],"relics":["Ring of the Snake","MawBank","Tough Bandages","Tiny Chest","Toxic Egg 2","Strawberry","Empty Cage","Red Mask","Bottled Flame","StoneCalendar","Kunai","Shuriken","Oddly Smooth Stone","Cursed Key","WingedGreaves","Anchor","Meat on the Bone","Torii","Question Card","Bag of Preparation"],"potions_floor_usage":[7,10,20,23,24,33,33,44,44,50],"damage_taken":[{"damage":2,"enemies":"2 Louse","floor":1,"turns":3},{"damage":8,"enemies":"Jaw Worm","floor":2,"turns":7},{"damage":20,"enemies":"3 Sentries","floor":7,"turns":12},{"damage":15,"enemies":"Gremlin Nob","floor":10,"turns":5},{"damage":26,"enemies":"Lagavulin","floor":12,"turns":9},{"damage":0,"enemies":"Small Slimes","floor":14,"turns":3},{"damage":30,"enemies":"The Guardian","floor":16,"turns":11},{"damage":14,"enemies":"Spheric Guardian","floor":18,"turns":6},{"damage":1,"enemies":"Chosen","floor":19,"turns":5},{"damage":10,"enemies":"Masked Bandits","floor":20,"turns":4},{"damage":12,"enemies":"Snecko","floor":22,"turns":6},{"damage":24,"enemies":"Slavers","floor":23,"turns":6},{"damage":12,"enemies":"3 Cultists","floor":24,"turns":5},{"damage":2,"enemies":"Centurion and Healer","floor":28,"turns":7},{"damage":5,"enemies":"Collector","floor":33,"turns":8},{"damage":2,"enemies":"Orb Walker","floor":35,"turns":4},{"damage":0,"enemies":"3 Shapes","floor":37,"turns":5},{"damage":0,"enemies":"Nemesis","floor":40,"turns":5},{"damage":22,"enemies":"Reptomancer","floor":42,"turns":5},{"damage":0,"enemies":"Jaw Worm Horde","floor":44,"turns":3},{"damage":22,"enemies":"Nemesis","floor":45,"turns":5},{"damage":60,"enemies":"Awakened One","floor":50,"turns":11}],"seed_played":"5493638412459645385","potions_obtained":[{"floor":2,"key":"Poison Potion"},{"floor":7,"key":"PowerPotion"},{"floor":18,"key":"Strength Potion"},{"floor":20,"key":"GamblersBrew"},{"floor":23,"key":"EssenceOfSteel"},{"floor":24,"key":"PowerPotion"},{"floor":33,"key":"SteroidPotion"},{"floor":37,"key":"AttackPotion"},{"floor":40,"key":"SteroidPotion"},{"floor":45,"key":"SpeedPotion"}],"is_trial":false,"path_per_floor":["M","M","$","?","$","R","E","?","T","E","R","E","R","M","R","B",null,"M","M","?","T","M","E","M","R","T","R","M","R","?","$","R","B",null,"M","?","M","$","?","E","$","E","T","M","E","?","R","T","R","B",null],"character_chosen":"THE_SILENT","items_purchased":["Shuriken","Infinite Blades","Cloak And Dagger+1","Blind+1","Oddly Smooth Stone","Metamorphosis+1","Dexterity Potion","LiquidBronze","Anchor"],"campfire_rested":6,"item_purchase_floors":[31,31,31,31,31,31,31,31,41],"current_hp_per_floor":[68,60,60,60,60,60,40,29,29,14,35,16,39,39,39,9,77,63,62,52,52,40,16,4,27,27,27,25,25,25,25,48,43,77,75,73,73,73,73,73,73,51,51,51,41,31,52,52,73,25],"gold":122,"neow_bonus":"RANDOM_COMMON_RELIC","is_prod":false,"is_daily":false,"chose_seed":false,"campfire_upgraded":4,"win_rate":0,"timestamp":1548413225,"path_taken":["M","M","$","?","$","R","E","?","T","E","R","E","R","M","R","BOSS","M","M","?","?","M","E","M","R","T","R","M","R","?","$","R","BOSS","M","?","M","$","?","E","$","E","T","?","E","?","R","?","R","BOSS"],"build_version":"2019-01-23","purchased_purges":2,"victory":true,"max_hp_per_floor":[70,70,70,70,70,70,70,70,70,70,70,77,77,77,77,77,77,77,77,77,77,77,77,77,77,77,77,77,77,77,77,77,77,77,77,73,73,73,73,73,73,73,73,73,73,73,73,73,73,73],"card_choices":[{"not_picked":["Dodge and Roll","Concentrate"],"picked":"All Out Attack","floor":1},{"not_picked":["Expertise","Caltrops"],"picked":"Cloak And Dagger","floor":2},{"not_picked":["Poisoned Stab","Bane","Catalyst"],"picked":"SKIP","floor":7},{"not_picked":["Well Laid Plans","Quick Slash"],"picked":"Sucker Punch","floor":10},{"not_picked":["Grand Finale","Outmaneuver+1"],"picked":"Caltrops","floor":12},{"not_picked":["Deadly Poison+1","Prepared+1"],"picked":"Noxious Fumes","floor":14},{"not_picked":["A Thousand Cuts","Corpse Explosion+1"],"picked":"Adrenaline+1","floor":16},{"not_picked":["Acrobatics+1","Dagger Spray"],"picked":"Backflip+1","floor":18},{"not_picked":["Flying Knee","Deadly Poison+1"],"picked":"Cloak And Dagger+1","floor":19},{"not_picked":["Deadly Poison+1","Crippling Poison+1"],"picked":"Calculated Gamble+1","floor":20},{"not_picked":["Blade Dance+1","Bane"],"picked":"Dodge and Roll+1","floor":22},{"not_picked":["Bane","Masterful Stab"],"picked":"Tactician+1","floor":23},{"not_picked":["Unload","Flying Knee"],"picked":"Backflip+1","floor":24},{"not_picked":["Distraction+1","Underhanded Strike+1"],"picked":"Tactician+1","floor":28},{"not_picked":["Glass Knife","Envenom"],"picked":"Burst+1","floor":33},{"not_picked":["Deflect+1","Choke"],"picked":"Cloak And Dagger+1","floor":35},{"not_picked":["Flying Knee","Endless Agony+1"],"picked":"Dagger Throw+1","floor":37},{"not_picked":["Bane+1","Dodge and Roll+1"],"picked":"Acrobatics+1","floor":40},{"not_picked":["Eviscerate","A Thousand Cuts"],"picked":"Cloak And Dagger+1","floor":42},{"not_picked":["Cloak And Dagger+1","Leg Sweep+1"],"picked":"Concentrate+1","floor":44},{"not_picked":["Catalyst+1","Choke"],"picked":"Tactician+1","floor":45},{"not_picked":["Forethought+1","Panacea+1","Swift Strike"],"picked":"Finesse+1","floor":46},{"not_picked":["Enlightenment+1","Panacea+1","Flash of Steel"],"picked":"Dark Shackles+1","floor":46}],"player_experience":78068,"relics_obtained":[{"floor":7,"key":"Tough Bandages"},{"floor":9,"key":"Tiny Chest"},{"floor":10,"key":"Toxic Egg 2"},{"floor":12,"key":"Strawberry"},{"floor":20,"key":"Red Mask"},{"floor":21,"key":"Bottled Flame"},{"floor":23,"key":"StoneCalendar"},{"floor":26,"key":"Kunai"},{"floor":40,"key":"WingedGreaves"},{"floor":42,"key":"Meat on the Bone"},{"floor":43,"key":"Torii"},{"floor":45,"key":"Question Card"},{"floor":48,"key":"Bag of Preparation"}],"event_choices":[{"damage_healed":0,"gold_gain":52,"player_choice":"Gained Gold","damage_taken":0,"max_hp_gain":0,"max_hp_loss":0,"event_name":"Golden Wing","floor":4,"gold_loss":0},{"damage_healed":0,"gold_gain":75,"player_choice":"Gather Gold","damage_taken":11,"max_hp_gain":0,"max_hp_loss":0,"event_name":"World of Goop","floor":8,"gold_loss":0},{"damage_healed":0,"gold_gain":0,"player_choice":"Fought Bandits","damage_taken":0,"max_hp_gain":0,"max_hp_loss":0,"event_name":"Masked Bandits","floor":20,"gold_loss":0},{"damage_healed":0,"gold_gain":0,"player_choice":"Smashed Altar","damage_taken":0,"max_hp_gain":0,"max_hp_loss":0,"event_name":"Forgotten Altar","floor":30,"gold_loss":0,"cards_obtained":["Decay"]},{"damage_healed":0,"gold_gain":0,"player_choice":"Max HP","damage_taken":0,"max_hp_gain":0,"max_hp_loss":4,"event_name":"Winding Halls","floor":36,"gold_loss":0},{"damage_healed":0,"gold_gain":0,"player_choice":"Forge","damage_taken":0,"max_hp_gain":0,"max_hp_loss":0,"event_name":"Accursed Blacksmith","floor":39,"gold_loss":0,"cards_upgraded":["Infinite Blades"]},{"damage_healed":0,"gold_gain":0,"player_choice":"Memory 3","damage_taken":10,"max_hp_gain":0,"max_hp_loss":0,"event_name":"SensoryStone","floor":46,"gold_loss":0}],"is_beta":false,"boss_relics":[{"not_picked":["Tiny House","White Beast Statue"],"picked":"Empty Cage"},{"not_picked":["Velvet Choker","HoveringKite"],"picked":"Cursed Key"}],"items_purged_floors":[31,38],"is_endless":false,"potions_floor_spawned":[2,7,18,20,23,24,33,37,40,45],"ascension_level":3}