{"gold_per_floor":[114,134,154,79,79,79,91,91,114,132,148,148,0,27,27,123,123,139,139,39,52,2,2,14,14,14,14,30,57,157,187,187,285,285,304,26,126,126,138,166,166,180,204,204,204,257,270,285,285,285],"floor_reached":51,"playtime":4295,"items_purged":["Strike_R","Strike_R","Strike_R"],"score":825,"play_id":"d6df418e-cdfa-459e-a85b-9f78b70a625b","local_time":"20190121181238","is_ascension_mode":true,"campfire_choices":[{"data":"Limit Break","floor":6,"key":"SMITH"},{"data":"Inflame","floor":8,"key":"SMITH"},{"data":"True Grit","floor":12,"key":"SMITH"},{"data":"Heavy Blade","floor":15,"key":"SMITH"},{"data":"Offering","floor":23,"key":"SMITH"},{"data":"Battle Trance","floor":25,"key":"SMITH"},{"data":"Bash","floor":27,"key":"SMITH"},{"data":"Whirlwind","floor":32,"key":"SMITH"},{"data":"Shockwave","floor":41,"key":"SMITH"},{"data":"Flame Barrier","floor":45,"key":"SMITH"},{"data":"1","floor":49,"key":"LIFT"}],"neow_cost":"PERCENT_DAMAGE","seed_source_timestamp":451325758594300,"circlet_count":0,"master_deck":["Strike_R","Strike_R","Defend_R","Defend_R","Defend_R","Defend_R","Bash+1","Limit Break+1","Twin Strike","Heavy Blade+1","Inflame+1","Battle Trance+1","True Grit+1","Offering+1","Whirlwind+1","Demon Form+1","Flame Barrier+1","Shockwave+1","Shrug It Off+1","Impervious"],"relics":["Burning Blood","Centennial Puzzle","Vajra","PreservedInsect","Velvet Choker","Darkstone Periapt","Question Card","Pear","Philosopher\u0027s Stone","Prayer Wheel","Omamori","Bag of Preparation","Girya"],"potions_floor_usage":[16,24,50,50,50],"damage_taken":[{"damage":1,"enemies":"Jaw Worm","floor":1,"turns":6},{"damage":2,"enemies":"2 Louse","floor":2,"turns":4},{"damage":1,"enemies":"Cultist","floor":3,"turns":3},{"damage":12,"enemies":"Looter","floor":7,"turns":4},{"damage":18,"enemies":"Exordium Thugs","floor":10,"turns":4},{"damage":1,"enemies":"2 Fungi Beasts","floor":11,"turns":4},{"damage":8,"enemies":"Gremlin Nob","floor":14,"turns":3},{"damage":40,"enemies":"Hexaghost","floor":16,"turns":6},{"damage":6,"enemies":"3 Byrds","floor":18,"turns":4},{"damage":6,"enemies":"Chosen","floor":21,"turns":3},{"damage":21,"enemies":"Snake Plant","floor":24,"turns":3},{"damage":10,"enemies":"3 Cultists","floor":28,"turns":4},{"damage":13,"enemies":"Book of Stabbing","floor":29,"turns":2},{"damage":19,"enemies":"Slavers","floor":31,"turns":2},{"damage":20,"enemies":"Automaton","floor":33,"turns":4},{"damage":17,"enemies":"3 Shapes","floor":35,"turns":3},{"damage":6,"enemies":"Mind Bloom Boss Battle","floor":37,"turns":4},{"damage":10,"enemies":"3 Darklings","floor":39,"turns":3},{"damage":8,"enemies":"Nemesis","floor":40,"turns":3},{"damage":6,"enemies":"Spire Growth","floor":42,"turns":4},{"damage":19,"enemies":"2 Orb Walkers","floor":46,"turns":5},{"damage":10,"enemies":"Maw","floor":47,"turns":5},{"damage":6,"enemies":"Transient","floor":48,"turns":5},{"damage":25,"enemies":"Donu and Deca","floor":50,"turns":5}],"seed_played":"5992292462138092251","potions_obtained":[{"floor":2,"key":"SkillPotion"},{"floor":10,"key":"Swift Potion"},{"floor":11,"key":"FairyPotion"},{"floor":14,"key":"EssenceOfSteel"},{"floor":16,"key":"Regen Potion"},{"floor":24,"key":"Dexterity Potion"},{"floor":46,"key":"Dexterity Potion"}],"is_trial":false,"path_per_floor":["M","M","M","$","?","R","M","R","T","M","M","R","$","E","R","B",null,"M","?","$","M","$","R","M","R","T","R","M","E","?","E","R","B",null,"M","$","?","?","M","E","R","M","T","?","R","?","M","M","R","B",null],"character_chosen":"IRONCLAD","items_purchased":["Vajra","Dexterity Potion","Flame Barrier","Shockwave"],"campfire_rested":0,"item_purchase_floors":[13,22,36,36],"current_hp_per_floor":[61,65,70,70,75,75,69,69,69,57,62,62,62,60,60,26,85,85,85,85,85,85,85,70,70,70,70,66,59,59,56,56,42,95,84,84,84,84,80,78,78,78,78,78,78,65,61,61,61,42],"gold":285,"neow_bonus":"THREE_RARE_CARDS","is_prod":false,"is_daily":false,"chose_seed":false,"campfire_upgraded":10,"win_rate":1,"timestamp":1548090758,"path_taken":["M","M","M","$","?","R","M","R","T","M","M","R","$","E","R","BOSS","M","?","$","M","?","R","M","R","T","R","M","E","?","E","R","BOSS","M","$","?","?","M","E","R","?","T","?","R","?","M","M","R","BOSS"],"build_version":"2019-01-17v2","purchased_purges":3,"victory":true,"max_hp_per_floor":[80,80,80,80,85,85,85,85,85,85,85,85,85,85,85,85,85,85,85,85,85,85,85,85,85,85,85,85,85,85,95,95,95,95,95,95,95,95,95,95,95,95,95,90,90,90,90,90,90,90],"card_choices":[{"not_picked":["Juggernaut","Offering"],"picked":"Limit Break","floor":0},{"not_picked":["Iron Wave","Carnage"],"picked":"Twin Strike","floor":1},{"not_picked":["Rampage","Battle Trance"],"picked":"Heavy Blade","floor":2},{"not_picked":["Combust","Metallicize"],"picked":"Inflame","floor":3},{"not_picked":["Perfected Strike","Pommel Strike","Blood for Blood"],"picked":"SKIP","floor":7},{"not_picked":["Perfected Strike","Iron Wave"],"picked":"Battle Trance","floor":10},{"not_picked":["Armaments","Battle Trance"],"picked":"True Grit","floor":11},{"not_picked":["Bludgeon","Dropkick","Ghostly Armor"],"picked":"SKIP","floor":14},{"not_picked":["Bludgeon","Double Tap"],"picked":"Offering","floor":16},{"not_picked":["Twin Strike","Infernal Blade","Cleave"],"picked":"SKIP","floor":18},{"not_picked":["Anger+1","Heavy Blade+1","Second Wind"],"picked":"SKIP","floor":21},{"not_picked":["Twin Strike","Clash","Clothesline+1"],"picked":"SKIP","floor":24},{"not_picked":["Shrug It Off","Berserk"],"picked":"Whirlwind","floor":28},{"not_picked":["Reckless Charge","Searing Blow","Infernal Blade"],"picked":"SKIP","floor":29},{"not_picked":["Double Tap","Armaments","True Grit","Headbutt+1"],"picked":"SKIP","floor":31},{"not_picked":["Dark Embrace","Impervious","Barricade"],"picked":"Demon Form","floor":33},{"not_picked":["Battle Trance+1","Heavy Blade+1","Spot Weakness+1","Pummel+1"],"picked":"SKIP","floor":35},{"not_picked":["Thunderclap","Twin Strike","Inflame"],"picked":"Shrug It Off+1","floor":39},{"not_picked":["Iron Wave+1","Whirlwind","Corruption+1","Warcry"],"picked":"SKIP","floor":39},{"not_picked":["Clothesline+1","Berserk","Flex"],"picked":"Impervious","floor":40},{"not_picked":["Perfected Strike","Flex+1","Combust+1","Thunderclap"],"picked":"SKIP","floor":42},{"not_picked":["Carnage","Intimidate+1","Armaments+1","Twin Strike"],"picked":"SKIP","floor":42},{"not_picked":["Twin Strike","Flex+1","Rupture","Reckless Charge"],"picked":"SKIP","floor":47},{"not_picked":["Heavy Blade+1","Reckless Charge+1","Sever Soul","Pummel"],"picked":"SKIP","floor":47},{"not_picked":["Second Wind+1","Headbutt+1","Iron Wave","Rupture+1"],"picked":"SKIP","floor":48},{"not_picked":["Pommel Strike+1","Brutality","Cleave","Clothesline"],"picked":"SKIP","floor":48}],"player_experience":5291,"relics_obtained":[{"floor":9,"key":"Centennial Puzzle"},{"floor":14,"key":"PreservedInsect"},{"floor":26,"key":"Darkstone Periapt"},{"floor":29,"key":"Question Card"},{"floor":31,"key":"Pear"},{"floor":37,"key":"Prayer Wheel"},{"floor":40,"key":"Omamori"},{"floor":43,"key":"Bag of Preparation"},{"floor":46,"key":"Girya"}],"event_choices":[{"damage_healed":0,"gold_gain":0,"player_choice":"Donut","damage_taken":0,"max_hp_gain":5,"max_hp_loss":0,"event_name":"Big Fish","floor":5,"gold_loss":0},{"damage_healed":0,"gold_gain":0,"player_choice":"Got Potions","damage_taken":0,"max_hp_gain":0,"max_hp_loss":0,"event_name":"Lab","floor":19,"gold_loss":0},{"damage_healed":0,"gold_gain":100,"player_choice":"Pray","damage_taken":0,"max_hp_gain":0,"max_hp_loss":0,"event_name":"Golden Shrine","floor":30,"gold_loss":0},{"damage_healed":0,"gold_gain":0,"player_choice":"Fight","damage_taken":0,"max_hp_gain":0,"max_hp_loss":0,"event_name":"MindBloom","floor":37,"gold_loss":0},{"damage_healed":0,"gold_gain":0,"player_choice":"Upgraded","damage_taken":0,"max_hp_gain":0,"max_hp_loss":0,"event_name":"Upgrade Shrine","floor":38,"gold_loss":0,"cards_upgraded":["Demon Form"]},{"damage_healed":0,"gold_gain":0,"player_choice":"Max HP","damage_taken":0,"max_hp_gain":0,"max_hp_loss":5,"event_name":"Winding Halls","floor":44,"gold_loss":0},{"damage_healed":0,"gold_gain":0,"player_choice":"Fight","damage_taken":0,"max_hp_gain":0,"max_hp_loss":0,"event_name":"Mysterious Sphere","floor":46,"gold_loss":0}],"is_beta":false,"boss_relics":[{"not_picked":["Runic Dome","Astrolabe"],"picked":"Velvet Choker"},{"not_picked":["Coffee Dripper","Cursed Key"],"picked":"Philosopher\u0027s Stone"}],"items_purged_floors":[4,20,36],"is_endless":false,"potions_floor_spawned":[2,10,11,14,16,24,28,29,35,39,46,47,48],"ascension_level":1}