{"gold_per_floor":[218,232,407,407,181,181,181,156,156,189,201,230,242,275,275,375,375,394,394,188,205,129,129,156,156,156,170,170,170,185,196,196,296,296,306,306,306,209,209,209,229,191,218,235,235,89,311,323,323,323],"floor_reached":51,"playtime":1451,"items_purged":["Doubt","Strike_B"],"score":686,"play_id":"4366b3af-4d76-4c5d-9ff2-ed15dae805aa","local_time":"20181226003151","is_ascension_mode":false,"campfire_choices":[{"data":"Chaos","floor":6.0,"key":"SMITH"},{"floor":15.0,"key":"REST"},{"data":"Defragment","floor":23.0,"key":"SMITH"},{"floor":25.0,"key":"REST"},{"data":"Buffer","floor":29.0,"key":"SMITH"},{"data":"Capacitor","floor":32.0,"key":"SMITH"},{"data":"Echo Form","floor":40.0,"key":"SMITH"},{"floor":49,"key":"REST"}],"neow_cost":"NONE","seed_source_timestamp":102890982118302,"circlet_count":0,"master_deck":["Strike_B","Strike_B","Strike_B+1","Defend_B","Defend_B","Defend_B+1","Zap+1","Dualcast+1","Chaos+1","Ball Lightning","Capacitor+1","Defragment+1","Barrage+1","Buffer+1","Conserve Battery","Conserve Battery","Cold Snap+1","Echo Form+1","Conserve Battery+1","Echo Form","Turbo+1","Madness","Madness","Leap","Hologram+1","Go for the Eyes+1"],"special_seed":0,"relics":["Cracked Core","War Paint","Letter Opener","Dodecahedron","Orichalcum","Whetstone","White Beast Statue","Membership Card","Lantern","Red Mask","Centennial Puzzle","Orrery","Lee\u0027s Waffle","Dream Catcher","Pen Nib"],"potions_floor_usage":[48,50,50],"damage_taken":[{"damage":2.0,"enemies":"Small Slimes","floor":1.0,"turns":4.0},{"damage":1.0,"enemies":"2 Louse","floor":2.0,"turns":3.0},{"damage":13.0,"enemies":"Lagavulin","floor":10.0,"turns":6.0},{"damage":0.0,"enemies":"Cultist","floor":11.0,"turns":3.0},{"damage":40.0,"enemies":"3 Sentries","floor":12.0,"turns":7.0},{"damage":0.0,"enemies":"Exordium Thugs","floor":13.0,"turns":4.0},{"damage":6.0,"enemies":"Gremlin Nob","floor":14.0,"turns":4.0},{"damage":3.0,"enemies":"Hexaghost","floor":16.0,"turns":8.0},{"damage":10.0,"enemies":"Shell Parasite","floor":18.0,"turns":5.0},{"damage":2.0,"enemies":"Chosen","floor":21.0,"turns":4.0},{"damage":38.0,"enemies":"Masked Bandits","floor":24.0,"turns":5.0},{"damage":5.0,"enemies":"Snecko","floor":27.0,"turns":5.0},{"damage":0.0,"enemies":"Cultist and Chosen","floor":30.0,"turns":6.0},{"damage":7.0,"enemies":"Snake Plant","floor":31.0,"turns":4.0},{"damage":27.0,"enemies":"Collector","floor":33.0,"turns":9.0},{"damage":3.0,"enemies":"Orb Walker","floor":35.0,"turns":4.0},{"damage":8.0,"enemies":"3 Shapes","floor":41.0,"turns":4.0},{"damage":39.0,"enemies":"Spire Growth","floor":44.0,"turns":6.0},{"damage":8,"enemies":"4 Shapes","floor":48,"turns":5},{"damage":2,"enemies":"Time Eater","floor":50,"turns":14}],"seed_played":"2888315342478184626","potions_obtained":[{"floor":10.0,"key":"AttackPotion"},{"floor":12.0,"key":"Strength Potion"},{"floor":18.0,"key":"Dexterity Potion"},{"floor":21.0,"key":"SpeedPotion"},{"floor":24.0,"key":"Strength Potion"},{"floor":27.0,"key":"PowerPotion"},{"floor":28.0,"key":"FocusPotion"},{"floor":48,"key":"Energy Potion"}],"is_trial":false,"path_per_floor":["M","M","?","?","$","R","?","$","T","E","E","M","E","M","E","R","B",null,"M","?","$","M","$","R","?","R","T","M","?","R","M","M","R","B",null,"M","?","?","$","?","R","M","M","$","T","M","?","$","?","M","R","B",null],"character_chosen":"DEFECT","items_purchased":["War Paint","Ball Lightning","Membership Card","Lantern","Lee\u0027s Waffle","FocusPotion","Pen Nib","Leap"],"campfire_rested":3,"item_purchase_floors":[5,8,20,22,38,42,46,46],"current_hp_per_floor":[73,72,72,72,72,72,72,72,72,59,59,19,19,13,35,32,75,65,65,65,63,63,63,25,47,47,42,42,42,42,35,35,8,75,72,72,63,82,82,82,74,74,74,35,35,35,35,27,51,49],"gold":323,"neow_bonus":"HUNDRED_GOLD","is_prod":false,"is_daily":false,"chose_seed":false,"campfire_upgraded":5,"win_rate":0,"timestamp":1545784311,"path_taken":["M","M","?","?","$","R","?","$","T","E","M","E","M","E","R","BOSS","M","?","$","?","?","R","?","R","T","M","?","R","M","?","R","BOSS","M","?","?","$","?","R","M","$","T","M","?","$","?","M","R","BOSS"],"build_version":"2018-12-20","purchased_purges":2,"victory":true,"max_hp_per_floor":[75,75,75,75,75,75,75,75,75,75,75,75,75,75,75,75,75,75,75,75,75,75,75,75,75,75,75,75,75,75,75,75,75,75,75,75,75,82,82,82,82,82,82,82,82,82,82,82,82,82],"card_choices":[{"not_picked":["Turbo","Leap","Steam"],"picked":"SKIP","floor":1.0},{"not_picked":["Steam","Storm"],"picked":"Chaos","floor":2.0},{"not_picked":["Core Surge","Force Field"],"picked":"Capacitor","floor":10.0},{"not_picked":["Redo","Leap","Aggregate"],"picked":"SKIP","floor":11.0},{"not_picked":["Consume","Turbo"],"picked":"Defragment","floor":12.0},{"not_picked":["Hologram","Lockon"],"picked":"Barrage","floor":13.0},{"not_picked":["Compile Driver","Core Surge","Leap"],"picked":"SKIP","floor":14.0},{"not_picked":["All For One","Machine Learning"],"picked":"Buffer","floor":16.0},{"not_picked":["Sweeping Beam","Consume","Leap"],"picked":"SKIP","floor":18.0},{"not_picked":["White Noise","Rebound+1"],"picked":"Conserve Battery","floor":21.0},{"not_picked":["Heatsinks","Turbo"],"picked":"Conserve Battery","floor":27.0},{"not_picked":["Steam Power","Streamline+1"],"picked":"Cold Snap+1","floor":30.0},{"not_picked":["Thunder Strike","Stack","Streamline"],"picked":"SKIP","floor":31.0},{"not_picked":["Machine Learning","Amplify"],"picked":"Echo Form","floor":33.0},{"not_picked":["Storm","Coolheaded+1"],"picked":"Conserve Battery+1","floor":34.0},{"not_picked":["Coolheaded","Cold Snap"],"picked":"Echo Form","floor":34.0},{"not_picked":["Compile Driver","Streamline"],"picked":"Turbo+1","floor":34.0},{"not_picked":["Ball Lightning","Gash+1","Compile Driver"],"picked":"SKIP","floor":35.0},{"not_picked":["Conserve Battery","Darkness","Redo"],"picked":"SKIP","floor":41.0},{"not_picked":["Coolheaded+1","Compile Driver+1","Rebound"],"picked":"SKIP","floor":44.0},{"not_picked":["Barrage","Melter+1"],"picked":"Hologram+1","floor":48},{"not_picked":["Cold Snap+1","Coolheaded"],"picked":"Go for the Eyes+1","floor":49}],"player_experience":915639,"relics_obtained":[{"floor":9.0,"key":"Letter Opener"},{"floor":10.0,"key":"Dodecahedron"},{"floor":12.0,"key":"Orichalcum"},{"floor":14.0,"key":"Whetstone"},{"floor":24.0,"key":"Red Mask"},{"floor":26.0,"key":"Centennial Puzzle"},{"floor":43.0,"key":"Dream Catcher"}],"event_choices":[{"damage_healed":0.0,"max_hp_gain":0.0,"max_hp_loss":0.0,"gold_gain":175.0,"event_name":"Liars Game","player_choice":"AGREE","floor":3.0,"gold_loss":0.0,"damage_taken":0.0,"cards_obtained":["Doubt"]},{"damage_healed":0.0,"max_hp_gain":0.0,"max_hp_loss":0.0,"gold_gain":0.0,"event_name":"The Cleric","player_choice":"Leave","floor":4.0,"gold_loss":0.0,"damage_taken":0.0},{"damage_healed":0.0,"max_hp_gain":0.0,"max_hp_loss":0.0,"gold_gain":0.0,"event_name":"Living Wall","player_choice":"Grow","floor":7.0,"gold_loss":0.0,"damage_taken":0.0,"cards_upgraded":["Zap"]},{"damage_healed":0.0,"max_hp_gain":0.0,"max_hp_loss":0.0,"gold_gain":0.0,"event_name":"NoteForYourself","player_choice":"Ignored","floor":19.0,"gold_loss":0.0,"damage_taken":0.0},{"damage_healed":0.0,"max_hp_gain":0.0,"max_hp_loss":0.0,"gold_gain":0.0,"event_name":"Masked Bandits","player_choice":"Fought Bandits","floor":24.0,"gold_loss":0.0,"damage_taken":0.0},{"damage_healed":0.0,"max_hp_gain":0.0,"max_hp_loss":0.0,"gold_gain":0.0,"event_name":"Lab","player_choice":"Got Potions","floor":28.0,"gold_loss":0.0,"damage_taken":0.0},{"damage_healed":0.0,"max_hp_gain":0.0,"max_hp_loss":0.0,"gold_gain":0.0,"event_name":"SensoryStone","player_choice":"Memory 1","floor":36.0,"gold_loss":0.0,"damage_taken":0.0},{"damage_healed":0.0,"max_hp_gain":0.0,"max_hp_loss":0.0,"gold_gain":0.0,"event_name":"Winding Halls","player_choice":"Embrace Madness","floor":37.0,"gold_loss":0.0,"damage_taken":9.0,"cards_obtained":["Madness","Madness"]},{"cards_removed":["Defend_B"],"damage_healed":0.0,"max_hp_gain":0.0,"max_hp_loss":0.0,"gold_gain":0.0,"event_name":"Falling","player_choice":"Removed Skill","floor":39.0,"gold_loss":0.0,"damage_taken":0.0},{"damage_healed":0.0,"max_hp_gain":0.0,"max_hp_loss":0.0,"gold_gain":0.0,"event_name":"Mysterious Sphere","player_choice":"Ignored","floor":45.0,"gold_loss":0.0,"damage_taken":0.0},{"damage_healed":0.0,"max_hp_gain":0.0,"max_hp_loss":0.0,"gold_gain":222.0,"event_name":"Tomb of Lord Red Mask","player_choice":"Wore Mask","floor":47.0,"gold_loss":0.0,"damage_taken":0.0}],"is_beta":false,"boss_relics":[{"not_picked":["Snecko Eye","Runic Dome"],"picked":"White Beast Statue"},{"not_picked":["Eternal Feather","FrozenCore"],"picked":"Orrery"}],"items_purged_floors":[5,46],"is_endless":false,"potions_floor_spawned":[10,12,18,21,24,27,30,31,33,35,41,44,48],"ascension_level":0}