{"gold_per_floor":[114,189,189,204,220,220,231,231,282,298,315,341,341,33,33,128,128],"floor_reached":17,"playtime":388,"items_purged":[],"score":157,"play_id":"160e7367-35c9-4375-92f0-febacb852984","local_time":"20190128195348","is_ascension_mode":false,"campfire_choices":[{"data":"Dualcast","floor":6,"key":"SMITH"},{"data":"Zap","floor":8,"key":"SMITH"},{"data":"Capacitor","floor":13,"key":"SMITH"},{"data":"Rainbow","floor":15,"key":"SMITH"}],"neow_cost":"NONE","seed_source_timestamp":3025027536442740,"circlet_count":0,"master_deck":["Strike_B+1","Strike_B","Strike_B","Strike_B+1","Defend_B","Defend_B","Defend_B","Defend_B","Zap+1","Dualcast+1","Capacitor+1","BootSequence","Rainbow+1","Seek"],"special_seed":0,"relics":["Cracked Core","Bronze Scales","Orichalcum","Whetstone"],"potions_floor_usage":[],"damage_taken":[{"damage":1.0,"enemies":"Cultist","floor":1.0,"turns":4.0},{"damage":3.0,"enemies":"Small Slimes","floor":4.0,"turns":3.0},{"damage":0,"enemies":"2 Louse","floor":5,"turns":3},{"damage":5,"enemies":"Looter","floor":7,"turns":3},{"damage":6,"enemies":"Lots of Slimes","floor":10,"turns":3},{"damage":0,"enemies":"Blue Slaver","floor":11,"turns":3},{"damage":22,"enemies":"Lagavulin","floor":12,"turns":8},{"damage":19,"enemies":"The Guardian","floor":16,"turns":9}],"seed_played":"6266912485534094693","potions_obtained":[{"floor":1.0,"key":"Poison Potion"},{"floor":11,"key":"SkillPotion"},{"floor":16,"key":"FearPotion"}],"is_trial":false,"path_per_floor":["M","?","$","M","M","R","M","R","T","M","M","E","R","$","R","B",null],"character_chosen":"DEFECT","items_purchased":["Whetstone","Rainbow"],"campfire_rested":0,"item_purchase_floors":[14,14],"current_hp_per_floor":[81,70,70,67,67,67,62,62,62,56,56,34,34,34,34,15,15],"gold":128,"neow_bonus":"TEN_PERCENT_HP_BONUS","is_prod":false,"is_daily":false,"chose_seed":false,"campfire_upgraded":4,"win_rate":0,"timestamp":1548705228,"path_taken":["M","?","$","M","M","R","M","R","T","M","M","E","R","$","R","BOSS"],"build_version":"2019-01-23","purchased_purges":0,"victory":false,"max_hp_per_floor":[82,82,82,82,82,82,82,82,82,82,82,82,82,82,82,82,82],"card_choices":[{"not_picked":["Melter","Compile Driver","Cold Snap"],"picked":"SKIP","floor":1.0},{"not_picked":["Leap","FTL"],"picked":"Capacitor","floor":4.0},{"not_picked":["Gash","Double Energy","Streamline"],"picked":"SKIP","floor":5},{"not_picked":["Reprogram","Melter","Lockon"],"picked":"SKIP","floor":7},{"not_picked":["FTL","Stack","Capacitor"],"picked":"SKIP","floor":10},{"not_picked":["Steam Power","Sunder","Turbo"],"picked":"SKIP","floor":11},{"not_picked":["Redo","Storm"],"picked":"BootSequence","floor":12},{"not_picked":["Multi-Cast","Machine Learning"],"picked":"Seek","floor":16}],"player_experience":1004501,"relics_obtained":[{"floor":9,"key":"Bronze Scales"},{"floor":12,"key":"Orichalcum"}],"event_choices":[{"damage_healed":0.0,"max_hp_gain":0.0,"max_hp_loss":0.0,"gold_gain":75.0,"event_name":"World of Goop","player_choice":"Gather Gold","floor":2.0,"gold_loss":0.0,"damage_taken":11.0}],"is_beta":false,"boss_relics":[],"items_purged_floors":[],"is_endless":false,"potions_floor_spawned":[1,11,16],"ascension_level":0}