{"gold_per_floor":[113,113,113,39,39,39,66,66,66,66,97,172,185,185,185,290,290,308,308,51,63,63,63,63,63,140,155,170,170,170,17,17,118,118,129,56,56,76,0,14,14,24,24,36,47,47,47,11,11,11],"floor_reached":50,"playtime":1516,"items_purged":["Strike_R"],"score":444,"play_id":"4d975319-32b0-46a0-96b1-d384c69d16d0","local_time":"20190121004931","is_ascension_mode":false,"campfire_choices":[{"data":"Bash","floor":6,"key":"SMITH"},{"floor":8,"key":"REST"},{"floor":10,"key":"REST"},{"data":"Pommel Strike","floor":15,"key":"SMITH"},{"data":"RitualDagger","floor":23,"key":"SMITH"},{"data":"Twin Strike","floor":25,"key":"SMITH"},{"data":"Demon Form","floor":32,"key":"SMITH"},{"data":"Heavy Blade","floor":41,"key":"SMITH"},{"data":"Inflame","floor":49,"key":"SMITH"}],"neow_cost":"TEN_PERCENT_HP_LOSS","seed_source_timestamp":13685991692749,"circlet_count":0,"master_deck":["Strike_R","Strike_R","Defend_R","Defend_R","Defend_R","Bash+1","Pommel Strike+1","Sentinel+1","True Grit+1","Twin Strike+1","Limit Break+1","Seeing Red+1","RitualDagger+1","The Bomb+1","Rampage+1","Thunderclap","Demon Form+1","Limit Break+1","True Grit+1","Heavy Blade+1","Shrug It Off+1","Writhe","Metallicize","Sentinel+1","Flex+1","Inflame+1"],"relics":["Burning Blood","Toxic Egg 2","Juzu Bracelet","Kunai","Bottled Flame","Oddly Smooth Stone","Coffee Dripper","Letter Opener","Philosopher\u0027s Stone","Red Mask","Potion Belt","Ornamental Fan"],"potions_floor_usage":[16,28,33,33,33,50],"damage_taken":[{"damage":1,"enemies":"2 Louse","floor":1,"turns":3},{"damage":40,"enemies":"3 Sentries","floor":7,"turns":11},{"damage":27,"enemies":"Gremlin Nob","floor":11,"turns":4},{"damage":0,"enemies":"Jaw Worm","floor":13,"turns":4},{"damage":57,"enemies":"Slime Boss","floor":16,"turns":18},{"damage":0,"enemies":"Chosen","floor":18,"turns":4},{"damage":13,"enemies":"3 Byrds","floor":21,"turns":4},{"damage":24,"enemies":"Snake Plant","floor":27,"turns":3},{"damage":13,"enemies":"Centurion and Healer","floor":28,"turns":4},{"damage":15,"enemies":"Champ","floor":33,"turns":8},{"damage":47,"enemies":"3 Darklings","floor":35,"turns":4},{"damage":1,"enemies":"Orb Walker","floor":38,"turns":4},{"damage":56,"enemies":"Spire Growth","floor":40,"turns":5},{"damage":6,"enemies":"4 Shapes","floor":42,"turns":4},{"damage":10,"enemies":"Sphere and 2 Shapes","floor":44,"turns":4},{"damage":24,"enemies":"Transient","floor":45,"turns":5},{"damage":16,"enemies":"Donu and Deca","floor":50,"turns":2}],"seed_played":"1039943532195825276","potions_obtained":[{"floor":7,"key":"Block Potion"},{"floor":13,"key":"Regen Potion"},{"floor":29,"key":"SkillPotion"},{"floor":29,"key":"SneckoOil"},{"floor":29,"key":"Energy Potion"},{"floor":33,"key":"FairyPotion"},{"floor":38,"key":"Dexterity Potion"},{"floor":45,"key":"SkillPotion"}],"is_trial":false,"path_per_floor":["M","?","T","$","?","R","E","R","T","R","E","?","M","?","R","B",null,"M","?","$","M","?","R","?","R","T","M","M","?","?","$","R","B",null,"M","$","?","M","?","M","R","M","T","M","M","?","?","$","R","B"],"character_chosen":"IRONCLAD","items_purchased":["Sentinel+1","The Bomb+1","Demon Form","Heavy Blade","Shrug It Off+1","Inflame"],"campfire_rested":2,"item_purchase_floors":[4,20,31,36,36,48],"current_hp_per_floor":[72,54,54,54,54,54,20,41,41,62,41,30,36,82,82,46,82,82,76,76,69,69,69,69,69,69,51,44,44,28,28,28,19,87,46,46,68,73,73,23,23,23,23,19,14,14,14,14,14,0],"gold":11,"neow_bonus":"REMOVE_TWO","is_prod":false,"is_daily":false,"chose_seed":false,"campfire_upgraded":7,"win_rate":0,"timestamp":1548002971,"path_taken":["M","?","?","$","?","R","E","R","T","R","E","?","M","?","R","BOSS","M","?","$","M","?","R","?","R","T","M","M","?","?","$","R","BOSS","M","$","?","M","?","M","R","M","T","M","M","?","?","$","R","BOSS"],"build_version":"2019-01-17v2","purchased_purges":1,"victory":false,"max_hp_per_floor":[72,72,72,72,72,72,72,72,72,72,72,72,72,82,82,82,82,82,82,82,82,82,82,82,82,82,82,82,82,87,87,87,87,87,87,87,87,87,87,87,87,87,87,87,87,87,87,87,87,87],"card_choices":[{"not_picked":["Body Slam","Headbutt"],"picked":"Pommel Strike","floor":1},{"not_picked":["Anger","Havoc+1","Hemokinesis"],"picked":"SKIP","floor":7},{"not_picked":["Ghostly Armor+1","Pummel"],"picked":"True Grit+1","floor":11},{"not_picked":["Entrench+1","Thunderclap"],"picked":"Twin Strike","floor":13},{"not_picked":["Offering+1","Exhume+1"],"picked":"Limit Break+1","floor":16},{"not_picked":["Second Wind+1","Anger"],"picked":"Seeing Red+1","floor":18},{"not_picked":["Entrench+1","Iron Wave"],"picked":"Rampage+1","floor":21},{"not_picked":["Feel No Pain+1","Body Slam+1","Intimidate+1"],"picked":"SKIP","floor":27},{"not_picked":["Uppercut","Cleave"],"picked":"Thunderclap","floor":28},{"not_picked":["Juggernaut","Exhume+1"],"picked":"Limit Break+1","floor":33},{"not_picked":["Corruption+1","Feel No Pain"],"picked":"True Grit+1","floor":35},{"not_picked":["Iron Wave","True Grit+1","Searing Blow"],"picked":"SKIP","floor":38},{"not_picked":["Twin Strike","Fire Breathing+1","Pummel"],"picked":"SKIP","floor":40},{"not_picked":["Warcry+1","Iron Wave"],"picked":"Metallicize","floor":42},{"not_picked":["Anger","Searing Blow+1"],"picked":"Sentinel+1","floor":44},{"not_picked":["Anger","Fire Breathing"],"picked":"Flex+1","floor":45}],"player_experience":99162,"relics_obtained":[{"floor":3,"key":"Juzu Bracelet"},{"floor":7,"key":"Kunai"},{"floor":9,"key":"Bottled Flame"},{"floor":11,"key":"Oddly Smooth Stone"},{"floor":26,"key":"Letter Opener"},{"floor":43,"key":"Potion Belt"}],"event_choices":[{"damage_healed":0,"gold_gain":0,"player_choice":"Success","damage_taken":18,"relics_obtained":["Toxic Egg 2"],"max_hp_gain":0,"max_hp_loss":0,"event_name":"Scrap Ooze","floor":2,"gold_loss":0},{"damage_healed":0,"gold_gain":0,"cards_transformed":["Strike_R"],"player_choice":"Transformed","damage_taken":0,"max_hp_gain":0,"max_hp_loss":0,"event_name":"Transmorgrifier","floor":5,"gold_loss":0,"cards_obtained":["Exhume"]},{"damage_healed":0,"gold_gain":75,"player_choice":"Gather Gold","damage_taken":11,"max_hp_gain":0,"max_hp_loss":0,"event_name":"World of Goop","floor":12,"gold_loss":0},{"cards_removed":["Exhume"],"damage_healed":36,"gold_gain":0,"player_choice":"Offered Rare","damage_taken":0,"max_hp_gain":10,"max_hp_loss":0,"event_name":"Bonfire Elementals","floor":14,"gold_loss":0},{"damage_healed":0,"gold_gain":0,"player_choice":"Joined the Cult","damage_taken":6,"max_hp_gain":0,"max_hp_loss":0,"event_name":"Nest","floor":19,"gold_loss":0,"cards_obtained":["RitualDagger"]},{"damage_healed":0,"gold_gain":0,"player_choice":"Ignored","damage_taken":0,"max_hp_gain":0,"max_hp_loss":0,"event_name":"Ghosts","floor":22,"gold_loss":0},{"damage_healed":0,"gold_gain":0,"player_choice":"Ignored","damage_taken":0,"max_hp_gain":0,"max_hp_loss":0,"event_name":"Beggar","floor":24,"gold_loss":0},{"damage_healed":0,"gold_gain":0,"player_choice":"Got Potions","damage_taken":0,"max_hp_gain":0,"max_hp_loss":0,"event_name":"Lab","floor":29,"gold_loss":0},{"damage_healed":0,"gold_gain":0,"player_choice":"Shed Blood","damage_taken":21,"max_hp_gain":5,"max_hp_loss":0,"event_name":"Forgotten Altar","floor":30,"gold_loss":0},{"damage_healed":22,"gold_gain":0,"player_choice":"Writhe","damage_taken":0,"max_hp_gain":0,"max_hp_loss":0,"event_name":"Winding Halls","floor":37,"gold_loss":0,"cards_obtained":["Writhe"]},{"damage_healed":0,"gold_gain":0,"player_choice":"Paid","damage_taken":0,"relics_obtained":["Red Mask"],"max_hp_gain":0,"max_hp_loss":0,"event_name":"Tomb of Lord Red Mask","floor":39,"gold_loss":76},{"damage_healed":0,"gold_gain":0,"player_choice":"Gave Potion","damage_taken":0,"relics_obtained":["Ornamental Fan"],"max_hp_gain":0,"max_hp_loss":0,"event_name":"WeMeetAgain","floor":46,"gold_loss":0},{"damage_healed":0,"gold_gain":0,"player_choice":"Ignored","damage_taken":0,"max_hp_gain":0,"max_hp_loss":0,"event_name":"Mysterious Sphere","floor":47,"gold_loss":0}],"is_beta":false,"boss_relics":[{"not_picked":["Tiny House","White Beast Statue"],"picked":"Coffee Dripper"},{"not_picked":["Lizard Tail","Runic Cube"],"picked":"Philosopher\u0027s Stone"}],"items_purged_floors":[20],"is_endless":false,"potions_floor_spawned":[7,13,33,38,45],"killed_by":"Donu and Deca","ascension_level":0}