{"gold_per_floor":[115,129,143,143,143,143,167,205,205,205,245,245,245,24,24,152,152,171,196,14,14,30,30,30,30],"floor_reached":25,"playtime":1911,"items_purged":["Strike_B","Strike_B"],"score":209,"play_id":"f28639b8-8f85-48b9-96cc-46e278f0e574","local_time":"20190112102827","is_ascension_mode":false,"campfire_choices":[{"data":"Zap","floor":6,"key":"SMITH"},{"floor":10,"key":"REST"},{"floor":12,"key":"REST"},{"floor":15,"key":"REST"},{"data":"Echo Form","floor":23,"key":"SMITH"}],"neow_cost":"TEN_PERCENT_HP_LOSS","seed_source_timestamp":231676952102117,"circlet_count":0,"master_deck":["Strike_B","Strike_B","Defend_B","Defend_B","Defend_B","Defend_B","Zap+1","Dualcast","Flash of Steel","Mind Blast","Ball Lightning","Storm","Conserve Battery","Streamline","Hello World","Hello World","Electrodynamics","Redo+1","Leap+1","Defragment","Echo Form+1"],"relics":["Cracked Core","Bloody Idol","Letter Opener","Pocketwatch","Question Card","StoneCalendar","hubris:BallOfYels","hubris:RunicObelisk"],"potions_floor_usage":[11],"damage_taken":[{"damage":9,"enemies":"Jaw Worm","floor":1,"turns":5},{"damage":0,"enemies":"Small Slimes","floor":2,"turns":2},{"damage":2,"enemies":"2 Louse","floor":3,"turns":4},{"damage":12,"enemies":"Blue Slaver","floor":7,"turns":3},{"damage":21,"enemies":"Gremlin Nob","floor":8,"turns":4},{"damage":20,"enemies":"Lagavulin","floor":11,"turns":4},{"damage":12,"enemies":"Slime Boss","floor":16,"turns":7},{"damage":10,"enemies":"3 Byrds","floor":18,"turns":2},{"damage":15,"enemies":"2 Thieves","floor":19,"turns":2},{"damage":25,"enemies":"Snake Plant","floor":22,"turns":3},{"damage":18,"enemies":"3 Cultists","floor":25,"turns":2}],"seed_played":"4128380365528470146","potions_obtained":[{"floor":1,"key":"Dexterity Potion"},{"floor":11,"key":"construct:ShiftPotion"},{"floor":18,"key":"Explosive Potion"},{"floor":19,"key":"Languid Potion"},{"floor":22,"key":"PowerPotion"}],"is_trial":false,"path_per_floor":["M","M","M","?","?","R","M","E","T","R","E","R","T","$","R","B",null,"M","M","$","?","M","R","?","M"],"character_chosen":"DEFECT","items_purchased":["hubris:BallOfYels","Defragment"],"campfire_rested":3,"item_purchase_floors":[14,20],"current_hp_per_floor":[59,59,57,40,40,40,28,7,7,27,7,27,27,27,47,35,68,58,43,43,43,18,18,18,0],"gold":30,"neow_bonus":"RANDOM_COLORLESS_2","is_prod":false,"is_daily":false,"chose_seed":false,"campfire_upgraded":2,"win_rate":0,"timestamp":1547260107,"path_taken":["M","M","M","?","?","R","M","E","T","R","E","R","?","$","R","BOSS","M","M","$","?","M","R","?","M"],"build_version":"2019-01-10","purchased_purges":2,"victory":false,"max_hp_per_floor":[68,68,68,68,68,68,68,68,68,68,68,68,68,68,68,68,68,68,68,68,68,68,68,68,68],"card_choices":[{"not_picked":["Rebound","Leap"],"picked":"Ball Lightning","floor":1},{"not_picked":["Compile Driver","Sweeping Beam"],"picked":"Storm","floor":2},{"not_picked":["Stack","Steam"],"picked":"Conserve Battery","floor":3},{"not_picked":["Leap","Reprogram"],"picked":"Streamline","floor":7},{"not_picked":["Compile Driver","Amplify"],"picked":"Hello World","floor":8},{"not_picked":["Reprogram","Compile Driver"],"picked":"Hello World","floor":11},{"not_picked":["hubris:SpecializedCircuitry","hubris:Prefetch","Hyperbeam"],"picked":"Electrodynamics","floor":16},{"not_picked":["Gash","Rebound","hubris:PowerSurge"],"picked":"Redo+1","floor":18},{"not_picked":["Double Energy","Hologram+1","Go for the Eyes"],"picked":"Leap+1","floor":19},{"not_picked":["Beam Cell+1","Steam+1","Coolheaded+1"],"picked":"Echo Form","floor":22}],"player_experience":113322,"relics_obtained":[{"floor":8,"key":"Letter Opener"},{"floor":9,"key":"Pocketwatch"},{"floor":11,"key":"Question Card"},{"floor":13,"key":"StoneCalendar"}],"event_choices":[{"damage_healed":0,"gold_gain":0,"player_choice":"Take Damage","damage_taken":17,"relics_obtained":["Golden Idol"],"max_hp_gain":0,"max_hp_loss":0,"event_name":"Golden Idol","floor":4,"gold_loss":0},{"damage_healed":0,"gold_gain":0,"player_choice":"Ignored","damage_taken":0,"max_hp_gain":0,"max_hp_loss":0,"event_name":"Shining Light","floor":5,"gold_loss":0},{"damage_healed":0,"gold_gain":0,"player_choice":"Gave Idol","damage_taken":0,"relics_obtained":["Bloody Idol"],"max_hp_gain":0,"max_hp_loss":0,"event_name":"Forgotten Altar","floor":24,"relics_lost":["Golden Idol"],"gold_loss":0}],"is_beta":false,"boss_relics":[{"not_picked":["Ectoplasm","ReplayTheSpireMod:Onyx Gauntlets"],"picked":"hubris:RunicObelisk"}],"items_purged_floors":[14,20],"is_endless":false,"potions_floor_spawned":[1,11,18,19,22],"killed_by":"3 Cultists","ascension_level":0}