{"gold_per_floor":[118,118,138,153,171,171,171,19,19,19,29,59,59],"floor_reached":13,"playtime":358,"items_purged":[],"score":85,"play_id":"f6f4a113-722f-4ab5-b139-8f1601987d6a","local_time":"20190203002012","is_ascension_mode":false,"campfire_choices":[{"floor":6,"key":"RECALL"},{"data":"True Grit","floor":10,"key":"SMITH"}],"neow_cost":"NONE","seed_source_timestamp":112145179591129,"circlet_count":0,"master_deck":["Strike_R","Strike_R","Strike_R","Strike_R","Strike_R","Defend_R","Defend_R","Defend_R","Defend_R","Bash","Berserk","Pommel Strike","Armaments","True Grit+1","Armaments","Twin Strike","Shrug It Off"],"relics":["Burning Blood","GremlinMask","Oddly Smooth Stone","WingedGreaves"],"potions_floor_usage":[12],"damage_taken":[{"damage":11,"enemies":"Jaw Worm","floor":1,"turns":3},{"damage":0,"enemies":"Cultist","floor":3,"turns":3},{"damage":7,"enemies":"Small Slimes","floor":4,"turns":3},{"damage":10,"enemies":"3 Louse","floor":5,"turns":4},{"damage":11,"enemies":"Exordium Thugs","floor":11,"turns":6},{"damage":44,"enemies":"Lagavulin","floor":12,"turns":8},{"damage":65,"enemies":"Gremlin Nob","floor":13,"turns":5}],"seed_played":"1740659121846200987","potions_obtained":[{"floor":1,"key":"GamblersBrew"},{"floor":5,"key":"Dexterity Potion"},{"floor":7,"key":"FairyPotion"},{"floor":7,"key":"Fire Potion"},{"floor":7,"key":"Strength Potion"}],"is_trial":false,"path_per_floor":["M","?","M","M","M","R","?","$","T","R","M","E","E"],"character_chosen":"IRONCLAD","items_purchased":["Oddly Smooth Stone"],"campfire_rested":0,"item_purchase_floors":[8],"current_hp_per_floor":[75,75,80,79,75,75,75,75,75,75,70,32,0],"gold":59,"neow_bonus":"ONE_RANDOM_RARE_CARD","is_prod":false,"is_daily":false,"chose_seed":false,"campfire_upgraded":1,"win_rate":0,"timestamp":1549124412,"path_taken":["M","?","M","M","?","R","?","?","T","R","M","E","E"],"build_version":"2019-01-23","purchased_purges":0,"victory":false,"max_hp_per_floor":[80,80,80,80,80,80,80,80,80,80,80,80,80],"card_choices":[{"not_picked":["Body Slam","Twin Strike"],"picked":"Pommel Strike","floor":1},{"not_picked":["Burning Pact","Flex"],"picked":"Armaments","floor":3},{"not_picked":["Seeing Red","Armaments"],"picked":"True Grit","floor":4},{"not_picked":["Flex","Havoc"],"picked":"Armaments","floor":5},{"not_picked":["Blood for Blood","Dual Wield"],"picked":"Twin Strike","floor":11},{"not_picked":["Heavy Blade","Armaments"],"picked":"Shrug It Off","floor":12}],"player_experience":179348,"relics_obtained":[{"floor":12,"key":"WingedGreaves"}],"event_choices":[{"damage_healed":0,"gold_gain":0,"player_choice":"Trade","damage_taken":0,"relics_obtained":["GremlinMask"],"max_hp_gain":0,"max_hp_loss":0,"event_name":"FaceTrader","floor":2,"gold_loss":0},{"damage_healed":0,"gold_gain":0,"player_choice":"Got Potions","damage_taken":0,"max_hp_gain":0,"max_hp_loss":0,"event_name":"Lab","floor":7,"gold_loss":0}],"is_beta":false,"boss_relics":[],"items_purged_floors":[],"is_endless":false,"potions_floor_spawned":[1,5,11],"killed_by":"Gremlin Nob","ascension_level":0}