{"gold_per_floor":[114,130,80,96,110,110,141,152,152,152,169,169,196,40,40,140,140,150,249,249,249,263,263,283,296,296,211,211,224,224,244,244,348,348,367,367,384,94,94,120,120,133,133,146,146,175,175,175,175,175],"floor_reached":51,"playtime":2197,"items_purged":["Strike_G"],"score":717,"play_id":"a4c38630-b9d0-4ceb-9ddc-60f085317d9f","local_time":"20190125180617","is_ascension_mode":false,"campfire_choices":[{"data":"Survivor","floor":6.0,"key":"SMITH"},{"data":"Footwork","floor":12.0,"key":"SMITH"},{"floor":15.0,"key":"REST"},{"floor":23.0,"key":"REST"},{"data":"Noxious Fumes","floor":30.0,"key":"SMITH"},{"floor":32.0,"key":"REST"},{"data":"A Thousand Cuts","floor":41,"key":"SMITH"},{"data":"Envenom","floor":45,"key":"SMITH"},{"floor":47,"key":"REST"},{"floor":49,"key":"REST"}],"neow_cost":"NONE","seed_source_timestamp":0,"circlet_count":0,"master_deck":["Defend_G","Defend_G","Defend_G","Defend_G","Strike_G","Strike_G","Strike_G","Survivor+1","Neutralize","Dagger Throw","Backflip","Flying Knee+1","Sucker Punch","Footwork+1","Sucker Punch+1","Quick Slash","Noxious Fumes+1","Envenom+1","Skewer","Expertise+1","Infinite Blades+1","Dagger Spray","A Thousand Cuts+1","Leg Sweep","Madness","Parasite"],"special_seed":0,"relics":["Ring of the Snake","Ice Cream","Whetstone","Happy Flower","Kunai","Velvet Choker","Pantograph","Bronze Scales","Ornamental Fan","Busted Crown","The Specimen","Dodecahedron","Bottled Tornado","Bottled Lightning"],"potions_floor_usage":[50],"damage_taken":[{"damage":1.0,"enemies":"Cultist","floor":1.0,"turns":4.0},{"damage":1.0,"enemies":"Small Slimes","floor":2.0,"turns":3.0},{"damage":0.0,"enemies":"Jaw Worm","floor":4.0,"turns":5.0},{"damage":0.0,"enemies":"2 Fungi Beasts","floor":5.0,"turns":4.0},{"damage":17.0,"enemies":"Gremlin Nob","floor":7.0,"turns":4.0},{"damage":0.0,"enemies":"Looter","floor":8.0,"turns":4.0},{"damage":14.0,"enemies":"Large Slime","floor":11.0,"turns":6.0},{"damage":10.0,"enemies":"Lagavulin","floor":13.0,"turns":6.0},{"damage":20.0,"enemies":"The Guardian","floor":16.0,"turns":13.0},{"damage":2.0,"enemies":"Chosen","floor":18.0,"turns":5.0},{"damage":41.0,"enemies":"2 Thieves","floor":22.0,"turns":5.0},{"damage":16.0,"enemies":"Snecko","floor":24.0,"turns":4.0},{"damage":12.0,"enemies":"Centurion and Healer","floor":25.0,"turns":7.0},{"damage":11.0,"enemies":"Shelled Parasite and Fungi","floor":29.0,"turns":7.0},{"damage":0.0,"enemies":"Chosen and Byrds","floor":31.0,"turns":5.0},{"damage":6.0,"enemies":"Automaton","floor":33.0,"turns":8.0},{"damage":0,"enemies":"Orb Walker","floor":35,"turns":3},{"damage":40,"enemies":"3 Darklings","floor":37,"turns":5},{"damage":1,"enemies":"Giant Head","floor":40,"turns":10},{"damage":3,"enemies":"Writhing Mass","floor":42,"turns":6},{"damage":8,"enemies":"Sphere and 2 Shapes","floor":44,"turns":4},{"damage":36,"enemies":"Reptomancer","floor":46,"turns":5},{"damage":56,"enemies":"Time Eater","floor":50,"turns":13}],"seed_played":"-3423084913463599848","potions_obtained":[{"floor":2.0,"key":"SteroidPotion"},{"floor":4.0,"key":"Block Potion"},{"floor":13.0,"key":"PowerPotion"},{"floor":16.0,"key":"EssenceOfSteel"},{"floor":22.0,"key":"Fire Potion"},{"floor":25.0,"key":"Strength Potion"},{"floor":37,"key":"Block Potion"},{"floor":46,"key":"GamblersBrew"}],"is_trial":false,"path_per_floor":["M","M","?","M","M","R","E","M","T","?","M","R","E","$","R","B",null,"M","?","?","?","M","R","M","M","T","?","?","M","R","M","R","B",null,"M","?","M","$","?","E","R","M","T","M","R","E","R","?","R","B",null],"character_chosen":"THE_SILENT","items_purchased":["Noxious Fumes","The Specimen"],"campfire_rested":5,"item_purchase_floors":[14,38],"current_hp_per_floor":[76,75,75,75,75,75,58,58,58,51,37,37,27,27,50,30,77,75,75,75,75,34,57,41,29,29,29,29,18,18,18,41,60,77,77,77,37,37,67,66,66,63,63,55,55,19,39,39,59,11],"gold":175,"neow_bonus":"TEN_PERCENT_HP_BONUS","is_prod":false,"is_daily":false,"chose_seed":false,"campfire_upgraded":5,"win_rate":0,"timestamp":1548410777,"path_taken":["M","?","?","M","M","R","E","M","T","?","M","R","E","?","R","BOSS","M","?","?","?","M","R","M","?","T","?","?","M","R","?","R","BOSS","M","?","M","$","?","E","R","M","T","M","R","E","R","?","R","BOSS"],"build_version":"2019-01-23","purchased_purges":1,"victory":true,"max_hp_per_floor":[77,77,77,77,77,77,77,77,77,77,77,77,77,77,77,77,77,77,77,77,77,77,77,77,77,77,77,77,77,77,77,77,77,77,77,77,77,77,67,67,67,67,67,67,67,67,67,67,67,67],"card_choices":[{"not_picked":["Expertise","Leg Sweep"],"picked":"Dagger Throw","floor":1.0},{"not_picked":["Flying Knee","Deflect"],"picked":"Backflip","floor":2.0},{"not_picked":["Backflip","PiercingWail"],"picked":"Flying Knee","floor":4.0},{"not_picked":["Tactician","Dagger Throw"],"picked":"Sucker Punch","floor":5.0},{"not_picked":["After Image","Flying Knee"],"picked":"Footwork","floor":7.0},{"not_picked":["Deflect","Setup"],"picked":"Sucker Punch","floor":8.0},{"not_picked":["Dodge and Roll","Reflex"],"picked":"Quick Slash","floor":11.0},{"not_picked":["Heel Hook","Backstab","Wraith Form v2"],"picked":"SKIP","floor":13.0},{"not_picked":["Bullet Time","Grand Finale"],"picked":"Envenom","floor":16.0},{"not_picked":["Cloak And Dagger","Acrobatics"],"picked":"Skewer","floor":18.0},{"not_picked":["Choke","Dagger Throw+1","Flying Knee"],"picked":"SKIP","floor":22.0},{"not_picked":["All Out Attack+1","Slice"],"picked":"Expertise+1","floor":24.0},{"not_picked":["Eviscerate+1","Slice"],"picked":"Infinite Blades+1","floor":25.0},{"not_picked":["Deflect+1","Underhanded Strike"],"picked":"Dagger Spray","floor":29.0},{"not_picked":["Prepared+1","Flying Knee","Heel Hook"],"picked":"SKIP","floor":31.0},{"not_picked":["Adrenaline","Wraith Form v2"],"picked":"A Thousand Cuts","floor":33.0},{"not_picked":[],"picked":"Leg Sweep","floor":35},{"not_picked":[],"picked":"Madness","floor":36},{"not_picked":["Dagger Throw+1"],"picked":"SKIP","floor":37},{"not_picked":["Expertise"],"picked":"SKIP","floor":40},{"not_picked":["Underhanded Strike+1"],"picked":"SKIP","floor":42},{"not_picked":["Footwork"],"picked":"SKIP","floor":44},{"not_picked":["Masterful Stab+1"],"picked":"SKIP","floor":46},{"not_picked":["Masterful Stab+1"],"picked":"SKIP","floor":46}],"player_experience":143269,"relics_obtained":[{"floor":7.0,"key":"Ice Cream"},{"floor":9.0,"key":"Whetstone"},{"floor":13.0,"key":"Kunai"},{"floor":26.0,"key":"Bronze Scales"},{"floor":40,"key":"Dodecahedron"},{"floor":43,"key":"Bottled Tornado"},{"floor":46,"key":"Bottled Lightning"}],"event_choices":[{"cards_removed":["Strike_G"],"damage_healed":0.0,"max_hp_gain":0.0,"max_hp_loss":0.0,"gold_gain":0.0,"event_name":"The Cleric","player_choice":"Card Removal","floor":3.0,"gold_loss":50.0,"damage_taken":0.0},{"damage_healed":0.0,"max_hp_gain":0.0,"max_hp_loss":0.0,"gold_gain":0.0,"event_name":"Scrap Ooze","player_choice":"Success","floor":10.0,"gold_loss":0.0,"damage_taken":7.0,"relics_obtained":["Happy Flower"]},{"damage_healed":0.0,"max_hp_gain":0.0,"max_hp_loss":0.0,"gold_gain":99.0,"event_name":"Nest","player_choice":"Stole From Cult","floor":19.0,"gold_loss":0.0,"damage_taken":0.0},{"damage_healed":0.0,"max_hp_gain":0.0,"max_hp_loss":0.0,"gold_gain":0.0,"event_name":"The Mausoleum","player_choice":"Opened","floor":20.0,"gold_loss":0.0,"damage_taken":0.0,"relics_obtained":["Pantograph"]},{"damage_healed":0.0,"max_hp_gain":0.0,"max_hp_loss":0.0,"gold_gain":0.0,"event_name":"The Woman in Blue","player_choice":"Bought 0 Potions","floor":21.0,"gold_loss":0.0,"damage_taken":0.0},{"damage_healed":0.0,"max_hp_gain":0.0,"max_hp_loss":0.0,"gold_gain":0.0,"event_name":"Addict","player_choice":"Obtained Relic","floor":27.0,"gold_loss":85.0,"damage_taken":0.0,"relics_obtained":["Ornamental Fan"]},{"damage_healed":0.0,"max_hp_gain":0.0,"max_hp_loss":0.0,"gold_gain":0.0,"event_name":"Lab","player_choice":"Got Potions","floor":28.0,"gold_loss":0.0,"damage_taken":0.0},{"damage_healed":0,"gold_gain":0,"player_choice":"Memory 1","damage_taken":0,"max_hp_gain":0,"max_hp_loss":0,"event_name":"SensoryStone","floor":36,"gold_loss":0},{"damage_healed":67,"gold_gain":0,"player_choice":"Heal","damage_taken":0,"max_hp_gain":0,"max_hp_loss":10,"event_name":"The Moai Head","floor":39,"gold_loss":0},{"cards_removed":["Defend_G"],"damage_healed":0,"gold_gain":0,"player_choice":"Removed Skill","damage_taken":0,"max_hp_gain":0,"max_hp_loss":0,"event_name":"Falling","floor":48,"gold_loss":0}],"is_beta":false,"boss_relics":[{"not_picked":["Pandora\u0027s Box","Runic Dome"],"picked":"Velvet Choker"},{"not_picked":["Tiny House","Snecko Eye"],"picked":"Busted Crown"}],"items_purged_floors":[14],"is_endless":false,"potions_floor_spawned":[2,4,13,16,22,24,25,31,37,46],"ascension_level":0}