{"gold_per_floor":[209,209,159,159,159,199,218,218,218,65,80,105,128,128,128,224,224,219,219],"floor_reached":19,"playtime":489,"items_purged":["Defend_R"],"score":284,"play_id":"e02f4aea-7787-4971-bf03-f9030e0aa334","local_time":"20190210203003","is_ascension_mode":true,"campfire_choices":[{"floor":8,"key":"REST"},{"data":"Demon Form","floor":15,"key":"SMITH"}],"neow_cost":"NONE","seed_source_timestamp":14337938795800,"circlet_count":0,"master_deck":["AscendersBane","Strike_R","Strike_R","Strike_R","Defend_R","Defend_R","Defend_R","Bash","Cleave","Perfected Strike","Disarm","Demon Form+1","Shockwave","Parasite","Reaper"],"relics":["Burning Blood","Golden Idol","Dream Catcher","Question Card","Philosopher\u0027s Stone"],"potions_floor_usage":[6,16,16],"damage_taken":[{"damage":5,"enemies":"Small Slimes","floor":1,"turns":3},{"damage":55,"enemies":"3 Sentries","floor":6,"turns":10},{"damage":3,"enemies":"2 Louse","floor":7,"turns":2},{"damage":7,"enemies":"Cultist","floor":11,"turns":4},{"damage":17,"enemies":"Lots of Slimes","floor":12,"turns":3},{"damage":13,"enemies":"Blue Slaver","floor":13,"turns":4},{"damage":27,"enemies":"Slime Boss","floor":16,"turns":9},{"damage":43,"enemies":"2 Thieves","floor":18,"turns":4},{"damage":32,"enemies":"Spheric Guardian","floor":19,"turns":4}],"seed_played":"6661426029400934291","potions_obtained":[{"floor":5,"key":"SteroidPotion"},{"floor":5,"key":"FairyPotion"},{"floor":7,"key":"Swift Potion"},{"floor":11,"key":"SkillPotion"}],"is_trial":false,"path_per_floor":["M","?","?","?","?","E","M","R","T","$","M","M","M","?","R","B",null,"M","M"],"character_chosen":"IRONCLAD","items_purchased":["Disarm"],"campfire_rested":1,"item_purchase_floors":[10],"current_hp_per_floor":[69,62,62,44,44,8,11,33,33,33,32,21,14,32,32,11,59,30,0],"gold":219,"neow_bonus":"HUNDRED_GOLD","is_prod":false,"is_daily":false,"chose_seed":false,"campfire_upgraded":1,"win_rate":0,"timestamp":1549823403,"path_taken":["M","?","?","?","?","E","M","R","T","$","M","?","?","?","R","BOSS","M","M"],"build_version":"2019-01-23","purchased_purges":1,"victory":false,"max_hp_per_floor":[75,75,75,75,75,75,75,75,75,75,75,75,75,75,75,75,75,75,75],"card_choices":[{"not_picked":["Iron Wave","Body Slam"],"picked":"Cleave","floor":1},{"not_picked":["Flex","Hemokinesis","Heavy Blade"],"picked":"SKIP","floor":6},{"not_picked":["Sever Soul","Thunderclap"],"picked":"Perfected Strike","floor":7},{"not_picked":["Flex","Pummel","Burning Pact"],"picked":"Demon Form","floor":11},{"not_picked":["Sever Soul","Pommel Strike","Thunderclap","Body Slam"],"picked":"SKIP","floor":12},{"not_picked":["Anger","Inflame","Pommel Strike"],"picked":"Shockwave","floor":13},{"not_picked":["Juggernaut","Double Tap","Immolate"],"picked":"Reaper","floor":16},{"not_picked":["Anger","Dual Wield","Cleave","Rampage"],"picked":"SKIP","floor":18}],"player_experience":699740,"relics_obtained":[{"floor":6,"key":"Dream Catcher"},{"floor":9,"key":"Question Card"}],"event_choices":[{"cards_removed":["Strike_R"],"damage_healed":0,"gold_gain":0,"player_choice":"Card Removal","damage_taken":7,"max_hp_gain":0,"max_hp_loss":0,"event_name":"Golden Wing","floor":2,"gold_loss":0},{"cards_removed":["Strike_R"],"damage_healed":0,"gold_gain":0,"player_choice":"Card Removal","damage_taken":0,"max_hp_gain":0,"max_hp_loss":0,"event_name":"The Cleric","floor":3,"gold_loss":50},{"damage_healed":0,"gold_gain":0,"player_choice":"Take Damage","damage_taken":18,"relics_obtained":["Golden Idol"],"max_hp_gain":0,"max_hp_loss":0,"event_name":"Golden Idol","floor":4,"gold_loss":0},{"damage_healed":0,"gold_gain":0,"player_choice":"Got Potions","damage_taken":0,"max_hp_gain":0,"max_hp_loss":0,"event_name":"Lab","floor":5,"gold_loss":0},{"damage_healed":18,"gold_gain":0,"player_choice":"Healed and dodged fight","damage_taken":0,"max_hp_gain":0,"max_hp_loss":0,"event_name":"Mushrooms","floor":14,"gold_loss":0,"cards_obtained":["Parasite"]}],"is_beta":false,"boss_relics":[{"not_picked":["White Beast Statue","Eternal Feather"],"picked":"Philosopher\u0027s Stone"}],"items_purged_floors":[10],"is_endless":false,"potions_floor_spawned":[7,11],"killed_by":"Spheric Guardian","ascension_level":14}