{"gold_per_floor":[113,113,126,69,89,89,89,107,107,118,118],"floor_reached":11,"playtime":464,"items_purged":[],"score":130,"play_id":"5875a510-2220-4b39-a4f9-0a04d7c05013","local_time":"20181229230759","is_ascension_mode":true,"campfire_choices":[{"floor":6,"key":"REST"}],"neow_cost":"TEN_PERCENT_HP_LOSS","seed_source_timestamp":1083532230072264,"circlet_count":0,"master_deck":["AscendersBane","Defend_G","Defend_G","Defend_G","Defend_G","Defend_G","Strike_G","Strike_G","Strike_G","Strike_G","Strike_G","Survivor","Neutralize","Choke","Normality","Neutralize","Well Laid Plans","Backstab","Dagger Throw","Poisoned Stab"],"relics":["Ring of the Snake","Peace Pipe","Orichalcum"],"potions_floor_usage":[5,11],"damage_taken":[{"damage":39,"enemies":"Jaw Worm","floor":1,"turns":10},{"damage":16,"enemies":"Cultist","floor":3,"turns":5},{"damage":2,"enemies":"Small Slimes","floor":5,"turns":4},{"damage":8,"enemies":"Blue Slaver","floor":8,"turns":3},{"damage":5,"enemies":"2 Fungi Beasts","floor":10,"turns":4},{"damage":16,"enemies":"Large Slime","floor":11,"turns":2}],"seed_played":"8216028988423813350","potions_obtained":[{"floor":1,"key":"Dexterity Potion"},{"floor":3,"key":"Swift Potion"}],"is_trial":false,"path_per_floor":["M","?","M","$","M","R","?","M","T","M","M"],"character_chosen":"THE_SILENT","items_purchased":["Fire Potion"],"campfire_rested":1,"item_purchase_floors":[4],"current_hp_per_floor":[20,20,4,4,2,20,20,12,12,7,0],"gold":118,"neow_bonus":"ONE_RARE_RELIC","is_prod":false,"is_daily":false,"chose_seed":false,"campfire_upgraded":0,"win_rate":0,"timestamp":1546153679,"path_taken":["M","?","M","?","M","R","?","M","T","M","M"],"build_version":"2018-12-20","purchased_purges":0,"victory":false,"max_hp_per_floor":[60,60,60,60,60,60,60,60,60,60,60],"card_choices":[{"not_picked":["Cloak And Dagger","Blade Dance"],"picked":"Choke","floor":1},{"not_picked":["Dodge and Roll","Outmaneuver"],"picked":"Well Laid Plans","floor":3},{"not_picked":["Deflect","Blade Dance"],"picked":"Backstab","floor":5},{"not_picked":["Cloak And Dagger","Sucker Punch"],"picked":"Dagger Throw","floor":8},{"not_picked":["Acrobatics","Bane"],"picked":"Poisoned Stab","floor":10}],"player_experience":276398,"relics_obtained":[{"floor":9,"key":"Orichalcum"}],"event_choices":[{"damage_healed":0,"gold_gain":0,"player_choice":"2 cards matched","damage_taken":0,"max_hp_gain":0,"max_hp_loss":0,"event_name":"Match and Keep!","floor":2,"gold_loss":0,"cards_obtained":["Normality","Neutralize"]},{"damage_healed":0,"gold_gain":0,"player_choice":"Ignored","damage_taken":0,"max_hp_gain":0,"max_hp_loss":0,"event_name":"Shining Light","floor":7,"gold_loss":0}],"is_beta":false,"boss_relics":[],"items_purged_floors":[],"is_endless":false,"potions_floor_spawned":[1,3],"killed_by":"Large Slime","ascension_level":20}