{"gold_per_floor":[111,111,121,121,196,225,225,120,120,135,135,185,195,225,225,302,302,321,221,421,440,451,451,123,123,123,136,136],"floor_reached":28,"playtime":1944,"items_purged":["Strike_G","Strike_G"],"score":489,"play_id":"3e7cfd4e-a679-48bd-b3c6-c7e477d3ad38","local_time":"20190204141553","is_ascension_mode":true,"campfire_choices":[{"floor":7,"key":"REST"},{"data":"Poisoned Stab","floor":11,"key":"SMITH"},{"floor":15,"key":"REST"},{"floor":23,"key":"REST"},{"data":"Noxious Fumes","floor":25,"key":"SMITH"}],"neow_cost":"NONE","seed_source_timestamp":232685998174800,"circlet_count":0,"master_deck":["AscendersBane","Defend_G","Defend_G","Defend_G","Defend_G","Defend_G","Strike_G","Strike_G","Strike_G+1","Survivor","Neutralize+1","Flying Knee","Dash","Caltrops","Poisoned Stab+1","Dodge and Roll","Poisoned Stab","Venomology","Noxious Fumes+1","Dodge and Roll","Leg Sweep","Backflip","Well Laid Plans"],"relics":["Ring of the Snake","NeowsBlessing","Snake Skull","Pen Nib","Letter Opener","Ancient Tea Set","Black Star","Meat on the Bone","Whetstone"],"potions_floor_usage":[14,16,18,21,27,27,27],"damage_taken":[{"damage":0,"enemies":"Jaw Worm","floor":1,"turns":1},{"damage":0,"enemies":"Small Slimes","floor":3,"turns":1},{"damage":0,"enemies":"Lagavulin","floor":6,"turns":1},{"damage":1,"enemies":"Cultist","floor":10,"turns":4},{"damage":0,"enemies":"Red Slaver","floor":13,"turns":4},{"damage":41,"enemies":"Gremlin Nob","floor":14,"turns":5},{"damage":18,"enemies":"Hexaghost","floor":16,"turns":9},{"damage":19,"enemies":"Chosen","floor":18,"turns":4},{"damage":26,"enemies":"Shell Parasite","floor":21,"turns":7},{"damage":10,"enemies":"Snecko","floor":22,"turns":5},{"damage":5,"enemies":"Chosen and Byrds","floor":27,"turns":5},{"damage":43,"enemies":"Slavers","floor":28,"turns":3}],"seed_played":"-622953319451967589","potions_obtained":[{"floor":1,"key":"Block Potion"},{"floor":14,"key":"EssenceOfSteel"},{"floor":21,"key":"Block Potion"}],"is_trial":false,"path_per_floor":["M","?","M","?","?","E","R","$","T","M","R","?","M","E","R","B",null,"M","$","?","M","M","R","$","R","T","M","E"],"character_chosen":"THE_SILENT","items_purchased":["Poisoned Stab","Backflip","Meat on the Bone"],"campfire_rested":3,"item_purchase_floors":[8,24,24],"current_hp_per_floor":[59,41,41,41,30,30,49,49,49,48,48,42,42,1,20,2,50,45,45,45,19,9,28,28,28,28,35,0],"gold":136,"neow_bonus":"THREE_ENEMY_KILL","is_prod":false,"is_daily":false,"chose_seed":false,"campfire_upgraded":2,"win_rate":0,"timestamp":1549286153,"path_taken":["M","?","M","?","?","E","R","$","T","M","R","?","M","E","R","BOSS","M","$","?","M","?","R","$","R","T","M","E"],"build_version":"2019-01-23","purchased_purges":2,"victory":false,"max_hp_per_floor":[66,66,66,66,66,66,66,66,66,66,66,66,66,66,66,66,66,66,66,66,66,66,66,66,66,66,66,66],"card_choices":[{"not_picked":["Dodge and Roll","Dagger Throw"],"picked":"Flying Knee","floor":1},{"not_picked":["Flying Knee","Cloak And Dagger"],"picked":"Dash","floor":3},{"not_picked":["Reflex","Dagger Throw"],"picked":"Caltrops","floor":6},{"not_picked":["Quick Slash","Slice","Grand Finale"],"picked":"SKIP","floor":10},{"not_picked":["Accuracy","Deflect"],"picked":"Dodge and Roll","floor":13},{"not_picked":["Slice","Endless Agony"],"picked":"Poisoned Stab","floor":14},{"not_picked":["Night Terror","Bullet Time"],"picked":"Venomology","floor":16},{"not_picked":["Backflip","Acrobatics"],"picked":"Noxious Fumes","floor":18},{"not_picked":["Dagger Spray","Prepared"],"picked":"Dodge and Roll","floor":21},{"not_picked":["Prepared","Slice"],"picked":"Leg Sweep","floor":22},{"not_picked":["Dagger Throw","Leg Sweep"],"picked":"Well Laid Plans","floor":27}],"player_experience":383776,"relics_obtained":[{"floor":6,"key":"Pen Nib"},{"floor":9,"key":"Letter Opener"},{"floor":14,"key":"Ancient Tea Set"},{"floor":26,"key":"Whetstone"}],"event_choices":[{"damage_healed":0,"gold_gain":0,"player_choice":"Success","damage_taken":18,"relics_obtained":["Snake Skull"],"max_hp_gain":0,"max_hp_loss":0,"event_name":"Scrap Ooze","floor":2,"gold_loss":0},{"damage_healed":0,"gold_gain":0,"player_choice":"Ignored","damage_taken":0,"max_hp_gain":0,"max_hp_loss":0,"event_name":"Liars Game","floor":4,"gold_loss":0},{"damage_healed":0,"gold_gain":75,"player_choice":"Gather Gold","damage_taken":11,"max_hp_gain":0,"max_hp_loss":0,"event_name":"World of Goop","floor":5,"gold_loss":0},{"damage_healed":0,"gold_gain":50,"player_choice":"Touch","damage_taken":6,"max_hp_gain":0,"max_hp_loss":0,"event_name":"FaceTrader","floor":12,"gold_loss":0},{"damage_healed":0,"gold_gain":250,"player_choice":"Bet on Owner","damage_taken":0,"max_hp_gain":0,"max_hp_loss":0,"event_name":"The Joust","floor":20,"gold_loss":50}],"is_beta":false,"boss_relics":[{"not_picked":["Busted Crown","Pandora\u0027s Box"],"picked":"Black Star"}],"items_purged_floors":[8,19],"is_endless":false,"potions_floor_spawned":[1,14,21],"killed_by":"Slavers","ascension_level":19}