{"gold_per_floor":[15,90,102,102,118,150,150,325,325,93,118,118,143,155,167,179],"floor_reached":16,"playtime":1132,"items_purged":["Strike_R"],"score":157,"play_id":"032f988c-e0ac-4f60-9d81-b3909f708c15","local_time":"20190129141152","is_ascension_mode":true,"campfire_choices":[{"data":"True Grit","floor":7,"key":"SMITH"},{"data":"Whirlwind","floor":12,"key":"SMITH"},{"data":"Bash","floor":15,"key":"SMITH"}],"neow_cost":"NO_GOLD","seed_source_timestamp":140118785378500,"circlet_count":0,"master_deck":["Strike_R+1","Strike_R","Strike_R","Strike_R","Defend_R","Defend_R","Defend_R","Defend_R","Bash+1","Dropkick+1","True Grit+1","Whirlwind+1","Impervious","Dropkick","Inflame"],"relics":["Burning Blood","Unceasing Top","Sundial","Boot","Molten Egg 2","MawBank"],"potions_floor_usage":[6,11,11],"damage_taken":[{"damage":4,"enemies":"Jaw Worm","floor":1,"turns":4},{"damage":0,"enemies":"Small Slimes","floor":3,"turns":4},{"damage":0,"enemies":"2 Louse","floor":5,"turns":3},{"damage":35,"enemies":"Lagavulin","floor":6,"turns":9},{"damage":16,"enemies":"Gremlin Nob","floor":11,"turns":3},{"damage":10,"enemies":"Lagavulin","floor":13,"turns":6},{"damage":21,"enemies":"The Guardian","floor":16,"turns":9}],"seed_played":"4992397403143401133","potions_obtained":[{"floor":1,"key":"EssenceOfSteel"},{"floor":6,"key":"Strength Potion"}],"is_trial":false,"path_per_floor":["M","?","M","?","M","E","R","?","T","$","E","R","E","?","R","B"],"character_chosen":"IRONCLAD","items_purchased":["Dropkick","Inflame","FearPotion"],"campfire_rested":0,"item_purchase_floors":[10,10,10],"current_hp_per_floor":[74,63,69,53,59,30,30,30,30,30,20,20,16,16,16,0],"gold":179,"neow_bonus":"ONE_RARE_RELIC","is_prod":false,"is_daily":false,"chose_seed":false,"campfire_upgraded":3,"win_rate":0,"timestamp":1548767512,"path_taken":["M","?","M","?","M","E","R","?","T","$","E","R","E","?","R","BOSS"],"build_version":"2019-01-23","purchased_purges":1,"victory":false,"max_hp_per_floor":[80,80,80,80,80,80,80,80,80,80,80,80,80,80,80,80],"card_choices":[{"not_picked":["Inflame","Warcry"],"picked":"Dropkick","floor":1},{"not_picked":["Pommel Strike","Spot Weakness"],"picked":"True Grit","floor":3},{"not_picked":["Twin Strike","Thunderclap"],"picked":"Whirlwind","floor":5},{"not_picked":["Wild Strike","Flame Barrier"],"picked":"Impervious","floor":6},{"not_picked":["Thunderclap","Sword Boomerang","Searing Blow"],"picked":"SKIP","floor":11},{"not_picked":["Rampage+1","Wild Strike+1","Clothesline+1"],"picked":"SKIP","floor":13}],"player_experience":186121,"relics_obtained":[{"floor":6,"key":"Sundial"},{"floor":9,"key":"Boot"},{"floor":11,"key":"Molten Egg 2"},{"floor":13,"key":"MawBank"}],"event_choices":[{"damage_healed":0,"gold_gain":75,"player_choice":"Gather Gold","damage_taken":11,"max_hp_gain":0,"max_hp_loss":0,"event_name":"World of Goop","floor":2,"gold_loss":0},{"damage_healed":0,"gold_gain":0,"player_choice":"Entered Light","damage_taken":16,"max_hp_gain":0,"max_hp_loss":0,"event_name":"Shining Light","floor":4,"gold_loss":0,"cards_upgraded":["Strike_R","Dropkick"]},{"damage_healed":0,"gold_gain":175,"player_choice":"AGREE","damage_taken":0,"max_hp_gain":0,"max_hp_loss":0,"event_name":"Liars Game","floor":8,"gold_loss":0,"cards_obtained":["Doubt"]},{"cards_removed":["Doubt"],"damage_healed":0,"gold_gain":0,"player_choice":"Removed Curses","damage_taken":0,"max_hp_gain":0,"max_hp_loss":0,"event_name":"Fountain of Cleansing","floor":14,"gold_loss":0}],"is_beta":false,"boss_relics":[],"items_purged_floors":[10],"is_endless":false,"potions_floor_spawned":[1,6],"killed_by":"The Guardian","ascension_level":7}