{"gold_per_floor":[19,19,94,11,22,57,70,70,70,89,89,101,116,36,36,115,115,125,125,137,37,37],"floor_reached":22,"playtime":9783,"items_purged":["Regret","Strike_B","Strike_B"],"score":335,"play_id":"77181040-17b8-44b0-98a0-2c0b904f4fd0","local_time":"20190126180554","is_ascension_mode":true,"campfire_choices":[{"data":"Zap","floor":8,"key":"SMITH"},{"data":"Loop","floor":11,"key":"SMITH"},{"data":"Go for the Eyes","floor":15,"key":"SMITH"}],"neow_cost":"NO_GOLD","seed_source_timestamp":149518534691700,"circlet_count":0,"master_deck":["AscendersBane","Strike_B","Defend_B","Defend_B","Defend_B","Defend_B","Zap+1","Dualcast","Ball Lightning","Go for the Eyes+1","Cold Snap","Conserve Battery","Sweeping Beam","Loop+1","Sunder+1","Creative AI","Coolheaded"],"relics":["Cracked Core","FossilizedHelix","The Courier","Regal Pillow","Molten Egg 2","Inserter"],"potions_floor_usage":[16,16,18,22],"damage_taken":[{"damage":0,"enemies":"Small Slimes","floor":1,"turns":3},{"damage":0,"enemies":"Jaw Worm","floor":5,"turns":3},{"damage":24,"enemies":"3 Sentries","floor":6,"turns":8},{"damage":0,"enemies":"Cultist","floor":7,"turns":3},{"damage":0,"enemies":"Exordium Wildlife","floor":10,"turns":4},{"damage":0,"enemies":"Large Slime","floor":12,"turns":6},{"damage":0,"enemies":"2 Fungi Beasts","floor":13,"turns":2},{"damage":23,"enemies":"Hexaghost","floor":16,"turns":8},{"damage":48,"enemies":"3 Byrds","floor":18,"turns":6},{"damage":5,"enemies":"2 Thieves","floor":20,"turns":4},{"damage":8,"enemies":"Snake Plant","floor":22,"turns":1}],"seed_played":"8389608739887973762","potions_obtained":[{"floor":6,"key":"LiquidBronze"},{"floor":7,"key":"Strength Potion"},{"floor":12,"key":"Strength Potion"},{"floor":16,"key":"Weak Potion"},{"floor":18,"key":"Energy Potion"}],"is_trial":false,"path_per_floor":["M","?","?","$","M","E","M","R","T","M","R","M","M","$","R","B",null,"M","?","M","$","M"],"character_chosen":"DEFECT","items_purchased":["Go for the Eyes"],"campfire_rested":0,"item_purchase_floors":[4],"current_hp_per_floor":[64,64,53,53,53,29,29,29,29,29,29,29,29,29,29,6,55,7,7,2,2,0],"gold":37,"neow_bonus":"ONE_RARE_RELIC","is_prod":false,"is_daily":false,"chose_seed":false,"campfire_upgraded":3,"win_rate":0,"timestamp":1548554754,"path_taken":["M","?","?","?","M","E","M","R","T","?","R","M","M","$","R","BOSS","M","?","M","$","M"],"build_version":"2019-01-23","purchased_purges":3,"victory":false,"max_hp_per_floor":[71,71,71,71,71,71,71,71,71,71,71,71,71,71,71,71,71,71,71,71,71,71],"card_choices":[{"not_picked":["Beam Cell","Barrage"],"picked":"Ball Lightning","floor":1},{"not_picked":["Coolheaded","Chill"],"picked":"Cold Snap","floor":5},{"not_picked":["Gash","FTL"],"picked":"Conserve Battery","floor":6},{"not_picked":["Static Discharge","Redo"],"picked":"Sweeping Beam","floor":7},{"not_picked":["Machine Learning","Barrage+1"],"picked":"Loop","floor":10},{"not_picked":["Beam Cell+1","BootSequence","Reprogram"],"picked":"SKIP","floor":12},{"not_picked":["Barrage+1","Hello World"],"picked":"Sunder+1","floor":13},{"not_picked":["Meteor Strike+1","Hyperbeam+1"],"picked":"Creative AI","floor":16},{"not_picked":["Steam","Ball Lightning+1","Turbo"],"picked":"SKIP","floor":18},{"not_picked":["Hologram","Turbo"],"picked":"Coolheaded","floor":20}],"player_experience":1190216,"relics_obtained":[{"floor":6,"key":"Regal Pillow"},{"floor":9,"key":"Molten Egg 2"}],"event_choices":[{"damage_healed":0,"gold_gain":0,"player_choice":"Box","damage_taken":0,"relics_obtained":["The Courier"],"max_hp_gain":0,"max_hp_loss":0,"event_name":"Big Fish","floor":2,"gold_loss":0,"cards_obtained":["Regret"]},{"damage_healed":0,"gold_gain":75,"player_choice":"Gather Gold","damage_taken":11,"max_hp_gain":0,"max_hp_loss":0,"event_name":"World of Goop","floor":3,"gold_loss":0},{"cards_removed":["Strike_B"],"damage_healed":0,"gold_gain":0,"player_choice":"Elegance","damage_taken":0,"max_hp_gain":0,"max_hp_loss":0,"event_name":"Back to Basics","floor":19,"gold_loss":0}],"is_beta":false,"boss_relics":[{"not_picked":["Astrolabe","Fusion Hammer"],"picked":"Inserter"}],"items_purged_floors":[4,14,21],"is_endless":false,"potions_floor_spawned":[6,7,12,16,18],"killed_by":"Snake Plant","ascension_level":16}