{"gold_per_floor":[109,259,276,52,52,83,83,108,108,108,19,19,32,44,44,121,121,136,136,155,155,155,155],"floor_reached":23,"playtime":1250,"items_purged":["Doubt"],"score":370,"play_id":"15530a7b-9c82-4503-94ad-2fc8088072ca","local_time":"20190129233605","is_ascension_mode":true,"campfire_choices":[{"floor":7.0,"key":"REST"},{"floor":10.0,"key":"REST"},{"floor":12.0,"key":"REST"},{"data":"Metallicize","floor":15.0,"key":"SMITH"}],"neow_cost":"NONE","seed_source_timestamp":216129952400371,"circlet_count":0,"master_deck":["AscendersBane","Defend_R","Defend_R","Defend_R","Defend_R","Bash+1","Carnage","Cleave","Metallicize+1","Armaments","Enlightenment","Hemokinesis","Evolve","Juggernaut","Carnage","Bite","Bite","Bite","Bite","Bite","Rage","Ghostly","Ghostly","Ghostly"],"special_seed":0,"relics":["Black Blood","Centennial Puzzle","Ginger","Bottled Lightning","Darkstone Periapt","MutagenicStrength"],"potions_floor_usage":[20,23,23],"damage_taken":[{"damage":9.0,"enemies":"2 Louse","floor":1.0,"turns":4.0},{"damage":3.0,"enemies":"Small Slimes","floor":3.0,"turns":4.0},{"damage":48.0,"enemies":"Lagavulin","floor":6.0,"turns":9.0},{"damage":50.0,"enemies":"Gremlin Nob","floor":8.0,"turns":5.0},{"damage":3.0,"enemies":"Cultist","floor":13.0,"turns":6.0},{"damage":9.0,"enemies":"Red Slaver","floor":14.0,"turns":4.0},{"damage":57.0,"enemies":"Hexaghost","floor":16.0,"turns":10.0},{"damage":14,"enemies":"Chosen","floor":18,"turns":5},{"damage":27,"enemies":"Spheric Guardian","floor":20,"turns":7},{"damage":29,"enemies":"Slavers","floor":23,"turns":1}],"seed_played":"7437024444574734236","potions_obtained":[{"floor":8.0,"key":"Poison Potion"},{"floor":13.0,"key":"EssenceOfSteel"},{"floor":14.0,"key":"Energy Potion"},{"floor":16.0,"key":"Poison Potion"},{"floor":18,"key":"Energy Potion"},{"floor":20,"key":"LiquidBronze"}],"is_trial":false,"path_per_floor":["M","?","M","$","?","E","R","E","T","R","$","R","M","M","R","B",null,"M","?","M","?","?","E"],"character_chosen":"IRONCLAD","items_purchased":["Centennial Puzzle","Enlightenment"],"campfire_rested":3,"item_purchase_floors":[4,11],"current_hp_per_floor":[72,72,75,75,75,33,57,13,13,37,37,61,64,61,61,10,64,60,57,48,28,28,0],"gold":155,"neow_bonus":"TEN_PERCENT_HP_BONUS","is_prod":false,"is_daily":false,"chose_seed":false,"campfire_upgraded":1,"win_rate":0,"timestamp":1548772565,"path_taken":["M","?","M","$","?","E","R","E","T","R","?","R","?","M","R","BOSS","M","?","M","?","?","E"],"build_version":"2019-01-23","purchased_purges":1,"victory":false,"max_hp_per_floor":[82,82,82,82,82,82,82,82,82,82,82,82,82,82,82,82,82,82,57,57,28,28,28],"card_choices":[{"not_picked":["Wild Strike","Clash"],"picked":"Carnage","floor":1.0},{"not_picked":["Body Slam","Twin Strike"],"picked":"Cleave","floor":3.0},{"not_picked":["Sever Soul","Carnage"],"picked":"Metallicize","floor":6.0},{"not_picked":["Headbutt","Iron Wave"],"picked":"Armaments","floor":8.0},{"not_picked":["Wild Strike","Limit Break"],"picked":"Hemokinesis","floor":13.0},{"not_picked":["Headbutt","Disarm"],"picked":"Evolve","floor":14.0},{"not_picked":["Feed","Reaper"],"picked":"Juggernaut","floor":16.0},{"not_picked":["Hemokinesis","Body Slam"],"picked":"Carnage","floor":18},{"not_picked":["Thunderclap","Bloodletting"],"picked":"Rage","floor":20}],"player_experience":972753,"relics_obtained":[{"floor":6.0,"key":"Ginger"},{"floor":8.0,"key":"Bottled Lightning"},{"floor":9.0,"key":"Darkstone Periapt"}],"event_choices":[{"damage_healed":0.0,"max_hp_gain":0.0,"max_hp_loss":0.0,"gold_gain":150.0,"event_name":"Liars Game","player_choice":"AGREE","floor":2.0,"gold_loss":0.0,"damage_taken":0.0,"cards_obtained":["Doubt"]},{"damage_healed":0.0,"max_hp_gain":0.0,"max_hp_loss":0.0,"gold_gain":0.0,"event_name":"Upgrade Shrine","player_choice":"Upgraded","floor":5.0,"gold_loss":0.0,"damage_taken":0.0,"cards_upgraded":["Bash"]},{"damage_healed":0,"gold_gain":0,"player_choice":"Became a vampire","damage_taken":0,"max_hp_gain":0,"max_hp_loss":25,"event_name":"Vampires","floor":19,"gold_loss":0,"cards_obtained":["Bite","Bite","Bite","Bite","Bite"]},{"damage_healed":0,"gold_gain":0,"player_choice":"Became a Ghost","damage_taken":0,"max_hp_gain":0,"max_hp_loss":29,"event_name":"Ghosts","floor":21,"gold_loss":0,"cards_obtained":["Ghostly","Ghostly","Ghostly"]},{"damage_healed":0,"gold_gain":0,"player_choice":"Inject Mutagens","damage_taken":0,"relics_obtained":["MutagenicStrength"],"max_hp_gain":0,"max_hp_loss":0,"event_name":"Drug Dealer","floor":22,"gold_loss":0}],"is_beta":false,"boss_relics":[{"not_picked":["Runic Dome","Ectoplasm"],"picked":"Black Blood"}],"items_purged_floors":[4],"is_endless":false,"potions_floor_spawned":[8,13,14,16,18,20],"killed_by":"Slavers","ascension_level":15}