{"gold_per_floor":[116,216,229,249,267,267,283,283,283,293,319,319,348,369,369,369],"floor_reached":16,"playtime":662,"items_purged":[],"score":112,"play_id":"d56ec0a3-6851-413e-ac60-a5c6b8b0c8b8","local_time":"20190203004453","is_ascension_mode":false,"campfire_choices":[{"floor":6,"key":"RECALL"},{"data":"Bash","floor":8,"key":"SMITH"},{"floor":15,"key":"REST"}],"neow_cost":"TEN_PERCENT_HP_LOSS","seed_source_timestamp":113321253304840,"circlet_count":0,"master_deck":["Strike_R","Strike_R","Strike_R","Strike_R","Strike_R","Defend_R","Defend_R","Defend_R","Defend_R","Bash+1","Thunderclap","Perfected Strike","Wild Strike","Cleave","Impervious","Whirlwind"],"relics":["Burning Blood","Turnip","Juzu Bracelet","Bottled Lightning","Odd Mushroom"],"potions_floor_usage":[16,16],"damage_taken":[{"damage":1,"enemies":"Jaw Worm","floor":1,"turns":3},{"damage":10,"enemies":"Cultist","floor":3,"turns":4},{"damage":0,"enemies":"Small Slimes","floor":4,"turns":2},{"damage":8,"enemies":"3 Louse","floor":5,"turns":4},{"damage":16,"enemies":"Exordium Thugs","floor":7,"turns":4},{"damage":8,"enemies":"Red Slaver","floor":10,"turns":2},{"damage":28,"enemies":"Gremlin Nob","floor":11,"turns":4},{"damage":18,"enemies":"3 Sentries","floor":13,"turns":8},{"damage":18,"enemies":"The Mushroom Lair","floor":14,"turns":4},{"damage":49,"enemies":"Hexaghost","floor":16,"turns":9}],"seed_played":"1019986259553343102","potions_obtained":[{"floor":1,"key":"SteroidPotion"},{"floor":5,"key":"Strength Potion"},{"floor":11,"key":"Regen Potion"},{"floor":12,"key":"FairyPotion"},{"floor":12,"key":"BloodPotion"}],"is_trial":false,"path_per_floor":["M","?","M","M","M","R","M","R","T","M","E","?","E","?","R","B"],"character_chosen":"IRONCLAD","items_purchased":[],"campfire_rested":1,"item_purchase_floors":[],"current_hp_per_floor":[72,72,68,72,70,70,60,60,60,58,36,36,24,12,33,0],"gold":369,"neow_bonus":"ONE_RARE_RELIC","is_prod":false,"is_daily":false,"chose_seed":false,"campfire_upgraded":1,"win_rate":0,"timestamp":1549125893,"path_taken":["M","?","M","M","M","R","?","R","T","M","E","?","E","?","R","BOSS"],"build_version":"2019-01-23","purchased_purges":0,"victory":false,"max_hp_per_floor":[72,72,72,72,72,72,72,72,72,72,72,72,72,72,72,72],"card_choices":[{"not_picked":["Searing Blow","Flex"],"picked":"Thunderclap","floor":1},{"not_picked":["Thunderclap","Flex"],"picked":"Perfected Strike","floor":3},{"not_picked":["Clothesline","Bloodletting"],"picked":"Wild Strike","floor":4},{"not_picked":["Dropkick","Flex"],"picked":"Cleave","floor":5},{"not_picked":["Immolate","Dual Wield","Power Through"],"picked":"SKIP","floor":7},{"not_picked":["Warcry","Burning Pact","Flex"],"picked":"SKIP","floor":10},{"not_picked":["Clothesline","Sever Soul"],"picked":"Impervious","floor":11},{"not_picked":["Heavy Blade","Rampage"],"picked":"Whirlwind","floor":13}],"player_experience":180484,"relics_obtained":[{"floor":11,"key":"Juzu Bracelet"},{"floor":13,"key":"Bottled Lightning"},{"floor":14,"key":"Odd Mushroom"}],"event_choices":[{"damage_healed":0,"gold_gain":100,"player_choice":"Pray","damage_taken":0,"max_hp_gain":0,"max_hp_loss":0,"event_name":"Golden Shrine","floor":2,"gold_loss":0},{"damage_healed":0,"gold_gain":0,"player_choice":"Got Potions","damage_taken":0,"max_hp_gain":0,"max_hp_loss":0,"event_name":"Lab","floor":12,"gold_loss":0},{"damage_healed":0,"gold_gain":0,"player_choice":"Fought Mushrooms","damage_taken":0,"max_hp_gain":0,"max_hp_loss":0,"event_name":"Mushrooms","floor":14,"gold_loss":0}],"is_beta":false,"boss_relics":[],"items_purged_floors":[],"is_endless":false,"potions_floor_spawned":[1,5,11,13,14],"killed_by":"Hexaghost","ascension_level":0}