{"gold_per_floor":[115,135,19,19,19,60,60,60,60,85,85,85,43,64,64,64],"floor_reached":16,"playtime":673,"items_purged":["Strike_B"],"score":132,"play_id":"72e8b88c-191c-4713-9de8-ce65997c202e","local_time":"20180716185054","is_ascension_mode":true,"campfire_choices":[{"floor":7,"key":"REST"},{"floor":15,"key":"REST"}],"neow_cost":"NONE","seed_source_timestamp":2394695277426,"circlet_count":0,"master_deck":["Strike_B","Strike_B","Strike_B","Defend_B","Defend_B","Defend_B","Defend_B","Zap","Dualcast+1","Machine Learning","Leap","Rebound","Scrape","Injury","Redo+1","Streamline","Leap","Steam Power"],"relics":["Cracked Core","Golden Idol","Lantern","The Courier"],"potions_floor_usage":[6,16,16],"damage_taken":[{"damage":8,"enemies":"Small Slimes","floor":1,"turns":4},{"damage":9,"enemies":"2 Louse","floor":2,"turns":3},{"damage":40,"enemies":"Gremlin Nob","floor":6,"turns":4},{"damage":0,"enemies":"Cultist","floor":10,"turns":3},{"damage":0,"enemies":"3 Louse","floor":14,"turns":3},{"damage":48,"enemies":"The Guardian","floor":16,"turns":7}],"seed_played":"-1391157188069634352","potions_obtained":[{"floor":1,"key":"GamblersBrew"},{"floor":2,"key":"Fire Potion"},{"floor":14,"key":"AttackPotion"}],"is_trial":false,"path_per_floor":["M","M","$","?","?","E","R","?","T","M","?","$","$","M","R"],"character_chosen":"DEFECT","items_purchased":["Scrape","Leap"],"campfire_rested":2,"item_purchase_floors":[3,13],"current_hp_per_floor":[60,51,51,56,56,16,40,24,24,24,24,24,24,24,48,0],"gold":64,"neow_bonus":"ONE_RANDOM_RARE_CARD","is_prod":false,"is_daily":false,"chose_seed":false,"campfire_upgraded":0,"win_rate":0,"timestamp":1531781454,"path_taken":["M","M","$","?","?","E","R","?","T","M","?","?","$","?","R","BOSS"],"build_version":"2018-07-12","purchased_purges":1,"victory":false,"max_hp_per_floor":[75,75,75,80,80,80,80,80,80,80,80,80,80,80,80,80],"card_choices":[{"not_picked":["BootSequence","Coolheaded"],"picked":"Leap","floor":1},{"not_picked":["Fusion","Undo"],"picked":"Rebound","floor":2},{"not_picked":["Heatsinks","Compile Driver"],"picked":"Redo","floor":6},{"not_picked":["Storm","Aggregate"],"picked":"Streamline","floor":10},{"not_picked":["Glacier","Conserve Battery"],"picked":"Steam Power","floor":14}],"player_experience":428613,"relics_obtained":[{"floor":6,"key":"Lantern"},{"floor":9,"key":"The Courier"}],"event_choices":[{"event_name":"Big Fish","player_choice":"Donut","floor":4,"damage_taken":0},{"event_name":"Golden Idol","player_choice":"Take Wound","floor":5,"damage_taken":0},{"event_name":"Shining Light","player_choice":"Entered Light","floor":8,"damage_taken":0},{"event_name":"The Cleric","player_choice":"Leave","floor":11,"damage_taken":0}],"boss_relics":[],"items_purged_floors":[3],"is_endless":false,"potions_floor_spawned":[1,2,14],"killed_by":"The Guardian","ascension_level":7}