{"gold_per_floor":[114,114,114,130,148,148,166,166],"floor_reached":8,"playtime":1509,"items_purged":[],"score":91,"play_id":"633427ac-c9fc-43c9-881a-f68644f1801c","local_time":"20190209191110","is_ascension_mode":true,"campfire_choices":[{"data":"Doom and Gloom","floor":6,"key":"SMITH"}],"neow_cost":"NONE","seed_source_timestamp":334279823653484,"circlet_count":0,"master_deck":["AscendersBane","Strike_B","Strike_B","Strike_B","Defend_B","Defend_B","Defend_B","Defend_B","Zap+1","Dualcast","Doom and Gloom+1","Coolheaded","Self Repair"],"special_seed":0,"relics":["Cracked Core"],"potions_floor_usage":[8,8],"damage_taken":[{"damage":4,"enemies":"Jaw Worm","floor":1,"turns":4},{"damage":9,"enemies":"2 Louse","floor":4,"turns":3},{"damage":1,"enemies":"Cultist","floor":5,"turns":3},{"damage":12,"enemies":"2 Fungi Beasts","floor":7,"turns":2},{"damage":46,"enemies":"Gremlin Nob","floor":8,"turns":3}],"seed_played":"-7451442325198565614","potions_obtained":[{"floor":0.0,"key":"Fire Potion"},{"floor":0.0,"key":"Swift Potion"},{"floor":4,"key":"Explosive Potion"}],"is_trial":false,"path_per_floor":["M","?","?","M","M","R","M","E"],"character_chosen":"DEFECT","items_purchased":[],"campfire_rested":0,"item_purchase_floors":[],"current_hp_per_floor":[60,53,53,44,43,43,38,0],"gold":166,"neow_bonus":"THREE_SMALL_POTIONS","is_prod":false,"is_daily":false,"chose_seed":false,"campfire_upgraded":1,"win_rate":0,"timestamp":1549768270,"path_taken":["M","?","?","M","?","R","M","E"],"build_version":"2019-01-23","purchased_purges":0,"victory":false,"max_hp_per_floor":[71,71,71,71,71,71,71,71],"card_choices":[{"not_picked":["Rebound","Recycle"],"picked":"Doom and Gloom","floor":1},{"not_picked":["Undo","Beam Cell"],"picked":"Coolheaded","floor":4},{"not_picked":["Hello World","Go for the Eyes"],"picked":"Self Repair","floor":5},{"not_picked":["Chaos","Hologram","Hello World"],"picked":"SKIP","floor":7}],"player_experience":516927,"relics_obtained":[],"event_choices":[{"cards_removed":["Strike_B"],"damage_healed":0,"gold_gain":0,"player_choice":"Card Removal","damage_taken":7,"max_hp_gain":0,"max_hp_loss":0,"event_name":"Golden Wing","floor":2,"gold_loss":0},{"damage_healed":0,"gold_gain":0,"player_choice":"Forge","damage_taken":0,"max_hp_gain":0,"max_hp_loss":0,"event_name":"Accursed Blacksmith","floor":3,"gold_loss":0,"cards_upgraded":["Zap"]}],"is_beta":false,"boss_relics":[],"items_purged_floors":[],"is_endless":false,"potions_floor_spawned":[4],"killed_by":"Gremlin Nob","ascension_level":18}