{"gold_per_floor":[115,126,142,159,159,188,188,205,205,215,234,269,279,294,294,398,398,408,128,140,160,175,175],"floor_reached":23,"playtime":1766,"items_purged":["Strike_G"],"score":310,"play_id":"d53a07dd-5bae-41cb-8720-0706bab563c4","local_time":"20181024213754","is_ascension_mode":true,"campfire_choices":[{"floor":7,"key":"REST"},{"floor":15,"key":"REST"}],"neow_cost":"NONE","seed_source_timestamp":354349909337388,"circlet_count":0,"master_deck":["Defend_G","Defend_G","Defend_G","Defend_G","Defend_G","Strike_G","Strike_G","Strike_G","Strike_G","Survivor","Neutralize","Dagger Throw","Bouncing Flask","Riddle With Holes","Flying Knee","Noxious Fumes","Deadly Poison","Cloak And Dagger","Leg Sweep","Leg Sweep","Catalyst","Heel Hook","Corpse Explosion","Outmaneuver","Prepared+1"],"relics":["Fusion Hammer","FaceOfCleric","Pear","Calipers","Shovel","Busted Crown","TwistedFunnel"],"potions_floor_usage":[4,14,16,23],"damage_taken":[{"damage":0,"enemies":"Cultist","floor":1,"turns":4},{"damage":0,"enemies":"Small Slimes","floor":2,"turns":4},{"damage":0,"enemies":"Jaw Worm","floor":3,"turns":3},{"damage":22,"enemies":"Gremlin Gang","floor":4,"turns":6},{"damage":13,"enemies":"Gremlin Nob","floor":6,"turns":4},{"damage":17,"enemies":"Lots of Slimes","floor":8,"turns":4},{"damage":0,"enemies":"Exordium Wildlife","floor":10,"turns":3},{"damage":10,"enemies":"Gremlin Gang","floor":11,"turns":5},{"damage":27,"enemies":"3 Sentries","floor":12,"turns":8},{"damage":0,"enemies":"Looter","floor":13,"turns":3},{"damage":4,"enemies":"Exordium Wildlife","floor":14,"turns":5},{"damage":10,"enemies":"Slime Boss","floor":16,"turns":11},{"damage":17,"enemies":"2 Thieves","floor":18,"turns":5},{"damage":0,"enemies":"3 Byrds","floor":20,"turns":3},{"damage":7,"enemies":"Cultist and Chosen","floor":21,"turns":4},{"damage":14,"enemies":"Snake Plant","floor":22,"turns":4},{"damage":42,"enemies":"Gremlin Leader","floor":23,"turns":7}],"seed_played":"7572371453485081730","potions_obtained":[{"floor":1,"key":"FearPotion"},{"floor":10,"key":"SpeedPotion"},{"floor":11,"key":"FearPotion"},{"floor":12,"key":"SpeedPotion"},{"floor":14,"key":"EssenceOfSteel"},{"floor":21,"key":"SteroidPotion"}],"is_trial":false,"path_per_floor":["M","M","M","M","?","E","R","M","T","M","M","E","M","M","R","B",null,"M","$","M","M","M"],"character_chosen":"THE_SILENT","items_purchased":["TwistedFunnel"],"campfire_rested":2,"item_purchase_floors":[19],"current_hp_per_floor":[63,63,63,41,41,39,63,47,47,48,39,13,14,11,37,28,73,57,57,58,52,39,0],"gold":175,"neow_bonus":"BOSS_RELIC","is_prod":false,"is_daily":false,"chose_seed":false,"campfire_upgraded":0,"win_rate":0,"timestamp":1540442274,"path_taken":["M","?","M","M","?","E","R","M","T","M","M","E","M","?","R","BOSS","M","$","?","M","M","E"],"build_version":"2018-10-18","purchased_purges":1,"victory":false,"max_hp_per_floor":[70,70,70,70,70,81,81,82,82,83,84,85,86,87,87,88,88,89,89,90,91,92,92],"card_choices":[{"not_picked":["Calculated Gamble","Underhanded Strike"],"picked":"Dagger Throw","floor":1},{"not_picked":["Eviscerate","Dodge and Roll"],"picked":"Bouncing Flask","floor":2},{"not_picked":["Finisher","Flechettes"],"picked":"Riddle With Holes","floor":3},{"not_picked":["Dodge and Roll","Blade Dance"],"picked":"Flying Knee","floor":4},{"not_picked":["Deflect","Tactician"],"picked":"Noxious Fumes","floor":6},{"not_picked":["Calculated Gamble","A Thousand Cuts"],"picked":"Deadly Poison","floor":8},{"not_picked":["Blade Dance","Slice"],"picked":"Cloak And Dagger","floor":10},{"not_picked":["Riddle With Holes","Blade Dance"],"picked":"Leg Sweep","floor":11},{"not_picked":["Backstab","A Thousand Cuts"],"picked":"Leg Sweep","floor":12},{"not_picked":["Cloak And Dagger","Poisoned Stab"],"picked":"Catalyst","floor":13},{"not_picked":["Slice","Dagger Spray"],"picked":"Heel Hook","floor":14},{"not_picked":["Burst","Doppelganger"],"picked":"Corpse Explosion","floor":16},{"not_picked":[],"picked":"Outmaneuver","floor":18},{"not_picked":[],"picked":"Prepared+1","floor":20},{"not_picked":["Slice"],"picked":"SKIP","floor":21},{"not_picked":["Cloak And Dagger"],"picked":"SKIP","floor":22},{"not_picked":["Cloak And Dagger"],"picked":"SKIP","floor":22}],"player_experience":53279,"relics_obtained":[{"floor":6,"key":"Pear"},{"floor":9,"key":"Calipers"},{"floor":12,"key":"Shovel"}],"event_choices":[{"damage_healed":0,"gold_gain":0,"player_choice":"Trade","damage_taken":0,"relics_obtained":["FaceOfCleric"],"max_hp_gain":0,"max_hp_loss":0,"event_name":"FaceTrader","floor":5,"gold_loss":0}],"is_beta":false,"boss_relics":[{"not_picked":["Tiny House","Empty Cage"],"picked":"Busted Crown"}],"items_purged_floors":[19],"is_endless":false,"potions_floor_spawned":[1,10,11,12,14,21],"killed_by":"Gremlin Leader","ascension_level":7}