{"gold_per_floor":[143,159,179,197,209,235,247,247,247,247,273,273,293,306,306,407,407,425,435,435,450,70,70,70,88,160,160,190,201,526,539,539,539],"floor_reached":33,"playtime":1994,"items_purged":[],"score":470,"play_id":"adc864f5-ad7d-4706-9a04-58462592a809","local_time":"20190113221709","is_ascension_mode":true,"campfire_choices":[{"data":"Armaments","floor":8.0,"key":"SMITH"},{"data":"Bash","floor":10.0,"key":"SMITH"},{"data":"Body Slam","floor":12,"key":"SMITH"},{"data":"Perfected Strike","floor":15,"key":"SMITH"},{"floor":23,"key":"REST"},{"floor":32,"key":"REST"}],"neow_cost":"NONE","seed_source_timestamp":303545879720516,"circlet_count":0,"master_deck":["AscendersBane","Strike_R","Strike_R","Strike_R","Strike_R","Strike_R","Defend_R","Defend_R","Defend_R","Defend_R","Bash+1","Anger","Headbutt","Armaments+1","Perfected Strike+1","Ghostly Armor","Body Slam+1","Cleave","Twin Strike","Brutality","Sword Boomerang+1","Shrug It Off+1","RitualDagger","Shrug It Off","Disarm","Pommel Strike+1","Shrug It Off+1","Warcry"],"special_seed":0,"relics":["Burning Blood","Tiny Chest","Meat on the Bone","Mercury Hourglass","Strawberry","Fusion Hammer","Incense Burner","Gremlin Horn","GremlinMask","Bag of Marbles","Old Coin"],"potions_floor_usage":[18,30,33,33],"damage_taken":[{"damage":2.0,"enemies":"2 Louse","floor":1.0,"turns":3.0},{"damage":0.0,"enemies":"Small Slimes","floor":2.0,"turns":3.0},{"damage":1.0,"enemies":"Cultist","floor":3.0,"turns":4.0},{"damage":12.0,"enemies":"Large Slime","floor":4.0,"turns":6.0},{"damage":20.0,"enemies":"Gremlin Gang","floor":5.0,"turns":8.0},{"damage":40.0,"enemies":"3 Sentries","floor":6.0,"turns":12.0},{"damage":21.0,"enemies":"Lots of Slimes","floor":7.0,"turns":5.0},{"damage":5,"enemies":"Gremlin Nob","floor":11,"turns":3},{"damage":0,"enemies":"2 Fungi Beasts","floor":13,"turns":3},{"damage":7,"enemies":"Looter","floor":14,"turns":4},{"damage":15,"enemies":"Slime Boss","floor":16,"turns":11},{"damage":3,"enemies":"Chosen","floor":18,"turns":3},{"damage":22,"enemies":"2 Thieves","floor":19,"turns":3},{"damage":3,"enemies":"Centurion and Healer","floor":21,"turns":4},{"damage":11,"enemies":"Sentry and Sphere","floor":25,"turns":4},{"damage":19,"enemies":"Book of Stabbing","floor":28,"turns":5},{"damage":10,"enemies":"Shelled Parasite and Fungi","floor":29,"turns":4},{"damage":24,"enemies":"Slavers","floor":30,"turns":7},{"damage":24,"enemies":"Centurion and Healer","floor":31,"turns":3},{"damage":68,"enemies":"Collector","floor":33,"turns":5}],"seed_played":"-1117551187452347491","potions_obtained":[{"floor":2.0,"key":"GamblersBrew"},{"floor":6.0,"key":"EssenceOfSteel"},{"floor":13,"key":"FairyPotion"},{"floor":19,"key":"Fire Potion"},{"floor":28,"key":"Swift Potion"},{"floor":29,"key":"AttackPotion"},{"floor":30,"key":"Strength Potion"}],"is_trial":false,"path_per_floor":["M","M","M","M","M","E","M","R","T","R","E","R","M","M","R","B",null,"M","M","?","M","$","R","?","M","T","?","E","M","E","M","R","B"],"character_chosen":"IRONCLAD","items_purchased":["Incense Burner","Disarm"],"campfire_rested":2,"item_purchase_floors":[22,22],"current_hp_per_floor":[76,80,80,74,60,26,23,23,23,23,43,43,61,60,60,51,78,81,65,59,62,62,87,87,82,82,82,69,65,59,53,79,11],"gold":539,"neow_bonus":"RANDOM_COMMON_RELIC","is_prod":false,"is_daily":false,"chose_seed":false,"campfire_upgraded":4,"win_rate":0,"timestamp":1547446629,"path_taken":["M","M","M","M","M","E","M","R","T","R","E","R","M","M","R","BOSS","M","M","?","M","$","R","?","M","T","?","E","M","E","M","R","BOSS"],"build_version":"2019-01-10","purchased_purges":0,"victory":false,"max_hp_per_floor":[80,80,80,80,80,80,80,80,80,80,87,87,87,87,87,87,87,87,87,87,87,87,87,87,87,87,87,87,87,87,87,87,87],"card_choices":[{"not_picked":["True Grit","Warcry","Heavy Blade"],"picked":"SKIP","floor":1.0},{"not_picked":["Clothesline","Pommel Strike"],"picked":"Anger","floor":2.0},{"not_picked":["Blood for Blood","Thunderclap"],"picked":"Headbutt","floor":3.0},{"not_picked":["Iron Wave","Perfected Strike"],"picked":"Armaments","floor":4.0},{"not_picked":["Feel No Pain","Heavy Blade","Burning Pact"],"picked":"SKIP","floor":5.0},{"not_picked":["Seeing Red","Brutality"],"picked":"Perfected Strike","floor":6.0},{"not_picked":["Havoc","True Grit"],"picked":"Ghostly Armor","floor":7.0},{"not_picked":["Clothesline","Second Wind"],"picked":"Body Slam","floor":11},{"not_picked":["Evolve","Pommel Strike"],"picked":"Cleave","floor":13},{"not_picked":["Flex","Armaments"],"picked":"Twin Strike","floor":14},{"not_picked":["Reaper","Berserk"],"picked":"Brutality","floor":16},{"not_picked":["Perfected Strike","Armaments+1"],"picked":"Sword Boomerang+1","floor":18},{"not_picked":["Flex+1","Bloodletting"],"picked":"Shrug It Off+1","floor":19},{"not_picked":["Flex+1","Clash+1"],"picked":"Shrug It Off","floor":21},{"not_picked":["Sever Soul","Entrench"],"picked":"Pommel Strike+1","floor":25},{"not_picked":["Reckless Charge+1","Evolve"],"picked":"Shrug It Off+1","floor":28},{"not_picked":["Infernal Blade","Clash","Carnage+1"],"picked":"SKIP","floor":29},{"not_picked":["Infernal Blade","Clash","Carnage+1"],"picked":"SKIP","floor":29},{"not_picked":["Anger+1","Searing Blow"],"picked":"Warcry","floor":30},{"not_picked":["Sword Boomerang","Feel No Pain","Clash"],"picked":"SKIP","floor":31}],"player_experience":402225,"relics_obtained":[{"floor":6.0,"key":"Meat on the Bone"},{"floor":9.0,"key":"Mercury Hourglass"},{"floor":11,"key":"Strawberry"},{"floor":26,"key":"Gremlin Horn"},{"floor":28,"key":"Bag of Marbles"},{"floor":30,"key":"Old Coin"}],"event_choices":[{"damage_healed":0,"gold_gain":0,"player_choice":"Joined the Cult","damage_taken":6,"max_hp_gain":0,"max_hp_loss":0,"event_name":"Nest","floor":20,"gold_loss":0,"cards_obtained":["RitualDagger"]},{"damage_healed":0,"gold_gain":0,"player_choice":"Ignored","damage_taken":0,"max_hp_gain":0,"max_hp_loss":0,"event_name":"The Mausoleum","floor":24,"gold_loss":0},{"damage_healed":0,"gold_gain":0,"player_choice":"Trade","damage_taken":0,"relics_obtained":["GremlinMask"],"max_hp_gain":0,"max_hp_loss":0,"event_name":"FaceTrader","floor":27,"gold_loss":0}],"is_beta":false,"boss_relics":[{"not_picked":["Tiny House","Mark of Pain"],"picked":"Fusion Hammer"}],"items_purged_floors":[],"is_endless":false,"potions_floor_spawned":[2,6,13,16,19,28,29,30],"killed_by":"Collector","ascension_level":11}