{"gold_per_floor":[117,117,117,141,163,203,215,241,279,291,331,362,374,405,417,505,517,545,557,569,426,441,441,180,214,214,214],"floor_reached":27,"playtime":2302,"items_purged":["Strike_G","Strike_G"],"score":470,"play_id":"dca1ddb4-717f-42e4-9438-5b752ab9ee81","local_time":"20190203052716","is_ascension_mode":true,"campfire_choices":[{"floor":7,"key":"REST"},{"floor":10,"key":"REST"},{"floor":15,"key":"REST"},{"data":"Neutralize","floor":23,"key":"SMITH"}],"neow_cost":"NONE","seed_source_timestamp":114211759784100,"circlet_count":0,"master_deck":["AscendersBane","Defend_G","Defend_G","Defend_G","Defend_G","Defend_G","Strike_G","Strike_G","Survivor","Neutralize+1","Dagger Throw","All Out Attack","Bouncing Flask","Predator","Burst","A Thousand Cuts","PiercingWail","Well Laid Plans","Deadly Poison+1","Backflip","Cloak And Dagger","Corpse Explosion"],"relics":["Ring of the Snake","NeowsBlessing","MawBank","Anchor","Vajra","Ginger","Snecko Eye","Smiling Mask","Darkstone Periapt"],"potions_floor_usage":[11,11,16,25,25],"damage_taken":[{"damage":0,"enemies":"Small Slimes","floor":1,"turns":1},{"damage":0,"enemies":"Cultist","floor":4,"turns":1},{"damage":0,"enemies":"Jaw Worm","floor":5,"turns":1},{"damage":49,"enemies":"3 Sentries","floor":6,"turns":12},{"damage":8,"enemies":"Blue Slaver","floor":8,"turns":3},{"damage":6,"enemies":"Gremlin Nob","floor":11,"turns":3},{"damage":7,"enemies":"Gremlin Gang","floor":12,"turns":3},{"damage":0,"enemies":"3 Louse","floor":14,"turns":4},{"damage":13,"enemies":"The Guardian","floor":16,"turns":8},{"damage":8,"enemies":"Chosen","floor":18,"turns":4},{"damage":2,"enemies":"Spheric Guardian","floor":22,"turns":4},{"damage":42,"enemies":"Gremlin Leader","floor":25,"turns":9},{"damage":25,"enemies":"Shelled Parasite and Fungi","floor":27,"turns":4}],"seed_played":"6129264433467662650","potions_obtained":[{"floor":1,"key":"AttackPotion"},{"floor":6,"key":"PowerPotion"},{"floor":8,"key":"Swift Potion"},{"floor":12,"key":"Poison Potion"},{"floor":22,"key":"Dexterity Potion"}],"is_trial":false,"path_per_floor":["M","?","?","M","M","E","R","M","T","R","E","M","?","M","R","B",null,"M","?","?","$","M","R","$","E","T","M"],"character_chosen":"THE_SILENT","items_purchased":["Well Laid Plans","Backflip","Cloak And Dagger","Regen Potion"],"campfire_rested":3,"item_purchase_floors":[21,24,24,24],"current_hp_per_floor":[59,59,59,59,59,10,29,21,21,40,34,27,27,27,46,33,58,50,50,50,50,48,48,48,21,21,0],"gold":214,"neow_bonus":"THREE_ENEMY_KILL","is_prod":false,"is_daily":false,"chose_seed":false,"campfire_upgraded":1,"win_rate":0,"timestamp":1549168036,"path_taken":["M","?","?","M","?","E","R","M","T","R","E","M","?","M","R","BOSS","M","?","?","$","M","R","$","E","T","?"],"build_version":"2019-01-23","purchased_purges":2,"victory":false,"max_hp_per_floor":[66,66,66,66,66,66,66,66,66,66,66,66,66,66,66,66,66,66,66,66,66,66,66,66,66,66,66],"card_choices":[{"not_picked":["Catalyst","Concentrate"],"picked":"Dagger Throw","floor":1},{"not_picked":["PiercingWail","Blur"],"picked":"All Out Attack","floor":4},{"not_picked":["Prepared","Quick Slash"],"picked":"Bouncing Flask","floor":5},{"not_picked":["Heel Hook","Deflect"],"picked":"Predator","floor":6},{"not_picked":["Quick Slash","Finisher","Outmaneuver"],"picked":"SKIP","floor":8},{"not_picked":["Underhanded Strike","Concentrate"],"picked":"Burst","floor":11},{"not_picked":["Blade Dance","Flying Knee","Poisoned Stab"],"picked":"SKIP","floor":12},{"not_picked":["Outmaneuver","Sucker Punch","Dagger Spray"],"picked":"SKIP","floor":14},{"not_picked":["Glass Knife","Bullet Time"],"picked":"A Thousand Cuts","floor":16},{"not_picked":["Acrobatics","Flying Knee"],"picked":"PiercingWail","floor":18},{"not_picked":["Flying Knee+1","Blade Dance"],"picked":"Deadly Poison+1","floor":22},{"not_picked":["Flying Knee","Bane+1"],"picked":"Corpse Explosion","floor":25}],"player_experience":348735,"relics_obtained":[{"floor":6,"key":"Anchor"},{"floor":9,"key":"Vajra"},{"floor":11,"key":"Ginger"},{"floor":25,"key":"Smiling Mask"},{"floor":26,"key":"Darkstone Periapt"}],"event_choices":[{"damage_healed":0,"gold_gain":0,"player_choice":"Ignored","damage_taken":0,"max_hp_gain":0,"max_hp_loss":0,"event_name":"Liars Game","floor":2,"gold_loss":0},{"damage_healed":0,"gold_gain":0,"player_choice":"Gave Potion","damage_taken":0,"relics_obtained":["MawBank"],"max_hp_gain":0,"max_hp_loss":0,"event_name":"WeMeetAgain","floor":3,"gold_loss":0},{"cards_removed":["Strike_G"],"damage_healed":0,"gold_gain":0,"player_choice":"Forget","damage_taken":0,"max_hp_gain":0,"max_hp_loss":0,"event_name":"Living Wall","floor":13,"gold_loss":0},{"damage_healed":0,"gold_gain":0,"player_choice":"Ignored","damage_taken":0,"max_hp_gain":0,"max_hp_loss":0,"event_name":"Ghosts","floor":19,"gold_loss":0},{"damage_healed":0,"gold_gain":0,"player_choice":"Ignored","damage_taken":0,"max_hp_gain":0,"max_hp_loss":0,"event_name":"N\u0027loth","floor":20,"gold_loss":0}],"is_beta":false,"boss_relics":[{"not_picked":["Velvet Choker","Orrery"],"picked":"Snecko Eye"}],"items_purged_floors":[21,24],"is_endless":false,"potions_floor_spawned":[1,6,8,12,22],"killed_by":"Shelled Parasite and Fungi","ascension_level":19}