{"gold_per_floor":[363,438,1,21,40,40,75,75,75,75,103,103,123,23,23,94,94,104,19,29,29],"floor_reached":21,"playtime":1641,"items_purged":["Writhe","Strike_G"],"score":374,"play_id":"eb92946f-26a5-4252-b5e5-302f854e19d9","local_time":"20190209111250","is_ascension_mode":true,"campfire_choices":[{"data":"Neutralize","floor":6,"key":"SMITH"},{"data":"Noxious Fumes","floor":10,"key":"SMITH"},{"floor":12,"key":"REST"},{"floor":15,"key":"REST"}],"neow_cost":"CURSE","seed_source_timestamp":348268383810500,"circlet_count":0,"master_deck":["AscendersBane","Defend_G","Defend_G","Defend_G","Defend_G","Defend_G","Strike_G","Strike_G","Strike_G","Strike_G","Survivor","Neutralize+1","Poisoned Stab","Noxious Fumes+1","Well Laid Plans","Footwork","Dagger Spray","After Image+1","Corpse Explosion","Backflip"],"relics":["Ring of the Snake","Paper Crane","Sundial","Frozen Egg 2","Thread and Needle","Velvet Choker","Blood Vial"],"potions_floor_usage":[7,11,21,21],"damage_taken":[{"damage":0,"enemies":"Jaw Worm","floor":1,"turns":5},{"damage":0,"enemies":"2 Louse","floor":4,"turns":4},{"damage":4,"enemies":"Small Slimes","floor":5,"turns":5},{"damage":14,"enemies":"3 Sentries","floor":7,"turns":11},{"damage":28,"enemies":"Gremlin Nob","floor":11,"turns":5},{"damage":0,"enemies":"Looter","floor":13,"turns":5},{"damage":15,"enemies":"Hexaghost","floor":16,"turns":10},{"damage":1,"enemies":"Shell Parasite","floor":18,"turns":8},{"damage":0,"enemies":"3 Byrds","floor":20,"turns":3},{"damage":0,"enemies":"Colosseum Slavers","floor":21,"turns":2},{"damage":67,"enemies":"Colosseum Nobs","floor":21,"turns":4}],"seed_played":"492470157005917288","potions_obtained":[{"floor":1,"key":"GamblersBrew"},{"floor":7,"key":"Weak Potion"},{"floor":13,"key":"GhostInAJar"},{"floor":18,"key":"SteroidPotion"}],"is_trial":false,"path_per_floor":["M","?","$","M","M","R","E","?","T","R","E","R","M","$","R","B",null,"M","?","M","?"],"character_chosen":"THE_SILENT","items_purchased":["Paper Crane","Noxious Fumes"],"campfire_rested":2,"item_purchase_floors":[3,3],"current_hp_per_floor":[59,48,48,48,44,44,30,30,30,30,2,21,21,21,40,25,56,55,55,57,0],"gold":29,"neow_bonus":"TWO_FIFTY_GOLD","is_prod":false,"is_daily":false,"chose_seed":false,"campfire_upgraded":2,"win_rate":0,"timestamp":1549707170,"path_taken":["M","?","$","M","M","R","E","?","T","R","E","R","M","$","R","BOSS","M","?","M","?"],"build_version":"2019-01-23","purchased_purges":2,"victory":false,"max_hp_per_floor":[66,66,66,66,66,66,66,66,66,66,66,66,66,66,66,66,66,66,66,66,66],"card_choices":[{"not_picked":["PiercingWail","Deflect"],"picked":"Poisoned Stab","floor":1},{"not_picked":["Bane","Burst"],"picked":"Well Laid Plans","floor":4},{"not_picked":["Endless Agony","Slice"],"picked":"Footwork","floor":5},{"not_picked":["Deadly Poison","Tactician"],"picked":"Dagger Spray","floor":7},{"not_picked":["Finisher","Expertise"],"picked":"After Image+1","floor":11},{"not_picked":["Deflect","Flying Knee","Underhanded Strike"],"picked":"SKIP","floor":13},{"not_picked":["Storm of Steel","Envenom+1"],"picked":"Corpse Explosion","floor":16},{"not_picked":["Blade Dance","Masterful Stab"],"picked":"Backflip","floor":18},{"not_picked":["Deadly Poison","Masterful Stab","Outmaneuver"],"picked":"SKIP","floor":20}],"player_experience":499806,"relics_obtained":[{"floor":7,"key":"Sundial"},{"floor":9,"key":"Frozen Egg 2"},{"floor":11,"key":"Thread and Needle"}],"event_choices":[{"damage_healed":0,"gold_gain":75,"player_choice":"Gather Gold","damage_taken":11,"max_hp_gain":0,"max_hp_loss":0,"event_name":"World of Goop","floor":2,"gold_loss":0},{"damage_healed":0,"gold_gain":0,"player_choice":"Ignored","damage_taken":0,"max_hp_gain":0,"max_hp_loss":0,"event_name":"Shining Light","floor":8,"gold_loss":0},{"damage_healed":0,"gold_gain":0,"player_choice":"Obtained Relic","damage_taken":0,"relics_obtained":["Blood Vial"],"max_hp_gain":0,"max_hp_loss":0,"event_name":"Addict","floor":19,"gold_loss":85},{"damage_healed":0,"gold_gain":0,"player_choice":"Fight","damage_taken":0,"max_hp_gain":0,"max_hp_loss":0,"event_name":"Colosseum","floor":21,"gold_loss":0},{"damage_healed":0,"gold_gain":0,"player_choice":"Fought Nobs","damage_taken":0,"max_hp_gain":0,"max_hp_loss":0,"event_name":"Colosseum","floor":21,"gold_loss":0}],"is_beta":false,"boss_relics":[{"not_picked":["Coffee Dripper","WristBlade"],"picked":"Velvet Choker"}],"items_purged_floors":[3,14],"is_endless":false,"potions_floor_spawned":[1,7,13,18,21],"killed_by":"Colosseum Nobs","ascension_level":20}