{"gold_per_floor":[118,132,132,132,150,150,164,164,216,68,83,83,83,119,119,247,247,260,260,185,205,223,223,223,223,223,239,278,278,302,29,29,154,154,175,175,188,188,202,59,59,59,59,79,79,79,79,103,103,103],"floor_reached":51,"playtime":1236,"items_purged":["Strike_B"],"score":665,"play_id":"14ee39f4-f0c3-43c1-aefb-f7fab991bc1d","local_time":"20190201195517","is_ascension_mode":false,"campfire_choices":[{"data":"Dualcast","floor":6.0,"key":"SMITH"},{"data":"Defend_B","floor":8.0,"key":"SMITH"},{"data":"Strike_B","floor":12.0,"key":"SMITH"},{"floor":15.0,"key":"REST"},{"data":"Electrodynamics","floor":23.0,"key":"SMITH"},{"data":"Electrodynamics","floor":25,"key":"SMITH"},{"floor":29,"key":"REST"},{"data":"Thunder Strike","floor":32,"key":"SMITH"},{"data":"Capacitor","floor":41,"key":"SMITH"},{"floor":47,"key":"REST"},{"data":"Defend_B","floor":49,"key":"SMITH"}],"neow_cost":"NONE","seed_source_timestamp":3369818098836808,"circlet_count":0,"master_deck":["Strike_B+1","Strike_B+1","Defend_B+1","Defend_B","Defend_B","Defend_B+1","Zap+1","Dualcast+1","Electrodynamics+1","Conserve Battery+1","Electrodynamics+1","Conserve Battery+1","Thunder Strike+1","Cold Snap+1","Capacitor+1","Barrage+1","Seek"],"special_seed":0,"relics":["FrozenCore","Lantern","Bag of Preparation","Golden Idol","Regal Pillow","MutagenicStrength","DataDisk","Pen Nib","Sozu","War Paint","Smiling Mask"],"potions_floor_usage":[28,50,50,50],"damage_taken":[{"damage":6.0,"enemies":"2 Louse","floor":1.0,"turns":2.0},{"damage":5.0,"enemies":"Small Slimes","floor":2.0,"turns":4.0},{"damage":1.0,"enemies":"Cultist","floor":5.0,"turns":3.0},{"damage":12.0,"enemies":"Large Slime","floor":7.0,"turns":7.0},{"damage":0.0,"enemies":"Exordium Wildlife","floor":11.0,"turns":3.0},{"damage":13.0,"enemies":"Lagavulin","floor":14.0,"turns":7.0},{"damage":39.0,"enemies":"Slime Boss","floor":16.0,"turns":12.0},{"damage":0.0,"enemies":"Spheric Guardian","floor":18.0,"turns":1.0},{"damage":0.0,"enemies":"2 Thieves","floor":21.0,"turns":4.0},{"damage":24.0,"enemies":"Snecko","floor":22.0,"turns":6.0},{"damage":0,"enemies":"Chosen and Byrds","floor":27,"turns":3},{"damage":22,"enemies":"Book of Stabbing","floor":28,"turns":5},{"damage":7,"enemies":"Snake Plant","floor":30,"turns":4},{"damage":6,"enemies":"Collector","floor":33,"turns":6},{"damage":0,"enemies":"3 Shapes","floor":35,"turns":2},{"damage":8,"enemies":"3 Darklings","floor":37,"turns":3},{"damage":16,"enemies":"4 Shapes","floor":39,"turns":2},{"damage":16,"enemies":"Writhing Mass","floor":44,"turns":6},{"damage":0,"enemies":"Sphere and 2 Shapes","floor":48,"turns":4},{"damage":38,"enemies":"Donu and Deca","floor":50,"turns":8}],"seed_played":"3952528141768312450","potions_obtained":[{"floor":0.0,"key":"Fire Potion"},{"floor":0.0,"key":"Swift Potion"},{"floor":0.0,"key":"EntropicBrew"},{"floor":16.0,"key":"LiquidBronze"},{"floor":18.0,"key":"SkillPotion"},{"floor":21.0,"key":"Fire Potion"},{"floor":28,"key":"Explosive Potion"}],"is_trial":false,"path_per_floor":["M","M","?","?","M","R","M","R","T","$","M","R","?","E","R","B",null,"M","?","?","M","M","R","?","R","T","M","E","R","M","$","R","B",null,"M","?","M","$","M","$","R","$","T","M","?","?","R","M","R","B",null],"character_chosen":"DEFECT","items_purchased":["Bag of Preparation","Conserve Battery","Thunder Strike","War Paint"],"campfire_rested":3,"item_purchase_floors":[10,31,31,40],"current_hp_per_floor":[69,64,49,49,48,48,36,36,36,36,36,36,18,5,42,3,75,75,75,75,75,51,51,51,51,51,51,29,66,59,59,59,53,75,75,75,67,67,51,51,51,51,51,35,35,35,72,72,72,34],"gold":103,"neow_bonus":"THREE_SMALL_POTIONS","is_prod":false,"is_daily":false,"chose_seed":false,"campfire_upgraded":8,"win_rate":0,"timestamp":1549050917,"path_taken":["M","M","?","?","?","R","M","R","T","$","M","R","?","E","R","BOSS","M","?","?","M","M","R","?","R","T","M","E","R","M","$","R","BOSS","M","?","?","$","M","$","R","$","T","M","?","?","R","?","R","BOSS"],"build_version":"2019-01-23","purchased_purges":1,"victory":true,"max_hp_per_floor":[75,75,75,75,75,75,75,75,75,75,75,75,75,75,75,75,75,75,75,75,75,75,75,75,75,75,75,75,75,75,75,75,75,75,75,75,75,75,75,75,75,75,75,75,75,75,75,75,75,75],"card_choices":[{"not_picked":["Redo","Heatsinks","Leap"],"picked":"SKIP","floor":1.0},{"not_picked":["Beam Cell","Steam","Recycle"],"picked":"SKIP","floor":2.0},{"not_picked":["Loop","Leap","Go for the Eyes"],"picked":"SKIP","floor":5.0},{"not_picked":["Storm","Blizzard","Beam Cell"],"picked":"SKIP","floor":7.0},{"not_picked":["Barrage","Sunder","Aggregate"],"picked":"SKIP","floor":11.0},{"not_picked":["Rebound","White Noise","Gash"],"picked":"SKIP","floor":14.0},{"not_picked":["Amplify","Core Surge"],"picked":"Electrodynamics","floor":16.0},{"not_picked":["Rebound","Cold Snap","Consume+1"],"picked":"SKIP","floor":18.0},{"not_picked":["Static Discharge","Storm+1","Compile Driver"],"picked":"SKIP","floor":21.0},{"not_picked":["Rebound+1","Darkness+1"],"picked":"Electrodynamics","floor":22.0},{"not_picked":["Hello World","Chaos","Rebound"],"picked":"SKIP","floor":27},{"not_picked":["Consume","Sweeping Beam+1","Aggregate"],"picked":"SKIP","floor":28},{"not_picked":["Redo","Beam Cell","Gash"],"picked":"SKIP","floor":30},{"not_picked":["Go for the Eyes","Beam Cell"],"picked":"Cold Snap+1","floor":35},{"not_picked":["Sunder","Consume+1","Compile Driver"],"picked":"SKIP","floor":37},{"not_picked":["Melter+1","Redo+1"],"picked":"Capacitor","floor":39},{"not_picked":["Genetic Algorithm","Leap"],"picked":"Barrage+1","floor":44},{"not_picked":["Conserve Battery+1","Turbo"],"picked":"Seek","floor":48}],"player_experience":1010791,"relics_obtained":[{"floor":9.0,"key":"Lantern"},{"floor":14.0,"key":"Regal Pillow"},{"floor":26,"key":"DataDisk"},{"floor":28,"key":"Pen Nib"},{"floor":43,"key":"Smiling Mask"}],"event_choices":[{"damage_healed":0.0,"max_hp_gain":0.0,"max_hp_loss":0.0,"gold_gain":0.0,"event_name":"Shining Light","player_choice":"Entered Light","floor":3.0,"gold_loss":0.0,"damage_taken":15.0,"cards_upgraded":["Zap","Strike_B"]},{"damage_healed":0.0,"max_hp_gain":0.0,"max_hp_loss":0.0,"gold_gain":0.0,"event_name":"Lab","player_choice":"Got Potions","floor":4.0,"gold_loss":0.0,"damage_taken":0.0},{"damage_healed":0.0,"max_hp_gain":0.0,"max_hp_loss":0.0,"gold_gain":0.0,"event_name":"Golden Idol","player_choice":"Take Damage","floor":13.0,"gold_loss":0.0,"damage_taken":18.0,"relics_obtained":["Golden Idol"]},{"damage_healed":0.0,"max_hp_gain":0.0,"max_hp_loss":0.0,"gold_gain":0.0,"event_name":"The Library","player_choice":"Read","floor":19.0,"gold_loss":0.0,"damage_taken":0.0,"cards_obtained":["Conserve Battery"]},{"cards_removed":["Strike_B"],"damage_healed":0.0,"max_hp_gain":0.0,"max_hp_loss":0.0,"gold_gain":0.0,"event_name":"Beggar","player_choice":"Gave Gold","floor":20.0,"gold_loss":75.0,"damage_taken":0.0},{"damage_healed":0,"gold_gain":0,"player_choice":"Inject Mutagens","damage_taken":0,"relics_obtained":["MutagenicStrength"],"max_hp_gain":0,"max_hp_loss":0,"event_name":"Drug Dealer","floor":24,"gold_loss":0},{"damage_healed":0,"gold_gain":0,"player_choice":"Full Heal","damage_taken":0,"max_hp_gain":0,"max_hp_loss":0,"event_name":"Wheel of Change","floor":36,"gold_loss":0},{"damage_healed":0,"gold_gain":0,"player_choice":"Ignored","damage_taken":0,"max_hp_gain":0,"max_hp_loss":0,"event_name":"Mysterious Sphere","floor":45,"gold_loss":0},{"damage_healed":0,"gold_gain":0,"player_choice":"Ignored","damage_taken":0,"max_hp_gain":0,"max_hp_loss":0,"event_name":"SecretPortal","floor":46,"gold_loss":0}],"is_beta":false,"boss_relics":[{"not_picked":["Runic Pyramid","Ectoplasm"],"picked":"FrozenCore"},{"not_picked":["Nuclear Battery","Runic Dome"],"picked":"Sozu"}],"items_purged_floors":[31],"is_endless":false,"potions_floor_spawned":[11,14,16,18,21,28,35,48],"ascension_level":0}