{"gold_per_floor":[111,121,121,121,135,167,181,209,233,261,261,274,284,304,304,402,402,414,324,338,263,282,282,126,154,154,166,166,193,206,306,306,403,403,419,433,97,147,157,186,198,226,226,254,273,273,305,317,329,341],"floor_reached":51,"playtime":7847,"items_purged":["Strike_R"],"score":1388,"play_id":"26cdcea7-cbd9-4126-acef-44f327328d3b","local_time":"20190106205401","is_ascension_mode":true,"campfire_choices":[{"data":"Armaments","floor":11.0,"key":"SMITH"},{"data":"True Grit","floor":15.0,"key":"SMITH"},{"data":"Feed","floor":23,"key":"SMITH"},{"data":"Immolate","floor":28,"key":"SMITH"},{"data":"Feel No Pain","floor":32,"key":"SMITH"},{"data":"Chrysalis","floor":49,"key":"SMITH"}],"neow_cost":"NONE","seed_source_timestamp":0,"circlet_count":0,"master_deck":["Strike_R+1","Strike_R+1","Defend_R","Defend_R","Defend_R","Defend_R","Bash","Twin Strike","Shockwave+1","Armaments+1","Spot Weakness","True Grit+1","Heavy Blade","True Grit","Feed+1","Immolate+1","Flame Barrier","Feel No Pain+1","Corruption+1","Feel No Pain+1","Feed","Headbutt+1","Limit Break","Havoc","Entrench+1","Body Slam+1","Warcry","Havoc+1","Flame Barrier+1","Reaper+1","Havoc","Pommel Strike+1","Finesse","Chrysalis+1","Jack Of All Trades"],"special_seed":0,"relics":["Burning Blood","PreservedInsect","The Courier","Juzu Bracelet","Bronze Scales","Centennial Puzzle","Snecko Eye","ClockworkSouvenir","Strawberry","Bird Faced Urn","Vajra","Molten Egg 2","Dead Branch","Cursed Key","Paper Frog","Thread and Needle","Question Card","Boot","Dodecahedron","MawBank"],"potions_floor_usage":[],"damage_taken":[{"damage":18.0,"enemies":"Jaw Worm","floor":1.0,"turns":4.0},{"damage":0.0,"enemies":"2 Louse","floor":2.0,"turns":2.0},{"damage":6.0,"enemies":"Cultist","floor":5.0,"turns":3.0},{"damage":17.0,"enemies":"Lagavulin","floor":6.0,"turns":6.0},{"damage":0.0,"enemies":"Large Slime","floor":7.0,"turns":5.0},{"damage":8.0,"enemies":"Gremlin Nob","floor":8.0,"turns":3.0},{"damage":8.0,"enemies":"Lagavulin","floor":10.0,"turns":5.0},{"damage":5.0,"enemies":"Looter","floor":12.0,"turns":4.0},{"damage":14.0,"enemies":"3 Louse","floor":13.0,"turns":2.0},{"damage":10.0,"enemies":"Exordium Thugs","floor":14.0,"turns":5.0},{"damage":21.0,"enemies":"Hexaghost","floor":16.0,"turns":10.0},{"damage":8.0,"enemies":"Shell Parasite","floor":18.0,"turns":3.0},{"damage":15,"enemies":"2 Thieves","floor":20,"turns":3},{"damage":0,"enemies":"Snecko","floor":22,"turns":4},{"damage":0,"enemies":"Gremlin Leader","floor":25,"turns":3},{"damage":6,"enemies":"Shelled Parasite and Fungi","floor":27,"turns":4},{"damage":8,"enemies":"Book of Stabbing","floor":29,"turns":4},{"damage":6,"enemies":"Sentry and Sphere","floor":30,"turns":4},{"damage":1,"enemies":"Colosseum Slavers","floor":31,"turns":2},{"damage":11,"enemies":"Colosseum Nobs","floor":31,"turns":4},{"damage":6,"enemies":"Collector","floor":33,"turns":5},{"damage":0,"enemies":"3 Shapes","floor":35,"turns":3},{"damage":3,"enemies":"3 Darklings","floor":36,"turns":3},{"damage":11,"enemies":"2 Orb Walkers","floor":38,"turns":3},{"damage":6,"enemies":"Maw","floor":39,"turns":4},{"damage":0,"enemies":"Nemesis","floor":40,"turns":1},{"damage":17,"enemies":"Writhing Mass","floor":41,"turns":3},{"damage":3,"enemies":"Giant Head","floor":42,"turns":2},{"damage":14,"enemies":"Reptomancer","floor":44,"turns":5},{"damage":6,"enemies":"3 Darklings","floor":45,"turns":6},{"damage":6,"enemies":"Nemesis","floor":47,"turns":3},{"damage":20,"enemies":"Time Eater","floor":50,"turns":6}],"seed_played":"-7711340277841684268","potions_obtained":[{"floor":2.0,"key":"SpeedPotion"},{"floor":5.0,"key":"GamblersBrew"},{"floor":8.0,"key":"GamblersBrew"},{"floor":10.0,"key":"Weak Potion"},{"floor":16.0,"key":"Dexterity Potion"},{"floor":20,"key":"Weak Potion"},{"floor":25,"key":"Regen Potion"},{"floor":38,"key":"EssenceOfSteel"}],"is_trial":false,"path_per_floor":["M","M","$","?","M","E","M","E","T","E","R","M","M","M","R","B",null,"M","?","M","?","M","R","$","E","T","M","R","E","M","?","R","B",null,"M","M","$","?","M","E","M","E","T","E","M","?","E","?","R","B",null],"character_chosen":"IRONCLAD","items_purchased":["ClockworkSouvenir","Paper Frog","Body Slam+1","Warcry"],"campfire_rested":0,"item_purchase_floors":[24,37,37,37],"current_hp_per_floor":[60,66,66,50,50,39,45,43,43,41,41,42,34,30,30,15,64,62,62,53,53,62,62,62,75,75,83,83,89,93,95,95,98,98,102,102,102,102,102,106,102,112,112,112,112,112,112,102,102,102],"gold":353,"neow_bonus":"RANDOM_COMMON_RELIC","is_prod":false,"is_daily":false,"chose_seed":false,"campfire_upgraded":6,"win_rate":0,"timestamp":1546836841,"path_taken":["M","M","$","?","M","E","M","E","T","E","R","M","M","M","R","BOSS","M","?","M","?","M","R","$","E","T","M","R","E","M","?","R","BOSS","M","M","$","?","M","E","M","E","T","E","M","?","E","?","R","BOSS"],"build_version":"2019-01-03v4","purchased_purges":1,"victory":true,"max_hp_per_floor":[80,80,80,80,80,80,80,80,80,80,80,80,80,80,80,80,80,80,80,80,80,83,83,83,90,90,94,94,98,98,98,98,98,98,102,102,102,102,102,106,109,112,112,112,112,112,112,112,112,112],"card_choices":[{"not_picked":["Body Slam","Warcry"],"picked":"Twin Strike","floor":1.0},{"not_picked":["Armaments","Dark Embrace"],"picked":"Shockwave","floor":2.0},{"not_picked":["Searing Blow","Perfected Strike"],"picked":"Armaments","floor":5.0},{"not_picked":["Heavy Blade","Perfected Strike"],"picked":"Spot Weakness","floor":6.0},{"not_picked":["Clothesline","Thunderclap","Warcry"],"picked":"SKIP","floor":7.0},{"not_picked":["Wild Strike","Iron Wave"],"picked":"True Grit","floor":8.0},{"not_picked":["Havoc","Second Wind","Combust"],"picked":"SKIP","floor":10.0},{"not_picked":["Infernal Blade","Entrench"],"picked":"Heavy Blade","floor":12.0},{"not_picked":["Fire Breathing","Perfected Strike"],"picked":"True Grit","floor":13.0},{"not_picked":["Clothesline","Armaments"],"picked":"Feed","floor":14.0},{"not_picked":["Bludgeon","Brutality"],"picked":"Immolate","floor":16.0},{"not_picked":["Cleave","Rupture","Reckless Charge"],"picked":"SKIP","floor":18},{"not_picked":["Cleave","Rupture","Reckless Charge"],"picked":"SKIP","floor":18},{"not_picked":["Sentinel","Warcry"],"picked":"Flame Barrier","floor":20},{"not_picked":["Pummel","Perfected Strike"],"picked":"Feel No Pain","floor":22},{"not_picked":["Dropkick+1","Thunderclap"],"picked":"Corruption+1","floor":25},{"not_picked":["Clash","Body Slam"],"picked":"Feel No Pain+1","floor":27},{"not_picked":["Perfected Strike","Sever Soul","True Grit"],"picked":"SKIP","floor":29},{"not_picked":["Evolve+1","Dual Wield+1"],"picked":"Feed","floor":30},{"not_picked":["Dual Wield","Rage"],"picked":"Headbutt","floor":31},{"not_picked":["Bludgeon+1","Berserk"],"picked":"Limit Break","floor":33},{"not_picked":["Flex","Warcry+1"],"picked":"Havoc","floor":35},{"not_picked":["Corruption","Cleave+1"],"picked":"Entrench+1","floor":36},{"not_picked":["Thunderclap+1","Seeing Red+1","Perfected Strike+1"],"picked":"SKIP","floor":39},{"not_picked":["Battle Trance","Combust+1"],"picked":"Havoc+1","floor":40},{"not_picked":["Armaments","Iron Wave+1","Havoc"],"picked":"Flame Barrier+1","floor":41},{"not_picked":["Combust+1","Twin Strike+1","Clothesline+1"],"picked":"Reaper+1","floor":42},{"not_picked":["Entrench","Power Through","Body Slam+1"],"picked":"Havoc","floor":44},{"not_picked":["Anger+1","Inflame+1","Iron Wave+1"],"picked":"Pommel Strike+1","floor":45},{"not_picked":["Flex+1","Blood for Blood+1","Warcry","Clash+1"],"picked":"SKIP","floor":47},{"not_picked":["Chrysalis","Transmutation","Flash of Steel+1"],"picked":"Finesse","floor":48},{"not_picked":["Mayhem","Sadistic Nature","Apotheosis"],"picked":"Chrysalis","floor":48},{"not_picked":["Enlightenment","Dramatic Entrance+1","Sadistic Nature"],"picked":"Jack Of All Trades","floor":48}],"player_experience":354624,"relics_obtained":[{"floor":6.0,"key":"The Courier"},{"floor":8.0,"key":"Juzu Bracelet"},{"floor":9.0,"key":"Bronze Scales"},{"floor":10.0,"key":"Centennial Puzzle"},{"floor":25,"key":"Strawberry"},{"floor":26,"key":"Bird Faced Urn"},{"floor":29,"key":"Vajra"},{"floor":31,"key":"Molten Egg 2"},{"floor":31,"key":"Dead Branch"},{"floor":38,"key":"Thread and Needle"},{"floor":40,"key":"Question Card"},{"floor":42,"key":"Boot"},{"floor":44,"key":"Dodecahedron"},{"floor":47,"key":"MawBank"}],"event_choices":[{"damage_healed":0.0,"max_hp_gain":0.0,"max_hp_loss":0.0,"gold_gain":0.0,"event_name":"Shining Light","player_choice":"Entered Light","floor":4.0,"gold_loss":0.0,"damage_taken":16.0,"cards_upgraded":["Strike_R","Strike_R"]},{"cards_removed":["Strike_R"],"damage_healed":0,"gold_gain":0,"player_choice":"Upgrade and Remove","damage_taken":0,"max_hp_gain":0,"max_hp_loss":0,"event_name":"Designer","floor":19,"gold_loss":90,"cards_upgraded":["Shockwave"]},{"cards_removed":["Strike_R"],"damage_healed":0,"gold_gain":0,"player_choice":"Gave Gold","damage_taken":0,"max_hp_gain":0,"max_hp_loss":0,"event_name":"Beggar","floor":21,"gold_loss":75},{"damage_healed":0,"gold_gain":0,"player_choice":"Fight","damage_taken":0,"max_hp_gain":0,"max_hp_loss":0,"event_name":"Colosseum","floor":31,"gold_loss":0},{"damage_healed":0,"gold_gain":0,"player_choice":"Fought Nobs","damage_taken":0,"max_hp_gain":0,"max_hp_loss":0,"event_name":"Colosseum","floor":31,"gold_loss":0},{"damage_healed":0,"gold_gain":0,"player_choice":"Fight","damage_taken":0,"max_hp_gain":0,"max_hp_loss":0,"event_name":"Mysterious Sphere","floor":38,"gold_loss":0},{"damage_healed":0,"gold_gain":0,"player_choice":"Ignored","damage_taken":0,"max_hp_gain":0,"max_hp_loss":0,"event_name":"Tomb of Lord Red Mask","floor":46,"gold_loss":0},{"damage_healed":0,"gold_gain":0,"player_choice":"Memory 3","damage_taken":10,"max_hp_gain":0,"max_hp_loss":0,"event_name":"SensoryStone","floor":48,"gold_loss":0}],"is_beta":false,"boss_relics":[{"not_picked":["Busted Crown","Velvet Choker"],"picked":"Snecko Eye"},{"not_picked":["Runic Cube","Calling Bell"],"picked":"Cursed Key"}],"items_purged_floors":[37],"is_endless":false,"potions_floor_spawned":[2,5,8,10,12,16,20,25,29,31,38,40,42],"ascension_level":7}