{"gold_per_floor":[118,43,43,43,43,43,63,90,90,105,123,123],"floor_reached":12,"playtime":361,"items_purged":["Strike_G"],"score":90,"play_id":"9e63d4cd-940b-4b2d-97ee-1c42dfc0937c","local_time":"20181220033021","is_ascension_mode":true,"campfire_choices":[{"data":"Dagger Spray","floor":6,"key":"SMITH"}],"neow_cost":"NONE","seed_source_timestamp":485013369167978,"circlet_count":0,"master_deck":["Defend_G","Defend_G","Defend_G","Defend_G","Defend_G","Strike_G","Strike_G","Strike_G","Strike_G","Survivor","Neutralize","Dagger Spray+1","Poisoned Stab","Terror","Quick Slash","Dagger Spray"],"relics":["Ring of the Snake","Bird Faced Urn","Vajra","Mercury Hourglass"],"potions_floor_usage":[],"damage_taken":[{"damage":8,"enemies":"Jaw Worm","floor":1,"turns":6},{"damage":6,"enemies":"Small Slimes","floor":7,"turns":5},{"damage":52,"enemies":"Gremlin Nob","floor":8,"turns":5},{"damage":0,"enemies":"Cultist","floor":10,"turns":2},{"damage":9,"enemies":"Exordium Wildlife","floor":11,"turns":3},{"damage":8,"enemies":"Large Slime","floor":12,"turns":1}],"seed_played":"250053098344078978","potions_obtained":[{"floor":7,"key":"Energy Potion"},{"floor":8,"key":"EntropicBrew"},{"floor":11,"key":"LiquidBronze"}],"is_trial":false,"path_per_floor":["M","$","?","?","T","R","M","E","T","M","M","M"],"character_chosen":"THE_SILENT","items_purchased":[],"campfire_rested":0,"item_purchase_floors":[],"current_hp_per_floor":[69,69,74,74,74,74,68,16,16,16,7,0],"gold":123,"neow_bonus":"TEN_PERCENT_HP_BONUS","is_prod":false,"is_daily":false,"chose_seed":false,"campfire_upgraded":1,"win_rate":0,"timestamp":1545247821,"path_taken":["M","$","?","?","?","R","M","E","T","M","?","M"],"build_version":"2018-12-13","purchased_purges":1,"victory":false,"max_hp_per_floor":[77,77,82,82,82,82,82,82,82,82,82,82],"card_choices":[{"not_picked":["Bane","Calculated Gamble"],"picked":"Dagger Spray","floor":1},{"not_picked":["Catalyst","Deadly Poison"],"picked":"Poisoned Stab","floor":7},{"not_picked":["Finisher","Setup"],"picked":"Terror","floor":8},{"not_picked":["Acrobatics","Catalyst"],"picked":"Quick Slash","floor":10},{"not_picked":["All Out Attack","Masterful Stab"],"picked":"Dagger Spray","floor":11}],"player_experience":71162,"relics_obtained":[{"floor":5,"key":"Bird Faced Urn"},{"floor":8,"key":"Vajra"},{"floor":9,"key":"Mercury Hourglass"}],"event_choices":[{"damage_healed":0,"gold_gain":0,"player_choice":"Donut","damage_taken":0,"max_hp_gain":5,"max_hp_loss":0,"event_name":"Big Fish","floor":3,"gold_loss":0},{"damage_healed":0,"gold_gain":0,"player_choice":"Leave","damage_taken":0,"max_hp_gain":0,"max_hp_loss":0,"event_name":"The Cleric","floor":4,"gold_loss":0}],"is_beta":false,"boss_relics":[],"items_purged_floors":[2],"is_endless":false,"potions_floor_spawned":[7,8,11],"killed_by":"Large Slime","ascension_level":3}