{"gold_per_floor":[365,31,48,63,63,96,96,96,96,119,119,154,229,55,55,178,178,199,224,224,243,2,46,46,82,135,135,154,188,206,225,225,356,356,372,393,418,437,267,267,308,321,321,196,196,196,236,14,14,14],"floor_reached":51,"playtime":6287,"items_purged":["Strike_G","Strike_G","Strike_G","Defend_G"],"score":1231,"play_id":"985de95f-d64d-4e6d-a116-b8c6e09fc5a7","local_time":"20190127053555","is_ascension_mode":true,"campfire_choices":[{"data":"Neutralize","floor":7,"key":"SMITH"},{"data":"A Thousand Cuts","floor":15,"key":"SMITH"},{"data":"Cloak And Dagger","floor":24,"key":"SMITH"},{"floor":27,"key":"REST"},{"data":"Adrenaline","floor":32,"key":"SMITH"},{"data":"Well Laid Plans","floor":40,"key":"SMITH"},{"data":"Prepared","floor":45,"key":"SMITH"},{"data":"Footwork","floor":49,"key":"SMITH"}],"neow_cost":"PERCENT_DAMAGE","seed_source_timestamp":200552863439400,"circlet_count":0,"master_deck":["Defend_G","Defend_G","Defend_G","Defend_G","Strike_G+1","Survivor","Neutralize+1","Dodge and Roll","Slice+1","Cloak And Dagger+1","Backstab+1","Escape Plan","Die Die Die+1","A Thousand Cuts+1","Cloak And Dagger","Adrenaline+1","Deflect","Doppelganger","Well Laid Plans+1","Dodge and Roll+1","Footwork","Prepared+1","Prepared","Tools of the Trade","Cloak And Dagger","Endless Agony","Cloak And Dagger+1","Calculated Gamble+1","Footwork","Cloak And Dagger+1","Prepared+1","Envenom","Footwork+1"],"relics":["Ring of the Snake","Unceasing Top","Golden Idol","Ornamental Fan","Mummified Hand","Mango","Philosopher\u0027s Stone","Shuriken","StoneCalendar","Letter Opener","Centennial Puzzle","Sundial","Black Star","Lantern","Anchor","Oddly Smooth Stone","Whetstone","Mercury Hourglass"],"potions_floor_usage":[6,6,12,12,12,16,29,33,38,38,38],"damage_taken":[{"damage":1,"enemies":"Cultist","floor":1,"turns":4},{"damage":4,"enemies":"Small Slimes","floor":3,"turns":5},{"damage":0,"enemies":"2 Louse","floor":4,"turns":5},{"damage":16,"enemies":"Gremlin Nob","floor":6,"turns":5},{"damage":0,"enemies":"Gremlin Gang","floor":10,"turns":6},{"damage":0,"enemies":"Lagavulin","floor":12,"turns":5},{"damage":30,"enemies":"Slime Boss","floor":16,"turns":9},{"damage":3,"enemies":"2 Thieves","floor":18,"turns":4},{"damage":0,"enemies":"Shell Parasite","floor":19,"turns":4},{"damage":9,"enemies":"3 Cultists","floor":21,"turns":5},{"damage":19,"enemies":"Slavers","floor":23,"turns":5},{"damage":4,"enemies":"Book of Stabbing","floor":25,"turns":5},{"damage":0,"enemies":"Cultist and Chosen","floor":28,"turns":4},{"damage":6,"enemies":"Slavers","floor":29,"turns":3},{"damage":0,"enemies":"Snecko","floor":30,"turns":5},{"damage":2,"enemies":"Sentry and Sphere","floor":31,"turns":4},{"damage":0,"enemies":"Collector","floor":33,"turns":6},{"damage":0,"enemies":"3 Darklings","floor":35,"turns":4},{"damage":0,"enemies":"3 Shapes","floor":36,"turns":3},{"damage":0,"enemies":"Jaw Worm Horde","floor":37,"turns":2},{"damage":0,"enemies":"Transient","floor":38,"turns":5},{"damage":0,"enemies":"Giant Head","floor":41,"turns":7},{"damage":0,"enemies":"Spire Growth","floor":42,"turns":3},{"damage":0,"enemies":"Nemesis","floor":47,"turns":3},{"damage":4,"enemies":"Time Eater","floor":50,"turns":9}],"seed_played":"1240466641396092219","potions_obtained":[{"floor":3,"key":"Block Potion"},{"floor":4,"key":"Regen Potion"},{"floor":6,"key":"Swift Potion"},{"floor":8,"key":"EssenceOfSteel"},{"floor":8,"key":"PowerPotion"},{"floor":8,"key":"Poison Potion"},{"floor":18,"key":"Ancient Potion"},{"floor":25,"key":"SpeedPotion"},{"floor":28,"key":"Energy Potion"},{"floor":33,"key":"Block Potion"},{"floor":35,"key":"PowerPotion"},{"floor":38,"key":"GhostInAJar"}],"is_trial":false,"path_per_floor":["M","$","M","M","?","E","R","?","T","M","?","E","?","$","R","B",null,"M","M","?","M","$","E","R","E","T","R","M","E","M","M","R","B",null,"M","M","M","M","$","R","E","M","T","$","R","?","E","$","R","B",null],"character_chosen":"THE_SILENT","items_purchased":["Unceasing Top","Slice","Cloak And Dagger","Dexterity Potion","Shuriken","Footwork","Footwork"],"campfire_rested":1,"item_purchase_floors":[2,2,14,14,22,39,48],"current_hp_per_floor":[44,44,40,40,40,38,38,38,38,38,25,39,32,32,32,2,60,57,57,57,48,48,29,29,25,25,48,48,42,42,40,40,40,69,69,69,69,69,69,69,69,69,69,69,69,69,69,69,69,65],"gold":14,"neow_bonus":"TWO_FIFTY_GOLD","is_prod":false,"is_daily":false,"chose_seed":false,"campfire_upgraded":7,"win_rate":0,"timestamp":1548563755,"path_taken":["M","$","M","M","?","E","R","?","T","?","?","E","?","$","R","BOSS","M","?","?","M","$","E","R","E","T","R","?","E","?","M","R","BOSS","M","M","M","M","$","R","E","M","T","$","R","?","E","$","R","BOSS"],"build_version":"2019-01-23","purchased_purges":4,"victory":true,"max_hp_per_floor":[70,70,70,70,65,65,65,65,65,65,65,79,79,79,79,79,79,79,79,79,79,79,79,79,79,79,79,79,79,79,79,79,79,79,79,79,79,79,79,79,79,79,79,79,79,75,75,75,75,75],"card_choices":[{"not_picked":["Backflip","Calculated Gamble"],"picked":"Dodge and Roll","floor":1},{"not_picked":["Quick Slash","Sucker Punch"],"picked":"Cloak And Dagger","floor":3},{"not_picked":["Acrobatics","Slice"],"picked":"Backstab","floor":4},{"not_picked":["Calculated Gamble","Flying Knee"],"picked":"Escape Plan","floor":6},{"not_picked":["Backflip","Skewer"],"picked":"Die Die Die","floor":10},{"not_picked":["Accuracy","Prepared"],"picked":"A Thousand Cuts","floor":12},{"not_picked":["Doppelganger","A Thousand Cuts"],"picked":"Adrenaline","floor":16},{"not_picked":["Catalyst+1","Underhanded Strike"],"picked":"Deflect","floor":18},{"not_picked":["Bane","Riddle With Holes","Dodge and Roll"],"picked":"SKIP","floor":19},{"not_picked":["Riddle With Holes","Quick Slash"],"picked":"Well Laid Plans","floor":21},{"not_picked":["Choke+1","Dagger Throw+1","Sucker Punch"],"picked":"SKIP","floor":23},{"not_picked":["Sucker Punch","Flying Knee+1"],"picked":"Dodge and Roll+1","floor":25},{"not_picked":["Underhanded Strike","Envenom"],"picked":"Footwork","floor":28},{"not_picked":["Leg Sweep","Poisoned Stab","Flying Knee"],"picked":"SKIP","floor":29},{"not_picked":["Bane+1","Expertise"],"picked":"Prepared","floor":30},{"not_picked":["Acrobatics","Setup"],"picked":"Prepared","floor":31},{"not_picked":["Die Die Die","Doppelganger"],"picked":"Tools of the Trade","floor":33},{"not_picked":["Dagger Spray+1","Predator+1"],"picked":"Cloak And Dagger","floor":35},{"not_picked":["Slice","Dagger Spray+1"],"picked":"Endless Agony","floor":36},{"not_picked":["Underhanded Strike","Dagger Throw+1"],"picked":"Cloak And Dagger+1","floor":37},{"not_picked":["Leg Sweep","Quick Slash"],"picked":"Calculated Gamble+1","floor":38},{"not_picked":["Choke","Deadly Poison"],"picked":"Cloak And Dagger+1","floor":41},{"not_picked":["Bane+1","Predator"],"picked":"Prepared+1","floor":42},{"not_picked":["Outmaneuver","Dash+1"],"picked":"Envenom","floor":47}],"player_experience":114514,"relics_obtained":[{"floor":6,"key":"Ornamental Fan"},{"floor":9,"key":"Mummified Hand"},{"floor":12,"key":"Mango"},{"floor":23,"key":"StoneCalendar"},{"floor":25,"key":"Letter Opener"},{"floor":26,"key":"Centennial Puzzle"},{"floor":29,"key":"Sundial"},{"floor":41,"key":"Lantern"},{"floor":41,"key":"Anchor"},{"floor":43,"key":"Oddly Smooth Stone"},{"floor":47,"key":"Whetstone"},{"floor":47,"key":"Mercury Hourglass"}],"event_choices":[{"damage_healed":0,"gold_gain":0,"player_choice":"Lose Max HP","damage_taken":0,"relics_obtained":["Golden Idol"],"max_hp_gain":0,"max_hp_loss":5,"event_name":"Golden Idol","floor":5,"gold_loss":0},{"damage_healed":0,"gold_gain":0,"player_choice":"Got Potions","damage_taken":0,"max_hp_gain":0,"max_hp_loss":0,"event_name":"Lab","floor":8,"gold_loss":0},{"damage_healed":0,"gold_gain":0,"player_choice":"Entered Light","damage_taken":13,"max_hp_gain":0,"max_hp_loss":0,"event_name":"Shining Light","floor":11,"gold_loss":0,"cards_upgraded":["Die Die Die","Strike_G"]},{"damage_healed":0,"gold_gain":75,"player_choice":"Touch","damage_taken":7,"max_hp_gain":0,"max_hp_loss":0,"event_name":"FaceTrader","floor":13,"gold_loss":0},{"damage_healed":0,"gold_gain":0,"cards_transformed":["Strike_G"],"player_choice":"Transformed","damage_taken":0,"max_hp_gain":0,"max_hp_loss":0,"event_name":"Transmorgrifier","floor":20,"gold_loss":0,"cards_obtained":["Doppelganger"]},{"damage_healed":0,"gold_gain":0,"player_choice":"Max HP","damage_taken":0,"max_hp_gain":0,"max_hp_loss":4,"event_name":"Winding Halls","floor":46,"gold_loss":0}],"is_beta":false,"boss_relics":[{"not_picked":["Pandora\u0027s Box","Runic Dome"],"picked":"Philosopher\u0027s Stone"},{"not_picked":["Tiny House","Snecko Eye"],"picked":"Black Star"}],"items_purged_floors":[14,39,44,48],"is_endless":false,"potions_floor_spawned":[3,4,6,18,25,28,33,35,37,38],"ascension_level":7}