{"gold_per_floor":[217,285,304,322,335,335,368,368,424,457,457,476,476,489,489,584,584,594,316,331,331,349,349,360,360,360,360,360,375,375],"floor_reached":30,"playtime":1358,"items_purged":["Strike_R"],"score":266,"play_id":"fa5752eb-43a2-45f6-ba0b-db062026c7ea","local_time":"20181221103016","is_ascension_mode":true,"campfire_choices":[{"data":"Bash","floor":6,"key":"SMITH"},{"data":"True Grit","floor":8,"key":"SMITH"},{"data":"Demon Form","floor":11,"key":"SMITH"},{"data":"Armaments","floor":13,"key":"SMITH"},{"floor":15,"key":"REST"},{"floor":23,"key":"REST"},{"floor":25,"key":"REST"},{"data":"Shockwave","floor":28,"key":"SMITH"}],"neow_cost":"NONE","seed_source_timestamp":595612127500375,"circlet_count":0,"master_deck":["Strike_R","Strike_R","Strike_R","Strike_R","Defend_R","Defend_R","Defend_R","Defend_R","Bash+1","Twin Strike","Headbutt+1","True Grit+1","Whirlwind+1","Demon Form+1","Armaments+1","Flame Barrier","Shockwave+1","Heavy Blade+1"],"relics":["Burning Blood","Molten Egg 2","Juzu Bracelet","Tiny Chest","Gremlin Horn","Velvet Choker","Sling","Gambling Chip"],"potions_floor_usage":[16,16],"damage_taken":[{"damage":6,"enemies":"Cultist","floor":1,"turns":4},{"damage":9,"enemies":"2 Louse","floor":3,"turns":2},{"damage":3,"enemies":"Jaw Worm","floor":4,"turns":4},{"damage":31,"enemies":"Exordium Thugs","floor":5,"turns":5},{"damage":25,"enemies":"Gremlin Nob","floor":7,"turns":4},{"damage":9,"enemies":"3 Sentries","floor":10,"turns":3},{"damage":7,"enemies":"Lots of Slimes","floor":12,"turns":2},{"damage":15,"enemies":"3 Louse","floor":14,"turns":3},{"damage":30,"enemies":"The Guardian","floor":16,"turns":12},{"damage":23,"enemies":"Shell Parasite","floor":18,"turns":4},{"damage":33,"enemies":"Chosen","floor":20,"turns":5},{"damage":19,"enemies":"Snake Plant","floor":22,"turns":3},{"damage":35,"enemies":"Centurion and Healer","floor":24,"turns":6},{"damage":8,"enemies":"3 Cultists","floor":29,"turns":4},{"damage":38,"enemies":"Sentry and Sphere","floor":30,"turns":5}],"seed_played":"-3328935654937776947","potions_obtained":[{"floor":4,"key":"Poison Potion"},{"floor":5,"key":"Dexterity Potion"},{"floor":16,"key":"Swift Potion"},{"floor":20,"key":"SkillPotion"},{"floor":24,"key":"Poison Potion"},{"floor":29,"key":"PowerPotion"}],"is_trial":false,"path_per_floor":["M","T","M","M","M","R","E","R","T","E","R","M","R","M","R","B",null,"M","$","M","?","M","R","M","R","T","?","R","M","M"],"character_chosen":"IRONCLAD","items_purchased":["Sling"],"campfire_rested":3,"item_purchase_floors":[19],"current_hp_per_floor":[80,80,77,80,55,55,36,36,36,33,33,32,32,23,47,23,80,63,63,36,36,23,47,18,42,42,34,34,32,0],"gold":375,"neow_bonus":"HUNDRED_GOLD","is_prod":false,"is_daily":false,"chose_seed":false,"campfire_upgraded":5,"win_rate":0,"timestamp":1545359416,"path_taken":["M","?","M","M","M","R","E","R","T","E","R","M","R","M","R","BOSS","M","$","M","?","M","R","M","R","T","?","R","M","M"],"build_version":"2018-12-20","purchased_purges":1,"victory":false,"max_hp_per_floor":[80,80,80,80,80,80,80,80,80,80,80,80,80,80,80,80,80,80,80,80,80,80,80,80,80,80,80,80,80,80],"card_choices":[{"not_picked":["Wild Strike","Entrench"],"picked":"Twin Strike","floor":1},{"not_picked":["Dual Wield","Corruption","Second Wind"],"picked":"SKIP","floor":3},{"not_picked":["Body Slam+1","Seeing Red"],"picked":"Headbutt+1","floor":4},{"not_picked":["Cleave+1","Anger+1"],"picked":"True Grit","floor":5},{"not_picked":["Burning Pact","Pummel+1"],"picked":"Whirlwind+1","floor":7},{"not_picked":["Perfected Strike+1","Ghostly Armor"],"picked":"Demon Form","floor":10},{"not_picked":["Battle Trance","Feel No Pain"],"picked":"Armaments","floor":12},{"not_picked":["Dropkick+1","Twin Strike+1"],"picked":"Flame Barrier","floor":14},{"not_picked":["Power Through","Cleave+1","Sword Boomerang+1"],"picked":"SKIP","floor":18},{"not_picked":["Rupture","Clash+1","True Grit+1"],"picked":"SKIP","floor":20},{"not_picked":["Perfected Strike+1","Pommel Strike+1"],"picked":"Shockwave","floor":22},{"not_picked":["Sword Boomerang+1","Cleave+1"],"picked":"Heavy Blade+1","floor":24},{"not_picked":["Pommel Strike+1","Searing Blow+1","Sever Soul+1"],"picked":"SKIP","floor":29}],"player_experience":79402,"relics_obtained":[{"floor":2,"key":"Molten Egg 2"},{"floor":7,"key":"Juzu Bracelet"},{"floor":9,"key":"Tiny Chest"},{"floor":10,"key":"Gremlin Horn"},{"floor":26,"key":"Gambling Chip"}],"event_choices":[{"damage_healed":0,"gold_gain":0,"player_choice":"0 cards matched","damage_taken":0,"max_hp_gain":0,"max_hp_loss":0,"event_name":"Match and Keep!","floor":21,"gold_loss":0,"cards_obtained":[]},{"damage_healed":0,"gold_gain":0,"player_choice":"Damaged","damage_taken":8,"max_hp_gain":0,"max_hp_loss":0,"event_name":"Wheel of Change","floor":27,"gold_loss":0}],"is_beta":false,"boss_relics":[{"not_picked":["White Beast Statue","Cursed Key"],"picked":"Velvet Choker"}],"items_purged_floors":[19],"is_endless":false,"potions_floor_spawned":[4,5,16,20,24,29],"killed_by":"Sentry and Sphere","ascension_level":2}