{"gold_per_floor":[213,213,231,242,26,26,36,55,55,55,88,88,114,17,17,113,113,130,115,3,17,27,27,39,54,54,54,54,54,72,89,89,192,192,204,68,82,82,42,42,74,74,145,145,179,190,64,92,92,92],"floor_reached":51,"playtime":6580,"items_purged":["Strike_G","Strike_G","Doubt"],"score":797,"play_id":"c90b7735-c5f3-4321-9db4-5b9f45d7d9ff","local_time":"20190124155055","is_ascension_mode":false,"campfire_choices":[{"data":"After Image","floor":6,"key":"SMITH"},{"data":"Neutralize","floor":10,"key":"SMITH"},{"data":"Sucker Punch","floor":12,"key":"SMITH"},{"data":"Noxious Fumes","floor":15,"key":"SMITH"},{"floor":23,"key":"REST"},{"floor":29,"key":"REST"},{"floor":32,"key":"REST"},{"data":"Footwork","floor":40,"key":"SMITH"},{"data":"Well Laid Plans","floor":42,"key":"SMITH"},{"data":"Catalyst","floor":44,"key":"SMITH"},{"data":"Burst","floor":49,"key":"SMITH"}],"neow_cost":"NONE","seed_source_timestamp":140699811156300,"circlet_count":0,"master_deck":["Defend_G","Defend_G","Defend_G","Defend_G","Defend_G","Strike_G","Strike_G","Strike_G","Survivor","Neutralize+1","Dagger Throw","Dagger Spray","Sucker Punch+1","After Image+1","Blade Dance","Adrenaline","Noxious Fumes+1","PiercingWail","Envenom+1","Dash+1","Well Laid Plans+1","Catalyst+1","Dodge and Roll","Dash+1","Dagger Spray+1","Dodge and Roll+1","Backflip","Burst+1","Heel Hook+1","Footwork+1","Backflip","Masterful Stab+1","Bandage Up","Purity","Blind","Adrenaline","Footwork+1","Noxious Fumes+1","Sucker Punch+1"],"special_seed":0,"relics":["Ring of the Snake","PreservedInsect","Smiling Mask","Letter Opener","Black Star","Vajra","Cursed Key","Mercury Hourglass","Frozen Egg 2","Bottled Tornado","Lantern","Anchor","Kunai","Oddly Smooth Stone"],"potions_floor_usage":[4,13,16,16,16,25,25,33,41,41,50,50],"damage_taken":[{"damage":0,"enemies":"2 Louse","floor":1,"turns":3},{"damage":0,"enemies":"Cultist","floor":3,"turns":4},{"damage":1,"enemies":"Jaw Worm","floor":4,"turns":3},{"damage":6,"enemies":"Exordium Wildlife","floor":7,"turns":7},{"damage":0,"enemies":"Exordium Thugs","floor":8,"turns":5},{"damage":2,"enemies":"Gremlin Nob","floor":11,"turns":4},{"damage":1,"enemies":"3 Sentries","floor":13,"turns":6},{"damage":10,"enemies":"Slime Boss","floor":16,"turns":11},{"damage":3,"enemies":"Shell Parasite","floor":18,"turns":5},{"damage":22,"enemies":"2 Thieves","floor":19,"turns":5},{"damage":16,"enemies":"Shelled Parasite and Fungi","floor":21,"turns":6},{"damage":6,"enemies":"Snake Plant","floor":22,"turns":5},{"damage":7,"enemies":"Sentry and Sphere","floor":24,"turns":9},{"damage":21,"enemies":"3 Cultists","floor":25,"turns":5},{"damage":2,"enemies":"Snecko","floor":30,"turns":6},{"damage":6,"enemies":"Chosen and Byrds","floor":31,"turns":6},{"damage":36,"enemies":"Automaton","floor":33,"turns":11},{"damage":4,"enemies":"Orb Walker","floor":35,"turns":4},{"damage":4,"enemies":"3 Darklings","floor":37,"turns":4},{"damage":10,"enemies":"Nemesis","floor":41,"turns":7},{"damage":0,"enemies":"Giant Head","floor":45,"turns":7},{"damage":0,"enemies":"Jaw Worm Horde","floor":46,"turns":3},{"damage":0,"enemies":"Reptomancer","floor":48,"turns":5},{"damage":22,"enemies":"Awakened One","floor":50,"turns":14}],"seed_played":"-978017443282835208","potions_obtained":[{"floor":1,"key":"Weak Potion"},{"floor":2,"key":"FearPotion"},{"floor":2,"key":"EssenceOfSteel"},{"floor":7,"key":"GamblersBrew"},{"floor":11,"key":"Explosive Potion"},{"floor":13,"key":"Swift Potion"},{"floor":18,"key":"Swift Potion"},{"floor":22,"key":"LiquidBronze"},{"floor":30,"key":"GamblersBrew"},{"floor":31,"key":"EssenceOfSteel"},{"floor":39,"key":"Swift Potion"},{"floor":39,"key":"PowerPotion"},{"floor":41,"key":"Fire Potion"},{"floor":45,"key":"Dexterity Potion"}],"is_trial":false,"path_per_floor":["M","?","M","M","$","R","M","M","T","R","E","R","E","$","R","B",null,"M","M","$","M","M","R","M","M","T","?","?","R","M","M","R","B",null,"M","$","M","?","?","R","E","R","T","R","E","M","$","E","R","B",null],"character_chosen":"THE_SILENT","items_purchased":["After Image","Noxious Fumes","PiercingWail","Well Laid Plans","Catalyst","Footwork","Backflip","Noxious Fumes+1"],"campfire_rested":3,"item_purchase_floors":[5,14,14,20,20,36,36,47],"current_hp_per_floor":[70,70,70,69,69,69,63,63,63,63,61,61,60,60,60,50,70,67,45,45,29,23,44,37,16,16,16,16,37,35,29,50,14,70,66,66,62,52,52,52,46,46,46,46,50,54,54,58,58,40],"gold":92,"neow_bonus":"HUNDRED_GOLD","is_prod":false,"is_daily":false,"chose_seed":false,"campfire_upgraded":8,"win_rate":1,"timestamp":1548341455,"path_taken":["M","?","M","M","$","R","M","?","T","R","E","R","E","$","R","BOSS","M","M","$","M","M","R","M","M","T","?","?","R","M","M","R","BOSS","M","$","M","?","?","R","E","R","T","R","E","M","$","E","R","BOSS"],"build_version":"2019-01-23","purchased_purges":3,"victory":true,"max_hp_per_floor":[70,70,70,70,70,70,70,70,70,70,70,70,70,70,70,70,70,70,70,70,70,70,70,70,70,70,70,70,70,70,70,70,70,70,70,70,70,70,70,70,70,70,70,70,70,70,70,70,70,70],"card_choices":[{"not_picked":["Predator","Slice"],"picked":"Dagger Throw","floor":1},{"not_picked":["Bane","Endless Agony"],"picked":"Dagger Spray","floor":3},{"not_picked":["Quick Slash","Deflect"],"picked":"Sucker Punch","floor":4},{"not_picked":["Slice","Prepared"],"picked":"Blade Dance","floor":7},{"not_picked":["Underhanded Strike","Masterful Stab","Deadly Poison"],"picked":"SKIP","floor":8},{"not_picked":["Eviscerate","Flechettes","Bane"],"picked":"SKIP","floor":11},{"not_picked":["Reflex","Prepared"],"picked":"Adrenaline","floor":13},{"not_picked":["Unload","Venomology"],"picked":"Envenom","floor":16},{"not_picked":["Flying Knee+1","Dodge and Roll+1"],"picked":"Dash+1","floor":18},{"not_picked":["Finisher","Deflect","Endless Agony"],"picked":"SKIP","floor":19},{"not_picked":["Dagger Spray","Quick Slash","Flechettes"],"picked":"SKIP","floor":21},{"not_picked":["Dagger Spray","Acrobatics+1"],"picked":"Dodge and Roll","floor":22},{"not_picked":["Underhanded Strike","Tactician"],"picked":"Dash+1","floor":24},{"not_picked":["Deflect","Deadly Poison"],"picked":"Dagger Spray+1","floor":25},{"not_picked":["Escape Plan+1","Dagger Throw"],"picked":"Dodge and Roll+1","floor":30},{"not_picked":["Blade Dance","PiercingWail"],"picked":"Backflip","floor":31},{"not_picked":["Bullet Time","Night Terror"],"picked":"Burst","floor":33},{"not_picked":["Dagger Throw","Masterful Stab"],"picked":"Heel Hook+1","floor":35},{"not_picked":["Finisher","Blur+1"],"picked":"Masterful Stab+1","floor":37},{"not_picked":["Madness","Dark Shackles"],"picked":"Bandage Up","floor":38},{"not_picked":["Swift Strike","Panacea"],"picked":"Purity","floor":38},{"not_picked":["Impatience","Purity"],"picked":"Blind","floor":38},{"not_picked":["Dodge and Roll","Quick Slash+1"],"picked":"Adrenaline","floor":41},{"not_picked":["Predator+1","Reflex","Bouncing Flask+1"],"picked":"SKIP","floor":45},{"not_picked":["Calculated Gamble+1","Bane"],"picked":"Footwork+1","floor":46},{"not_picked":["Backstab","Deflect+1"],"picked":"Sucker Punch+1","floor":48}],"player_experience":52462,"relics_obtained":[{"floor":9,"key":"PreservedInsect"},{"floor":11,"key":"Smiling Mask"},{"floor":13,"key":"Letter Opener"},{"floor":26,"key":"Vajra"},{"floor":41,"key":"Mercury Hourglass"},{"floor":41,"key":"Frozen Egg 2"},{"floor":43,"key":"Bottled Tornado"},{"floor":45,"key":"Lantern"},{"floor":45,"key":"Anchor"},{"floor":48,"key":"Kunai"},{"floor":48,"key":"Oddly Smooth Stone"}],"event_choices":[{"damage_healed":0,"gold_gain":0,"player_choice":"Got Potions","damage_taken":0,"max_hp_gain":0,"max_hp_loss":0,"event_name":"Lab","floor":2,"gold_loss":0},{"damage_healed":0,"gold_gain":0,"player_choice":"Ignored","damage_taken":0,"max_hp_gain":0,"max_hp_loss":0,"event_name":"Beggar","floor":27,"gold_loss":0},{"damage_healed":0,"gold_gain":0,"player_choice":"Forge","damage_taken":0,"max_hp_gain":0,"max_hp_loss":0,"event_name":"Accursed Blacksmith","floor":28,"gold_loss":0,"cards_upgraded":["Envenom"]},{"damage_healed":0,"gold_gain":0,"player_choice":"Memory 3","damage_taken":10,"max_hp_gain":0,"max_hp_loss":0,"event_name":"SensoryStone","floor":38,"gold_loss":0},{"damage_healed":0,"gold_gain":0,"player_choice":"Bought 3 Potions","damage_taken":0,"max_hp_gain":0,"max_hp_loss":0,"event_name":"The Woman in Blue","floor":39,"gold_loss":0}],"is_beta":false,"boss_relics":[{"not_picked":["Tiny House","Empty Cage"],"picked":"Black Star"},{"not_picked":["Busted Crown","Eternal Feather"],"picked":"Cursed Key"}],"items_purged_floors":[5,36,47],"is_endless":false,"potions_floor_spawned":[1,7,11,13,18,22,30,31,41,45,46],"ascension_level":0}