{"gold_per_floor":[110,110,110,38,53,86,86,99,99,99,119,154,154,172,172,297,297,311,80,80,9,29,29,53,78,78,78,102,122,122,145,145,145],"floor_reached":33,"playtime":1487,"items_purged":["Strike_R"],"score":259,"play_id":"2eff4b4f-5f94-4f6b-a2d3-526d7161e383","local_time":"20181008223853","is_ascension_mode":false,"campfire_choices":[{"floor":7.0,"key":"REST"},{"data":"Inflame","floor":10.0,"key":"SMITH"},{"floor":13.0,"key":"REST"},{"floor":15.0,"key":"REST"},{"data":"Demon Form","floor":23.0,"key":"SMITH"},{"floor":27.0,"key":"REST"},{"floor":30.0,"key":"REST"},{"floor":32,"key":"REST"}],"neow_cost":"NONE","seed_source_timestamp":0,"circlet_count":0,"master_deck":["Strike_R","Strike_R","Strike_R","Strike_R","Defend_R","Defend_R","Defend_R","Defend_R","Bash","Uppercut","Inflame+1","Heavy Blade","Shrug It Off","Inflame","Iron Wave","Heavy Blade","Demon Form+1","Whirlwind","Heavy Blade","Armaments","True Grit+1","Searing Blow+1"],"special_seed":0,"relics":["Runic Cube","Golden Idol","Dodecahedron","Strawberry","Red Skull","Sozu","PreservedInsect","NlothsMask"],"potions_floor_usage":[33],"damage_taken":[{"damage":1.0,"enemies":"2 Louse","floor":1.0,"turns":3.0},{"damage":0.0,"enemies":"Small Slimes","floor":5.0,"turns":3.0},{"damage":25.0,"enemies":"Gremlin Nob","floor":6.0,"turns":5.0},{"damage":6.0,"enemies":"Jaw Worm","floor":8.0,"turns":3.0},{"damage":11.0,"enemies":"Exordium Wildlife","floor":11.0,"turns":4.0},{"damage":31.0,"enemies":"3 Sentries","floor":12.0,"turns":7.0},{"damage":9.0,"enemies":"Blue Slaver","floor":14.0,"turns":4.0},{"damage":32.0,"enemies":"The Guardian","floor":16.0,"turns":11.0},{"damage":20.0,"enemies":"3 Byrds","floor":18.0,"turns":5.0},{"damage":29.0,"enemies":"Shell Parasite","floor":22.0,"turns":6.0},{"damage":22.0,"enemies":"Snake Plant","floor":24.0,"turns":4.0},{"damage":8.0,"enemies":"Chosen and Byrds","floor":25.0,"turns":4.0},{"damage":29.0,"enemies":"Centurion and Healer","floor":28.0,"turns":6.0},{"damage":10.0,"enemies":"Snake Plant","floor":29.0,"turns":4.0},{"damage":8.0,"enemies":"Chosen and Byrds","floor":31.0,"turns":6.0},{"damage":79,"enemies":"Automaton","floor":33,"turns":6}],"seed_played":"4062889547995245088","potions_obtained":[{"floor":5.0,"key":"SpeedPotion"},{"floor":12.0,"key":"Regen Potion"},{"floor":14.0,"key":"PowerPotion"},{"floor":16.0,"key":"SteroidPotion"}],"is_trial":false,"path_per_floor":["M","?","?","$","M","E","R","M","T","R","M","E","R","M","R","B",null,"M","$","?","$","M","R","M","M","T","R","M","M","R","M","R"],"character_chosen":"IRONCLAD","items_purchased":["Inflame","PreservedInsect","Whirlwind"],"campfire_rested":6,"item_purchase_floors":[4,19,21],"current_hp_per_floor":[79,84,63,63,63,38,63,57,64,64,53,22,49,40,67,50,92,72,72,72,72,43,43,21,13,13,40,11,1,28,20,47,0],"gold":145,"neow_bonus":"BOSS_RELIC","is_prod":false,"is_daily":false,"chose_seed":false,"campfire_upgraded":2,"win_rate":1,"timestamp":1539009533,"path_taken":["M","?","?","$","M","E","R","M","T","R","?","E","R","M","R","BOSS","M","$","?","$","M","R","M","M","T","R","?","M","R","M","R","BOSS"],"build_version":"2018-10-04v2","purchased_purges":1,"victory":false,"max_hp_per_floor":[80,85,85,85,85,85,85,85,92,92,92,92,92,92,92,92,92,92,92,92,92,92,92,92,92,92,92,92,92,92,92,92,92],"card_choices":[{"not_picked":["True Grit","Dual Wield"],"picked":"Uppercut","floor":1.0},{"not_picked":["Intimidate","Rampage"],"picked":"Heavy Blade","floor":5.0},{"not_picked":["Hemokinesis","Clothesline"],"picked":"Shrug It Off","floor":6.0},{"not_picked":["Clash","Iron Wave"],"picked":"Inflame","floor":8.0},{"not_picked":["Dropkick","Anger"],"picked":"Iron Wave","floor":11.0},{"not_picked":["Infernal Blade","Searing Blow","Second Wind"],"picked":"SKIP","floor":12.0},{"not_picked":["Bloodletting","True Grit"],"picked":"Heavy Blade","floor":14.0},{"not_picked":["Feed","Reaper"],"picked":"Demon Form","floor":16.0},{"not_picked":["Cleave","Perfected Strike","Ghostly Armor"],"picked":"SKIP","floor":18.0},{"not_picked":["Wild Strike","Burning Pact"],"picked":"Heavy Blade","floor":22.0},{"not_picked":["Combust","Sever Soul"],"picked":"Armaments","floor":24.0},{"not_picked":["Power Through","Rupture"],"picked":"True Grit+1","floor":25.0},{"not_picked":["Anger+1","Clothesline","Barricade"],"picked":"SKIP","floor":28.0},{"not_picked":["Wild Strike","Body Slam+1","Hemokinesis"],"picked":"SKIP","floor":29.0},{"not_picked":["Sword Boomerang+1","Metallicize"],"picked":"Searing Blow+1","floor":31.0}],"player_experience":21887,"relics_obtained":[{"floor":6.0,"key":"Dodecahedron"},{"floor":9.0,"key":"Strawberry"},{"floor":12.0,"key":"Red Skull"}],"event_choices":[{"event_name":"Big Fish","player_choice":"Donut","floor":2.0,"damage_taken":0.0},{"event_name":"Golden Idol","player_choice":"Take Damage","floor":3.0,"damage_taken":0.0},{"event_name":"FaceTrader","player_choice":"Trade","floor":20.0,"damage_taken":0.0}],"is_beta":false,"boss_relics":[{"not_picked":["White Beast Statue","Cursed Key"],"picked":"Sozu"}],"items_purged_floors":[19],"is_endless":false,"potions_floor_spawned":[5,12,14,16,22,25,28,29],"killed_by":"Automaton","ascension_level":0}