{"gold_per_floor":[362,379,28,45,63,63,88,88,156,184,184,219,238,250,250,326,326,344,344,344,362,362,362,388,11,11,11,23,23,56,66,66,66],"floor_reached":33,"playtime":3177,"items_purged":[],"score":578,"play_id":"fd3f892d-c939-4b2f-b9fb-c4b511d64186","local_time":"20190202000414","is_ascension_mode":true,"campfire_choices":[{"data":"Zap","floor":6.0,"key":"SMITH"},{"data":"Coolheaded","floor":8.0,"key":"SMITH"},{"data":"Cold Snap","floor":11.0,"key":"SMITH"},{"data":"Doom and Gloom","floor":15,"key":"SMITH"},{"data":"Double Energy","floor":23,"key":"SMITH"},{"floor":27,"key":"REST"},{"data":"Double Energy","floor":29,"key":"SMITH"},{"data":"Double Energy","floor":32,"key":"SMITH"}],"neow_cost":"TEN_PERCENT_HP_LOSS","seed_source_timestamp":0,"circlet_count":0,"master_deck":["AscendersBane","Zap+1","Dualcast","Cold Snap+1","Steam","Cold Snap","Coolheaded+1","Static Discharge","Doom and Gloom+1","Core Surge","Double Energy+1","Gash","Fusion","Fusion","Double Energy+1","Reboot","Darkness","Ghostly","Ghostly","Ghostly","RitualDagger","Hologram","Sweeping Beam","BootSequence","BootSequence","Leap","Double Energy+1","Compile Driver+1","Reinforced Body","Chill"],"special_seed":0,"relics":["Cracked Core","Dead Branch","Thread and Needle","Pear","Centennial Puzzle","Symbiotic Virus","Pandora\u0027s Box","Lantern","Meat on the Bone","Dream Catcher","Sundial"],"potions_floor_usage":[24,33],"damage_taken":[{"damage":0.0,"enemies":"Cultist","floor":1.0,"turns":4.0},{"damage":5.0,"enemies":"2 Louse","floor":2.0,"turns":2.0},{"damage":2.0,"enemies":"Small Slimes","floor":4.0,"turns":3.0},{"damage":0.0,"enemies":"2 Fungi Beasts","floor":5.0,"turns":3.0},{"damage":4.0,"enemies":"Lagavulin","floor":7.0,"turns":7.0},{"damage":1.0,"enemies":"3 Sentries","floor":10.0,"turns":8.0},{"damage":14.0,"enemies":"Lagavulin","floor":12.0,"turns":8.0},{"damage":6.0,"enemies":"Lots of Slimes","floor":13.0,"turns":3.0},{"damage":0.0,"enemies":"Blue Slaver","floor":14.0,"turns":2.0},{"damage":17,"enemies":"Slime Boss","floor":16,"turns":7},{"damage":7,"enemies":"Spheric Guardian","floor":18,"turns":3},{"damage":16,"enemies":"2 Thieves","floor":21,"turns":3},{"damage":9,"enemies":"Slavers","floor":24,"turns":5},{"damage":0,"enemies":"Chosen and Byrds","floor":28,"turns":5},{"damage":0,"enemies":"Gremlin Leader","floor":30,"turns":5},{"damage":0,"enemies":"Snake Plant","floor":31,"turns":3},{"damage":33,"enemies":"Champ","floor":33,"turns":13}],"seed_played":"-1466330306957032034","potions_obtained":[{"floor":1.0,"key":"FearPotion"},{"floor":12.0,"key":"AttackPotion"},{"floor":13.0,"key":"Ancient Potion"},{"floor":21,"key":"Block Potion"},{"floor":24,"key":"PowerPotion"}],"is_trial":false,"path_per_floor":["M","M","$","M","M","R","E","R","T","E","R","E","M","M","R","B",null,"M","?","?","M","?","R","E","$","T","R","M","R","E","M","R","B"],"character_chosen":"DEFECT","items_purchased":["Dead Branch","Fire Potion","BootSequence","Meat on the Bone","Leap"],"campfire_rested":1,"item_purchase_floors":[3,3,25,25,25],"current_hp_per_floor":[64,59,59,57,57,57,53,53,63,62,62,48,42,42,42,25,62,55,37,31,15,15,15,6,6,6,17,29,29,29,29,29,0],"gold":66,"neow_bonus":"TWO_FIFTY_GOLD","is_prod":false,"is_daily":false,"chose_seed":false,"campfire_upgraded":7,"win_rate":0,"timestamp":1549094654,"path_taken":["M","M","$","?","M","R","E","R","T","E","R","E","M","M","R","BOSS","M","?","?","M","?","R","E","$","T","R","M","R","E","M","R","BOSS"],"build_version":"2019-01-23","purchased_purges":0,"victory":false,"max_hp_per_floor":[64,64,64,64,64,64,64,64,74,74,74,74,74,74,74,74,74,74,37,37,37,37,37,37,37,37,37,37,37,37,37,37,37],"card_choices":[{"not_picked":["Rip and Tear","Melter"],"picked":"Cold Snap","floor":1.0},{"not_picked":["Hologram","Streamline"],"picked":"Steam","floor":2.0},{"not_picked":["Steam","Rebound"],"picked":"Cold Snap","floor":4.0},{"not_picked":["Steam","Cold Snap"],"picked":"Coolheaded","floor":5.0},{"not_picked":["Skim","Beam Cell","Gash"],"picked":"SKIP","floor":7.0},{"not_picked":["Rebound","Stack","Gash"],"picked":"SKIP","floor":10.0},{"not_picked":["Rebound","Stack","Gash"],"picked":"SKIP","floor":10.0},{"not_picked":["Streamline","Reboot","Leap"],"picked":"SKIP","floor":12.0},{"not_picked":["Leap","Stack"],"picked":"Static Discharge","floor":13.0},{"not_picked":["White Noise","Barrage"],"picked":"Doom and Gloom","floor":14.0},{"not_picked":["Meteor Strike","Amplify"],"picked":"Core Surge","floor":16},{"not_picked":["Compile Driver","Sweeping Beam","Barrage"],"picked":"SKIP","floor":18},{"not_picked":["Redo","Compile Driver"],"picked":"Hologram","floor":21},{"not_picked":["Compile Driver","Turbo"],"picked":"BootSequence","floor":24},{"not_picked":["Creative AI","Leap+1"],"picked":"Double Energy","floor":27},{"not_picked":["Cold Snap","Gash"],"picked":"Compile Driver+1","floor":28},{"not_picked":["Storm","Conserve Battery"],"picked":"Reinforced Body","floor":30},{"not_picked":["Streamline","Stack"],"picked":"Chill","floor":31}],"player_experience":473478,"relics_obtained":[{"floor":7.0,"key":"Thread and Needle"},{"floor":9.0,"key":"Pear"},{"floor":10.0,"key":"Centennial Puzzle"},{"floor":12.0,"key":"Symbiotic Virus"},{"floor":24,"key":"Lantern"},{"floor":26,"key":"Dream Catcher"},{"floor":30,"key":"Sundial"}],"event_choices":[{"damage_healed":0,"gold_gain":0,"player_choice":"Became a Ghost","damage_taken":0,"max_hp_gain":0,"max_hp_loss":37,"event_name":"Ghosts","floor":19,"gold_loss":0,"cards_obtained":["Ghostly","Ghostly","Ghostly"]},{"damage_healed":0,"gold_gain":0,"player_choice":"Joined the Cult","damage_taken":6,"max_hp_gain":0,"max_hp_loss":0,"event_name":"Nest","floor":20,"gold_loss":0,"cards_obtained":["RitualDagger"]},{"damage_healed":0,"gold_gain":0,"cards_transformed":["Fusion"],"player_choice":"Transformed","damage_taken":0,"max_hp_gain":0,"max_hp_loss":0,"event_name":"Transmorgrifier","floor":22,"gold_loss":0,"cards_obtained":["Sweeping Beam"]}],"is_beta":false,"boss_relics":[{"not_picked":["Inserter","White Beast Statue"],"picked":"Pandora\u0027s Box"}],"items_purged_floors":[],"is_endless":false,"potions_floor_spawned":[1,12,13,14,21,24,31],"killed_by":"Champ","ascension_level":15}