{"gold_per_floor":[116,166,178,191,205,217,217,248,271,271,271,282,293,321,321,400,400,420,112,112,129,141,141,152,152,152,185,185,185,204,204,204,282,282,296,35,54,80,90,90,125,125,194,210,224,249,260,278,278,278,278,278,63,88,88],"floor_reached":56,"playtime":6620,"items_purged":[],"score":2137,"play_id":"7ddb14d1-3815-4b4b-8bdb-991c19f792f3","local_time":"20190207231447","is_ascension_mode":true,"campfire_choices":[{"data":"Glacier","floor":7.0,"key":"SMITH"},{"data":"Coolheaded","floor":11.0,"key":"SMITH"},{"data":"Rainbow","floor":15.0,"key":"SMITH"},{"data":"Echo Form","floor":23.0,"key":"SMITH"},{"data":"Biased Cognition","floor":25.0,"key":"SMITH"},{"floor":29.0,"key":"REST"},{"data":"Coolheaded","floor":32.0,"key":"SMITH"},{"data":"Hologram","floor":40,"key":"SMITH"},{"data":"Defragment","floor":42,"key":"SMITH"},{"floor":49,"key":"RECALL"},{"data":"Capacitor","floor":52,"key":"SMITH"}],"neow_cost":"NONE","seed_source_timestamp":171028526182816,"circlet_count":0,"master_deck":["AscendersBane","Dualcast","Steam","Leap","Cold Snap","Glacier+1","Machine Learning","Coolheaded+1","Tempest","Glacier","Rainbow+1","Echo Form","Core Surge","Barrage","Rainbow","Barrage","Biased Cognition+1","Echo Form+1","Capacitor+1","Leap","Coolheaded+1","Skim","Coolheaded","Static Discharge","Genetic Algorithm","Multi-Cast","Reinforced Body+1","Meteor Strike","Self Repair","Hologram+1","Defragment+1","Parasite","Genetic Algorithm","Biased Cognition","Defragment+1"],"special_seed":0,"relics":["Cracked Core","Happy Flower","Lantern","Dream Catcher","Anchor","Pandora\u0027s Box","Toolbox","Singing Bowl","PreservedInsect","NlothsMask","Snecko Eye","Strawberry","Sundial","Art of War","Bottled Flame"],"potions_floor_usage":[45,55],"damage_taken":[{"damage":0.0,"enemies":"Small Slimes","floor":1.0,"turns":3.0},{"damage":1.0,"enemies":"Cultist","floor":3.0,"turns":4.0},{"damage":0.0,"enemies":"2 Louse","floor":4.0,"turns":4.0},{"damage":2.0,"enemies":"Large Slime","floor":5.0,"turns":6.0},{"damage":5.0,"enemies":"Exordium Thugs","floor":6.0,"turns":6.0},{"damage":15.0,"enemies":"Gremlin Nob","floor":8.0,"turns":4.0},{"damage":0.0,"enemies":"Exordium Wildlife","floor":12.0,"turns":3.0},{"damage":1.0,"enemies":"Looter","floor":13.0,"turns":4.0},{"damage":1.0,"enemies":"3 Sentries","floor":14.0,"turns":11.0},{"damage":29.0,"enemies":"Slime Boss","floor":16.0,"turns":10.0},{"damage":2.0,"enemies":"Chosen","floor":18.0,"turns":4.0},{"damage":3.0,"enemies":"Shell Parasite","floor":21.0,"turns":5.0},{"damage":11.0,"enemies":"Centurion and Healer","floor":22.0,"turns":10.0},{"damage":0.0,"enemies":"Snecko","floor":24.0,"turns":4.0},{"damage":24.0,"enemies":"Slavers","floor":27.0,"turns":6.0},{"damage":0.0,"enemies":"Chosen and Byrds","floor":30.0,"turns":10.0},{"damage":10.0,"enemies":"Automaton","floor":33.0,"turns":12.0},{"damage":20.0,"enemies":"3 Darklings","floor":35.0,"turns":7.0},{"damage":3.0,"enemies":"3 Shapes","floor":37.0,"turns":7.0},{"damage":22,"enemies":"Transient","floor":39,"turns":6},{"damage":3,"enemies":"Reptomancer","floor":41,"turns":6},{"damage":13,"enemies":"Sphere and 2 Shapes","floor":44,"turns":8},{"damage":0,"enemies":"Writhing Mass","floor":45,"turns":11},{"damage":0,"enemies":"Giant Head","floor":46,"turns":9},{"damage":21,"enemies":"Jaw Worm Horde","floor":47,"turns":8},{"damage":0,"enemies":"3 Darklings","floor":48,"turns":9},{"damage":6,"enemies":"Time Eater","floor":50,"turns":24},{"damage":0,"enemies":"Shield and Spear","floor":54,"turns":5},{"damage":6,"enemies":"The Heart","floor":55,"turns":8}],"seed_played":"9090145475726669984","potions_obtained":[{"floor":3.0,"key":"AttackPotion"},{"floor":4.0,"key":"FearPotion"},{"floor":8.0,"key":"SteroidPotion"},{"floor":13.0,"key":"FearPotion"},{"floor":16.0,"key":"PowerPotion"},{"floor":27.0,"key":"LiquidBronze"},{"floor":35.0,"key":"Energy Potion"},{"floor":47,"key":"Poison Potion"}],"is_trial":false,"path_per_floor":["M","?","M","M","M","M","R","E","T","?","R","M","M","E","R","B",null,"M","$","?","M","M","R","M","R","T","E","?","R","M","?","R","B",null,"M","$","M","T","M","R","E","R","T","M","M","E","M","M","R","B",null,"R","$","E","B",null],"character_chosen":"DEFECT","items_purchased":["SteroidPotion","Coolheaded","Toolbox","Meteor Strike","Self Repair","Hologram","Art of War","Block Potion"],"campfire_rested":1,"item_purchase_floors":[19,19,19,36,36,36,53,53],"current_hp_per_floor":[64,64,63,63,61,56,56,41,41,41,41,41,40,39,39,10,56,54,54,54,51,40,40,40,40,40,18,18,39,41,41,41,31,64,44,44,57,57,42,42,55,55,55,58,72,86,81,90,90,90,90,90,90,92,92],"gold":88,"neow_bonus":"RANDOM_COMMON_RELIC","is_prod":false,"is_daily":false,"chose_seed":false,"campfire_upgraded":9,"win_rate":0,"timestamp":1549610087,"path_taken":["M","?","M","?","M","M","R","E","T","?","R","M","?","E","R","BOSS","M","$","?","M","M","R","M","R","T","E","?","R","M","?","R","BOSS","M","$","?","?","M","R","E","R","T","M","M","E","M","M","R","BOSS","R","$","E","BOSS"],"build_version":"2019-01-23","purchased_purges":0,"victory":true,"max_hp_per_floor":[71,71,71,71,71,71,71,71,71,71,71,71,71,71,71,71,71,71,71,71,71,71,71,71,71,71,73,73,73,75,75,75,75,75,75,75,77,77,77,77,86,86,86,88,88,88,90,90,90,90,90,90,90,92,92],"card_choices":[{"not_picked":["Hologram","Stack"],"picked":"Steam","floor":1.0},{"not_picked":["Streamline","Buffer"],"picked":"Leap","floor":3.0},{"not_picked":["Turbo","Gash"],"picked":"Cold Snap","floor":4.0},{"not_picked":["Go for the Eyes","Storm"],"picked":"Glacier","floor":5.0},{"not_picked":["Leap","Beam Cell"],"picked":"Machine Learning","floor":6.0},{"not_picked":["Fission","Aggregate"],"picked":"Coolheaded","floor":8.0},{"not_picked":["Redo","Go for the Eyes"],"picked":"Tempest","floor":12.0},{"not_picked":["Turbo","Conserve Battery"],"picked":"Glacier","floor":13.0},{"not_picked":["Beam Cell","Lockon"],"picked":"Rainbow","floor":14.0},{"not_picked":["Rainbow","Biased Cognition"],"picked":"Echo Form","floor":16.0},{"not_picked":["Redo","Barrage"],"picked":"Leap","floor":18.0},{"not_picked":["Redo","Sunder","Scrape"],"picked":"SKIP","floor":21.0},{"not_picked":["Hologram","Aggregate"],"picked":"Coolheaded","floor":22.0},{"not_picked":["Beam Cell","Compile Driver"],"picked":"Static Discharge","floor":24.0},{"not_picked":["Darkness","Doom and Gloom+1","Hologram"],"picked":"Singing Bowl","floor":27.0},{"not_picked":["All For One","Compile Driver"],"picked":"Genetic Algorithm","floor":29.0},{"not_picked":["Hologram","Conserve Battery","Rebound+1"],"picked":"Singing Bowl","floor":30.0},{"not_picked":["Hyperbeam","All For One"],"picked":"Multi-Cast","floor":33.0},{"not_picked":["Auto Shields","Rebound"],"picked":"Reinforced Body+1","floor":35.0},{"not_picked":["Go for the Eyes","Steam","Consume"],"picked":"Singing Bowl","floor":37.0},{"not_picked":["Coolheaded","Doom and Gloom"],"picked":"Defragment","floor":39},{"not_picked":["Skim","Electrodynamics","Stack"],"picked":"Singing Bowl","floor":41},{"not_picked":["Conserve Battery","FTL","Sweeping Beam"],"picked":"Singing Bowl","floor":44},{"not_picked":["Hologram","Ball Lightning"],"picked":"Genetic Algorithm","floor":45},{"not_picked":["Go for the Eyes","Aggregate"],"picked":"Biased Cognition","floor":46},{"not_picked":["Streamline","Static Discharge","Stack+1"],"picked":"Singing Bowl","floor":47},{"not_picked":["Auto Shields","Coolheaded"],"picked":"Defragment+1","floor":48},{"not_picked":["Ball Lightning","Chaos","Storm+1"],"picked":"Singing Bowl","floor":54}],"player_experience":503035,"relics_obtained":[{"floor":8.0,"key":"Lantern"},{"floor":9.0,"key":"Dream Catcher"},{"floor":14.0,"key":"Anchor"},{"floor":26.0,"key":"Singing Bowl"},{"floor":27.0,"key":"PreservedInsect"},{"floor":41,"key":"Strawberry"},{"floor":46,"key":"Sundial"},{"floor":54,"key":"Bottled Flame"}],"event_choices":[{"damage_healed":0.0,"max_hp_gain":0.0,"max_hp_loss":0.0,"gold_gain":50.0,"event_name":"Golden Shrine","player_choice":"Pray","floor":2.0,"gold_loss":0.0,"damage_taken":0.0},{"cards_removed":["Defend_B"],"damage_healed":0.0,"max_hp_gain":0.0,"max_hp_loss":0.0,"gold_gain":0.0,"event_name":"Purifier","player_choice":"Purged","floor":10.0,"gold_loss":0.0,"damage_taken":0.0},{"damage_healed":0.0,"max_hp_gain":0.0,"max_hp_loss":0.0,"gold_gain":0.0,"event_name":"The Library","player_choice":"Read","floor":20.0,"gold_loss":0.0,"damage_taken":0.0,"cards_obtained":["Skim"]},{"cards_removed":["Zap"],"damage_healed":0.0,"max_hp_gain":0.0,"max_hp_loss":0.0,"gold_gain":0.0,"event_name":"Back to Basics","player_choice":"Elegance","floor":28.0,"gold_loss":0.0,"damage_taken":0.0},{"damage_healed":0.0,"max_hp_gain":0.0,"max_hp_loss":0.0,"gold_gain":0.0,"event_name":"FaceTrader","player_choice":"Trade","floor":31.0,"gold_loss":0.0,"damage_taken":0.0,"relics_obtained":["NlothsMask"]}],"is_beta":false,"boss_relics":[{"not_picked":["Runic Pyramid","Coffee Dripper"],"picked":"Pandora\u0027s Box"},{"not_picked":["Lizard Tail","Nuclear Battery"],"picked":"Snecko Eye"}],"items_purged_floors":[],"is_endless":false,"potions_floor_spawned":[3,4,5,8,13,16,22,24,27,33,35,39,41,47],"ascension_level":17}