{"gold_per_floor":[114,132,142,142,89,127,127,147,174,174,199,119,140,173,173,301,301],"floor_reached":17,"playtime":741,"items_purged":[],"score":167,"play_id":"36582776-4bd3-42fb-8289-60d1d5dee91a","local_time":"20181112215044","is_ascension_mode":false,"campfire_choices":[{"data":"Armaments","floor":7,"key":"SMITH"},{"data":"Corruption","floor":10,"key":"SMITH"},{"data":"Whirlwind","floor":15,"key":"SMITH"}],"neow_cost":"NONE","seed_source_timestamp":2516676881433692,"circlet_count":0,"master_deck":["Strike_R","Strike_R","Strike_R","Strike_R","Strike_R","Defend_R","Defend_R","Defend_R","Defend_R","Bash","Dark Embrace","Power Through","Shrug It Off","Intimidate","Armaments+1","Immolate","Corruption+1","Clothesline","Whirlwind+1","Armaments","Pummel","Bludgeon"],"special_seed":0,"relics":["Burning Blood","Golden Idol","Pen Nib","Bronze Scales","Ancient Tea Set","White Beast Statue"],"potions_floor_usage":[6],"damage_taken":[{"damage":5.0,"enemies":"Jaw Worm","floor":1.0,"turns":4.0},{"damage":6.0,"enemies":"2 Louse","floor":2.0,"turns":3.0},{"damage":0.0,"enemies":"Small Slimes","floor":3.0,"turns":3.0},{"damage":23,"enemies":"3 Sentries","floor":6,"turns":11},{"damage":2,"enemies":"Exordium Thugs","floor":8,"turns":4},{"damage":0,"enemies":"Red Slaver","floor":11,"turns":4},{"damage":1,"enemies":"Blue Slaver","floor":13,"turns":2},{"damage":19,"enemies":"Lagavulin","floor":14,"turns":8},{"damage":40,"enemies":"The Guardian","floor":16,"turns":10}],"seed_played":"8910605690054001277","potions_obtained":[{"floor":2.0,"key":"AttackPotion"},{"floor":8,"key":"Block Potion"},{"floor":16,"key":"PowerPotion"}],"is_trial":false,"path_per_floor":["M","M","M","M","?","$","E","R","M","T","R","M","$","M","E","R","B",null],"character_chosen":"IRONCLAD","items_purchased":["Armaments","Whirlwind"],"campfire_rested":0,"item_purchase_floors":[5,12],"current_hp_per_floor":[80,80,80,60,60,43,43,47,47,47,53,53,58,45,45,11,80],"gold":301,"neow_bonus":"ONE_RANDOM_RARE_CARD","is_prod":false,"is_daily":false,"chose_seed":false,"campfire_upgraded":3,"win_rate":0,"timestamp":1542059444,"path_taken":["M","M","M","?","$","E","R","M","T","R","M","$","M","E","R","BOSS"],"build_version":"2018-11-08","purchased_purges":0,"victory":false,"max_hp_per_floor":[80,80,80,80,80,80,80,80,80,80,80,80,80,80,80,80,80],"card_choices":[{"not_picked":["Iron Wave","Clash"],"picked":"Power Through","floor":1.0},{"not_picked":["Thunderclap","Sword Boomerang"],"picked":"Shrug It Off","floor":2.0},{"not_picked":["Headbutt","Pommel Strike"],"picked":"Intimidate","floor":3},{"not_picked":["Sentinel","Warcry"],"picked":"Immolate","floor":6},{"not_picked":["Intimidate","Anger"],"picked":"Corruption","floor":8},{"not_picked":["Armaments","Wild Strike"],"picked":"Clothesline","floor":11},{"not_picked":["Pommel Strike","Carnage"],"picked":"Armaments","floor":13},{"not_picked":["Blood for Blood","Anger"],"picked":"Pummel","floor":14},{"not_picked":["Impervious","Offering"],"picked":"Bludgeon","floor":16}],"player_experience":781405,"relics_obtained":[{"floor":6,"key":"Pen Nib"},{"floor":9,"key":"Bronze Scales"},{"floor":14,"key":"Ancient Tea Set"}],"event_choices":[{"damage_healed":0,"gold_gain":0,"player_choice":"Take Damage","damage_taken":20,"relics_obtained":["Golden Idol"],"max_hp_gain":0,"max_hp_loss":0,"event_name":"Golden Idol","floor":4,"gold_loss":0}],"is_beta":false,"boss_relics":[{"not_picked":["Calling Bell","Busted Crown"],"picked":"White Beast Statue"}],"items_purged_floors":[],"is_endless":false,"potions_floor_spawned":[2,8,16],"ascension_level":0}