{"gold_per_floor":[217,232,243,253,265,291,74,100,180,105,105,105,119,195,195,293,293,309,309,309,75,86,112,112,137,137,166,177,177,197,215,215,288,288,300,300,300,320,41,41,66,66,66,97,116,149,166,166,166,166,166],"floor_reached":51,"playtime":5893,"items_purged":["Strike_G","Strike_G"],"score":1885,"play_id":"709e9e5d-13ea-4f27-a856-e0da03600f53","local_time":"20181223162907","is_ascension_mode":true,"campfire_choices":[{"floor":15.0,"key":"REST"},{"data":"Neutralize","floor":24.0,"key":"SMITH"},{"data":"After Image","floor":29.0,"key":"SMITH"},{"data":"After Image","floor":32.0,"key":"SMITH"},{"data":"Dagger Spray","floor":40,"key":"SMITH"},{"data":"Finisher","floor":42,"key":"SMITH"},{"data":"Dash","floor":49,"key":"SMITH"}],"neow_cost":"NONE","seed_source_timestamp":0,"circlet_count":0,"master_deck":["AscendersBane","Defend_G","Defend_G","Defend_G","Defend_G","Defend_G","Strike_G+1","Survivor","Neutralize+1","Masterful Stab","Flying Knee","Dash+1","Poisoned Stab+1","Dagger Spray+1","After Image+1","Crippling Poison+1","Deadly Poison+1","Terror+1","Deflect+1","Cloak And Dagger+1","After Image+1","Cloak And Dagger+1","Infinite Blades","Backflip+1","Catalyst+1","Catalyst+1","Finisher+1","Backflip+1","Prepared+1","Acrobatics+1","Burst+1","Cloak And Dagger+1","Acrobatics+1","Backflip+1","Footwork","Escape Plan+1","Heel Hook+1","Dodge and Roll+1"],"special_seed":0,"relics":["Ring of the Snake","Toxic Egg 2","Strawberry","Tiny Chest","Bloody Idol","Mercury Hourglass","Coffee Dripper","PreservedInsect","Bird Faced Urn","Shuriken","StoneCalendar","Runic Dome","Dodecahedron","Blood Vial","Paper Crane","Bag of Preparation","Kunai","Mango"],"potions_floor_usage":[50,51],"damage_taken":[{"damage":0.0,"enemies":"2 Louse","floor":1.0,"turns":3.0},{"damage":0.0,"enemies":"Small Slimes","floor":2.0,"turns":4.0},{"damage":7.0,"enemies":"Jaw Worm","floor":3.0,"turns":4.0},{"damage":0.0,"enemies":"2 Fungi Beasts","floor":4.0,"turns":4.0},{"damage":8.0,"enemies":"Blue Slaver","floor":5.0,"turns":3.0},{"damage":27.0,"enemies":"Lagavulin","floor":6.0,"turns":9.0},{"damage":5.0,"enemies":"Gremlin Nob","floor":8.0,"turns":3.0},{"damage":0.0,"enemies":"Looter","floor":13.0,"turns":3.0},{"damage":8.0,"enemies":"Gremlin Nob","floor":14.0,"turns":3.0},{"damage":6.0,"enemies":"Slime Boss","floor":16.0,"turns":5.0},{"damage":6.0,"enemies":"Shell Parasite","floor":18.0,"turns":6.0},{"damage":0.0,"enemies":"Chosen","floor":22.0,"turns":3.0},{"damage":0.0,"enemies":"Gremlin Leader","floor":23.0,"turns":5.0},{"damage":20.0,"enemies":"Book of Stabbing","floor":25.0,"turns":5.0},{"damage":6.0,"enemies":"Slavers","floor":27.0,"turns":4.0},{"damage":0.0,"enemies":"Snecko","floor":28.0,"turns":6.0},{"damage":0.0,"enemies":"Centurion and Healer","floor":30.0,"turns":5.0},{"damage":0.0,"enemies":"3 Cultists","floor":31.0,"turns":4.0},{"damage":8.0,"enemies":"Collector","floor":33.0,"turns":7.0},{"damage":0,"enemies":"Orb Walker","floor":35,"turns":3},{"damage":4,"enemies":"3 Darklings","floor":38,"turns":4},{"damage":0,"enemies":"Nemesis","floor":41,"turns":3},{"damage":0,"enemies":"Giant Head","floor":44,"turns":5},{"damage":0,"enemies":"Spire Growth","floor":45,"turns":4},{"damage":0,"enemies":"Nemesis","floor":46,"turns":3},{"damage":0,"enemies":"Jaw Worm Horde","floor":47,"turns":4},{"damage":0,"enemies":"Awakened One","floor":50,"turns":10},{"damage":81,"enemies":"Time Eater","floor":51,"turns":12}],"seed_played":"-3532987454016721172","potions_obtained":[{"floor":1.0,"key":"GhostInAJar"},{"floor":3.0,"key":"Poison Potion"},{"floor":5.0,"key":"Regen Potion"},{"floor":14.0,"key":"Fire Potion"},{"floor":16.0,"key":"SneckoOil"},{"floor":27.0,"key":"Dexterity Potion"}],"is_trial":false,"path_per_floor":["M","M","M","M","M","E","$","E","T","?","?","?","M","?","R","B",null,"M","?","?","$","M","E","R","E","T","E","M","R","M","M","R","B",null,"M","?","?","M","$","R","E","R","T","E","M","E","M","T","R","B","B"],"character_chosen":"THE_SILENT","items_purchased":["Crippling Poison+1","Deadly Poison+1","Infinite Blades","PowerPotion","Dodecahedron"],"campfire_rested":1,"item_purchase_floors":[7,7,21,21,39],"current_hp_per_floor":[59,59,52,52,44,32,32,34,34,34,12,12,12,4,23,17,54,48,48,48,48,53,58,58,43,43,44,55,55,64,66,66,65,66,66,66,63,63,63,63,63,63,63,63,63,63,63,77,77,77,0],"gold":166,"neow_bonus":"HUNDRED_GOLD","is_prod":false,"is_daily":false,"chose_seed":false,"campfire_upgraded":6,"win_rate":0,"timestamp":1545611347,"path_taken":["M","M","M","M","M","E","$","E","T","?","?","?","?","?","R","BOSS","M","?","?","$","M","E","R","E","T","E","M","R","M","M","R","BOSS","M","?","?","M","$","R","E","R","T","E","M","E","M","?","R","BOSS","BOSS"],"build_version":"2018-12-20","purchased_purges":2,"victory":false,"max_hp_per_floor":[66,66,66,66,66,66,66,73,73,73,73,66,66,66,66,66,66,66,66,66,66,66,66,66,66,66,66,66,66,66,66,66,66,66,66,66,63,63,63,63,63,63,63,63,63,63,63,77,77,77,77],"card_choices":[{"not_picked":["Sucker Punch","Calculated Gamble"],"picked":"Masterful Stab","floor":1.0},{"not_picked":["Calculated Gamble","Prepared"],"picked":"Flying Knee","floor":2.0},{"not_picked":["Eviscerate","Slice"],"picked":"Dash","floor":3.0},{"not_picked":["Dodge and Roll","Riddle With Holes"],"picked":"Poisoned Stab","floor":4.0},{"not_picked":["Underhanded Strike","Outmaneuver"],"picked":"Dagger Spray","floor":5.0},{"not_picked":["Slice","Sucker Punch"],"picked":"After Image","floor":6.0},{"not_picked":["Storm of Steel+1","Infinite Blades"],"picked":"Terror+1","floor":8.0},{"not_picked":["Acrobatics+1","Sucker Punch"],"picked":"Deflect+1","floor":13.0},{"not_picked":["Terror+1","PiercingWail+1"],"picked":"Cloak And Dagger+1","floor":14.0},{"not_picked":["Phantasmal Killer+1","Tools of the Trade"],"picked":"After Image","floor":16.0},{"not_picked":["Blade Dance+1","Flying Knee"],"picked":"Cloak And Dagger+1","floor":18.0},{"not_picked":["Endless Agony","Accuracy"],"picked":"Backflip+1","floor":22.0},{"not_picked":["Deflect+1","Quick Slash"],"picked":"Catalyst+1","floor":23.0},{"not_picked":["Slice","Deadly Poison+1"],"picked":"Catalyst+1","floor":25.0},{"not_picked":["Underhanded Strike","Slice"],"picked":"Finisher","floor":27.0},{"not_picked":["Dagger Throw","PiercingWail+1"],"picked":"Backflip+1","floor":28.0},{"not_picked":["Flying Knee","Dagger Spray"],"picked":"Prepared+1","floor":30.0},{"not_picked":["Bane+1","Storm of Steel+1"],"picked":"Acrobatics+1","floor":31.0},{"not_picked":["Storm of Steel+1","Doppelganger+1"],"picked":"Burst+1","floor":33.0},{"not_picked":["Blade Dance+1","Underhanded Strike"],"picked":"Cloak And Dagger+1","floor":35},{"not_picked":["Prepared+1","Terror+1"],"picked":"Acrobatics+1","floor":38},{"not_picked":["Underhanded Strike","Die Die Die"],"picked":"Backflip+1","floor":41},{"not_picked":["Cloak And Dagger+1","Outmaneuver+1"],"picked":"Footwork","floor":44},{"not_picked":["Setup+1","Prepared+1"],"picked":"Escape Plan+1","floor":45},{"not_picked":["Accuracy","Crippling Poison+1"],"picked":"Heel Hook+1","floor":46},{"not_picked":["Deadly Poison+1","Poisoned Stab"],"picked":"Dodge and Roll+1","floor":47}],"player_experience":200063,"relics_obtained":[{"floor":6.0,"key":"Toxic Egg 2"},{"floor":8.0,"key":"Strawberry"},{"floor":9.0,"key":"Tiny Chest"},{"floor":14.0,"key":"Mercury Hourglass"},{"floor":23.0,"key":"PreservedInsect"},{"floor":25.0,"key":"Bird Faced Urn"},{"floor":26.0,"key":"Shuriken"},{"floor":27.0,"key":"StoneCalendar"},{"floor":41,"key":"Blood Vial"},{"floor":43,"key":"Paper Crane"},{"floor":44,"key":"Bag of Preparation"},{"floor":46,"key":"Kunai"},{"floor":48,"key":"Mango"}],"event_choices":[{"cards_removed":["Strike_G"],"damage_healed":0.0,"max_hp_gain":0.0,"max_hp_loss":0.0,"gold_gain":0.0,"event_name":"The Cleric","player_choice":"Card Removal","floor":10.0,"gold_loss":75.0,"damage_taken":0.0},{"damage_healed":0.0,"max_hp_gain":0.0,"max_hp_loss":0.0,"gold_gain":0.0,"event_name":"Shining Light","player_choice":"Entered Light","floor":11.0,"gold_loss":0.0,"damage_taken":22.0,"cards_upgraded":["Strike_G","Poisoned Stab"]},{"damage_healed":0.0,"max_hp_gain":0.0,"max_hp_loss":7.0,"gold_gain":0.0,"event_name":"Golden Idol","player_choice":"Lose Max HP","floor":12.0,"gold_loss":0.0,"damage_taken":0.0,"relics_obtained":["Golden Idol"]},{"damage_healed":0.0,"max_hp_gain":0.0,"max_hp_loss":0.0,"gold_gain":0.0,"event_name":"Dead Adventurer","player_choice":"Searched \u00271\u0027 times","floor":14.0,"gold_loss":0.0,"damage_taken":0.0},{"damage_healed":0.0,"max_hp_gain":0.0,"max_hp_loss":0.0,"gold_gain":0.0,"event_name":"Cursed Tome","player_choice":"Ignored","floor":19.0,"gold_loss":0.0,"damage_taken":0.0},{"damage_healed":0.0,"max_hp_gain":0.0,"max_hp_loss":0.0,"gold_gain":0.0,"event_name":"Forgotten Altar","player_choice":"Gave Idol","floor":20.0,"relics_lost":["Golden Idol"],"gold_loss":0.0,"damage_taken":0.0,"relics_obtained":["Bloody Idol"]},{"cards_removed":["Strike_G"],"damage_healed":0,"gold_gain":0,"player_choice":"Removed Attack","damage_taken":0,"max_hp_gain":0,"max_hp_loss":0,"event_name":"Falling","floor":36,"gold_loss":0},{"damage_healed":0,"gold_gain":0,"player_choice":"Max HP","damage_taken":0,"max_hp_gain":0,"max_hp_loss":3,"event_name":"Winding Halls","floor":37,"gold_loss":0}],"is_beta":false,"boss_relics":[{"not_picked":["Astrolabe","Calling Bell"],"picked":"Coffee Dripper"},{"not_picked":["HoveringKite","Eternal Feather"],"picked":"Runic Dome"}],"items_purged_floors":[7,21],"is_endless":false,"potions_floor_spawned":[1,3,5,14,16,22,27,28,30,44,45,46],"killed_by":"Time Eater","ascension_level":20}