{"gold_per_floor":[19,19,94,6,21,21,35,35,35,35,69,119,15,35,35,35],"floor_reached":16,"playtime":686,"items_purged":["Strike_G"],"score":196,"play_id":"8311577b-f5e8-4be5-84f7-f911c660ba1c","local_time":"20190210032859","is_ascension_mode":true,"campfire_choices":[{"data":"Glass Knife","floor":6,"key":"SMITH"},{"data":"Neutralize","floor":8,"key":"SMITH"},{"data":"Sucker Punch","floor":10,"key":"SMITH"},{"data":"Dagger Spray","floor":15,"key":"SMITH"}],"neow_cost":"NO_GOLD","seed_source_timestamp":407794034285700,"circlet_count":0,"master_deck":["AscendersBane","Defend_G","Defend_G","Defend_G","Defend_G","Defend_G","Strike_G","Strike_G","Strike_G","Strike_G","Survivor","Neutralize+1","Glass Knife+1","Cloak And Dagger","Dash","Sucker Punch+1","Dagger Spray+1","PiercingWail"],"relics":["Ring of the Snake","Gambling Chip","Smiling Mask"],"potions_floor_usage":[16,16],"damage_taken":[{"damage":0,"enemies":"Jaw Worm","floor":1,"turns":3},{"damage":0,"enemies":"Cultist","floor":5,"turns":3},{"damage":0,"enemies":"Small Slimes","floor":7,"turns":2},{"damage":24,"enemies":"Gremlin Nob","floor":11,"turns":4},{"damage":0,"enemies":"Blue Slaver","floor":14,"turns":2},{"damage":20,"enemies":"The Guardian","floor":16,"turns":10}],"seed_played":"-8162240979309654852","potions_obtained":[{"floor":14,"key":"Weak Potion"}],"is_trial":false,"path_per_floor":["M","$","?","$","M","R","M","R","T","R","E","?","$","M","R","B"],"character_chosen":"THE_SILENT","items_purchased":["Dash","Fire Potion"],"campfire_rested":0,"item_purchase_floors":[4,13],"current_hp_per_floor":[59,59,48,48,48,48,48,48,48,48,24,18,18,18,18,0],"gold":35,"neow_bonus":"THREE_RARE_CARDS","is_prod":false,"is_daily":false,"chose_seed":false,"campfire_upgraded":4,"win_rate":0,"timestamp":1549765739,"path_taken":["M","$","?","$","M","R","M","R","T","R","E","?","$","M","R","BOSS"],"build_version":"2019-01-23","purchased_purges":1,"victory":false,"max_hp_per_floor":[66,66,66,66,66,66,66,66,66,66,66,66,66,66,66,66],"card_choices":[{"not_picked":["Phantasmal Killer","Night Terror"],"picked":"Glass Knife","floor":0},{"not_picked":["PiercingWail","Dagger Throw"],"picked":"Cloak And Dagger","floor":1},{"not_picked":["Dagger Throw","Outmaneuver"],"picked":"Sucker Punch","floor":5},{"not_picked":["Flechettes","Underhanded Strike","Riddle With Holes"],"picked":"SKIP","floor":7},{"not_picked":["Expertise","PiercingWail"],"picked":"Dagger Spray","floor":11},{"not_picked":["Concentrate","Tactician"],"picked":"PiercingWail","floor":14}],"player_experience":525767,"relics_obtained":[{"floor":9,"key":"Gambling Chip"},{"floor":11,"key":"Smiling Mask"}],"event_choices":[{"damage_healed":0,"gold_gain":75,"player_choice":"Gather Gold","damage_taken":11,"max_hp_gain":0,"max_hp_loss":0,"event_name":"World of Goop","floor":3,"gold_loss":0},{"damage_healed":0,"gold_gain":50,"player_choice":"Touch","damage_taken":6,"max_hp_gain":0,"max_hp_loss":0,"event_name":"FaceTrader","floor":12,"gold_loss":0}],"is_beta":false,"boss_relics":[],"items_purged_floors":[13],"is_endless":false,"potions_floor_spawned":[14],"killed_by":"The Guardian","ascension_level":20}