{"gold_per_floor":[117,39,39,39,59,59,82,5,5,36,50,85,103,28,28,159,159,159],"floor_reached":18,"playtime":1437,"items_purged":["Strike_B"],"score":230,"play_id":"4235b8d2-c4a2-4e0a-addf-d7984e29e2f8","local_time":"20180720195302","is_ascension_mode":true,"campfire_choices":[{"floor":6.0,"key":"REST"},{"floor":15.0,"key":"REST"}],"neow_cost":"NONE","seed_source_timestamp":0,"circlet_count":0,"master_deck":["Strike_B","Strike_B","Defend_B","Defend_B","Defend_B","Defend_B","Zap","Dualcast","Aggregate","Coolheaded","Defragment","Consume","Coolheaded","Darkness","Self Repair","Cold Snap","Reinforced Body","Steam","Core Surge"],"special_seed":0,"relics":["Cracked Core","Golden Idol","Blood Vial","Pear","Symbiotic Virus","Lizard Tail"],"potions_floor_usage":[],"damage_taken":[{"damage":0.0,"enemies":"Small Slimes","floor":1.0,"turns":3.0},{"damage":6.0,"enemies":"Jaw Worm","floor":5.0,"turns":4.0},{"damage":0.0,"enemies":"2 Louse","floor":7.0,"turns":3.0},{"damage":15.0,"enemies":"3 Sentries","floor":10.0,"turns":8.0},{"damage":11.0,"enemies":"Exordium Wildlife","floor":11.0,"turns":4.0},{"damage":42.0,"enemies":"Lagavulin","floor":12.0,"turns":8.0},{"damage":5.0,"enemies":"2 Fungi Beasts","floor":13.0,"turns":4.0},{"damage":50.0,"enemies":"Hexaghost","floor":16.0,"turns":12.0},{"damage":12,"enemies":"3 Byrds","floor":18,"turns":2}],"seed_played":"-696438962745271868","potions_obtained":[{"floor":5.0,"key":"Fire Potion"},{"floor":7.0,"key":"PowerPotion"},{"floor":11.0,"key":"Ancient Potion"},{"floor":13.0,"key":"Energy Potion"}],"is_trial":false,"path_per_floor":["M","$","?","?","M","R","M","$","T","E","M","E","M","$","R","B",null],"character_chosen":"DEFECT","items_purchased":["Defragment","Darkness"],"campfire_rested":2,"item_purchase_floors":[2,8],"current_hp_per_floor":[68,68,68,61,55,75,75,75,75,70,68,42,46,46,71,30,71,61],"gold":159,"neow_bonus":"TRANSFORM_CARD","is_prod":false,"is_daily":false,"chose_seed":false,"campfire_upgraded":0,"win_rate":0,"timestamp":1532130782,"path_taken":["M","$","?","?","?","R","M","$","T","E","M","E","M","?","R","BOSS","M"],"build_version":"2018-07-19v2","purchased_purges":1,"victory":false,"max_hp_per_floor":[75,75,75,75,75,75,75,75,75,85,85,85,85,85,85,85,85,85],"card_choices":[{"not_picked":["Conserve Battery","Redo"],"picked":"Coolheaded","floor":1.0},{"not_picked":["Scrape","Blizzard"],"picked":"Consume","floor":5.0},{"not_picked":["Turbo","Genetic Algorithm"],"picked":"Coolheaded","floor":7.0},{"not_picked":["Coolheaded","Rebound"],"picked":"Self Repair","floor":10.0},{"not_picked":["Storm","Steam"],"picked":"Cold Snap","floor":11.0},{"not_picked":["Biased Cognition","Ball Lightning"],"picked":"Reinforced Body","floor":12.0},{"not_picked":["Stack","Rebound"],"picked":"Steam","floor":13.0},{"not_picked":["Machine Learning","Biased Cognition"],"picked":"Core Surge","floor":16.0}],"player_experience":436943,"relics_obtained":[{"floor":9.0,"key":"Blood Vial"},{"floor":10.0,"key":"Pear"},{"floor":12.0,"key":"Symbiotic Virus"}],"event_choices":[{"event_name":"Golden Idol","player_choice":"Take Wound","floor":3.0,"damage_taken":0.0},{"event_name":"Golden Wing","player_choice":"Card Removal","floor":4.0,"damage_taken":0.0}],"is_beta":false,"boss_relics":[{"not_picked":["Runic Dome","Eternal Feather"],"picked":"Lizard Tail"}],"items_purged_floors":[14],"is_endless":false,"potions_floor_spawned":[5,7,11,13],"killed_by":"3 Byrds","ascension_level":7}