{"gold_per_floor":[217,232,33,108,120,146,146,207,207,219,237,252,252,283,283,384,384,399,418,35,48,48,74,74,74],"floor_reached":25,"playtime":2143,"items_purged":["Defend_B"],"score":233,"play_id":"4beb3c8f-9511-49a3-80d1-f65ec76700ce","local_time":"20180701144115","is_ascension_mode":false,"campfire_choices":[{"floor":7,"key":"REST"},{"floor":13,"key":"REST"},{"floor":15,"key":"REST"},{"floor":24,"key":"REST"}],"neow_cost":"NONE","seed_source_timestamp":14085720486810,"circlet_count":0,"master_deck":["Strike_B","Defend_B","Defend_B","Defend_B","Zap","Dualcast","Cold Snap","Cold Snap","Coolheaded","Hello World","White Noise","Machine Learning","Glacier","Heatsinks","Doom and Gloom","Creative AI","Rainbow","Streamline+1","Tempest+1","White Noise+1","Static Discharge+1","Double Energy+1","Reboot"],"relics":["Cracked Core","Centennial Puzzle","Strawberry","Smiling Mask","Bag of Preparation","Astrolabe","Symbiotic Virus","Lantern","Anchor"],"potions_floor_usage":[8,14,16,16,23],"damage_taken":[{"damage":6,"enemies":"Jaw Worm","floor":1,"turns":3},{"damage":0,"enemies":"2 Louse","floor":2,"turns":3},{"damage":0,"enemies":"Cultist","floor":5,"turns":3},{"damage":13,"enemies":"3 Sentries","floor":6,"turns":6},{"damage":22,"enemies":"Gremlin Nob","floor":8,"turns":4},{"damage":5,"enemies":"Blue Slaver","floor":10,"turns":4},{"damage":6,"enemies":"Looter","floor":11,"turns":4},{"damage":14,"enemies":"Exordium Thugs","floor":12,"turns":7},{"damage":3,"enemies":"Gremlin Nob","floor":14,"turns":4},{"damage":56,"enemies":"Hexaghost","floor":16,"turns":14},{"damage":5,"enemies":"Shell Parasite","floor":18,"turns":6},{"damage":1,"enemies":"3 Byrds","floor":19,"turns":2},{"damage":37,"enemies":"Slaver and Parasite","floor":21,"turns":5},{"damage":37,"enemies":"Slavers","floor":23,"turns":5},{"damage":28,"enemies":"Book of Stabbing","floor":25,"turns":3}],"seed_played":"2720163336773125481","potions_obtained":[{"floor":1,"key":"Poison Potion"},{"floor":6,"key":"SpeedPotion"},{"floor":10,"key":"Poison Potion"},{"floor":12,"key":"SpeedPotion"},{"floor":19,"key":"AttackPotion"}],"is_trial":false,"path_per_floor":["M","M","$","?","M","E","R","?","T","M","M","M","R","E","R","B",null,"M","M","$","M","?","E","R"],"character_chosen":"DEFECT","items_purchased":["Coolheaded","Hello World","Symbiotic Virus","Lantern"],"campfire_rested":4,"item_purchase_floors":[3,3,20,20],"current_hp_per_floor":[69,69,69,58,58,45,67,52,52,47,41,27,51,48,72,23,82,77,76,76,39,39,2,26,0],"gold":74,"neow_bonus":"HUNDRED_GOLD","is_prod":false,"is_daily":false,"chose_seed":false,"campfire_upgraded":0,"win_rate":0,"timestamp":1530470475,"path_taken":["M","M","$","?","M","E","R","?","T","M","?","M","R","E","R","BOSS","M","M","$","M","?","E","R","E"],"build_version":"2018-06-28","purchased_purges":1,"victory":false,"max_hp_per_floor":[75,75,75,75,75,75,75,82,82,82,82,82,82,82,82,82,82,82,82,82,82,82,82,82,82],"card_choices":[{"not_picked":["Chill","Leap"],"picked":"Cold Snap","floor":1},{"not_picked":["Gash","Go for the Eyes"],"picked":"Cold Snap","floor":2},{"not_picked":["Chaos","Gash"],"picked":"White Noise","floor":5},{"not_picked":["Coolheaded","Biased Cognition"],"picked":"Machine Learning","floor":6},{"not_picked":["Leap","Rebound"],"picked":"Glacier","floor":8},{"not_picked":["Coolheaded","Barrage"],"picked":"Heatsinks","floor":10},{"not_picked":["Streamline","FTL","Go for the Eyes"],"picked":"SKIP","floor":11},{"not_picked":["Turbo","Rebound"],"picked":"Doom and Gloom","floor":12},{"not_picked":["Undo","Leap"],"picked":"Creative AI","floor":14},{"not_picked":["Creative AI","Fission"],"picked":"Rainbow","floor":16},{"not_picked":["Chill","BootSequence+1"],"picked":"Static Discharge+1","floor":18},{"not_picked":["Stack","Consume","Rebound"],"picked":"SKIP","floor":19},{"not_picked":["Barrage","Coolheaded"],"picked":"Double Energy+1","floor":21},{"not_picked":["Sweeping Beam","Reprogram"],"picked":"Reboot","floor":23}],"player_experience":167686,"relics_obtained":[{"floor":6,"key":"Centennial Puzzle"},{"floor":9,"key":"Smiling Mask"},{"floor":14,"key":"Bag of Preparation"},{"floor":23,"key":"Anchor"}],"event_choices":[{"event_name":"World of Goop","player_choice":"Gather Gold","floor":4,"damage_taken":0},{"event_name":"Dead Adventurer","player_choice":"Searched \u00272\u0027 times","floor":8,"damage_taken":0},{"event_name":"Addict","player_choice":"Ignored","floor":22,"damage_taken":0}],"boss_relics":[{"not_picked":["Inserter","Philosopher\u0027s Stone"],"picked":"Astrolabe"}],"items_purged_floors":[3],"is_endless":false,"potions_floor_spawned":[1,6,10,12,19],"killed_by":"Book of Stabbing","ascension_level":0}