{"gold_per_floor":[17,34,34,47,61,61,61,96,120,120,120,132,146,172,172,246,246,266,282,295,135,185,217,217,243,243,243,272,282,282],"floor_reached":30,"playtime":3481,"items_purged":["Strike_G"],"score":555,"play_id":"ba80081f-c193-456d-9f69-673306a43eb8","local_time":"20190203003530","is_ascension_mode":true,"campfire_choices":[{"data":"Neutralize","floor":6.0,"key":"SMITH"},{"floor":10.0,"key":"REST"},{"data":"Finisher","floor":15.0,"key":"SMITH"},{"floor":24,"key":"REST"},{"floor":27,"key":"REST"}],"neow_cost":"NO_GOLD","seed_source_timestamp":0,"circlet_count":0,"master_deck":["AscendersBane","Defend_G","Defend_G+1","Defend_G+1","Defend_G+1","Defend_G","Strike_G","Survivor","Neutralize+1","Dagger Spray","Dagger Throw+1","Finisher+1","Slice","All Out Attack","Dodge and Roll","Leg Sweep","A Thousand Cuts","Noxious Fumes+1","PiercingWail","Well Laid Plans","Backflip","PiercingWail","Terror+1","Dodge and Roll+1"],"special_seed":0,"relics":["Ring of the Snake","War Paint","Strawberry","Pen Nib","Sozu","PreservedInsect","Bottled Tornado","Toxic Egg 2","Shuriken"],"potions_floor_usage":[23],"damage_taken":[{"damage":0.0,"enemies":"Small Slimes","floor":1.0,"turns":5.0},{"damage":3.0,"enemies":"Cultist","floor":2.0,"turns":4.0},{"damage":0.0,"enemies":"2 Louse","floor":4.0,"turns":2.0},{"damage":0.0,"enemies":"Large Slime","floor":5.0,"turns":6.0},{"damage":15.0,"enemies":"Lagavulin","floor":8.0,"turns":6.0},{"damage":0.0,"enemies":"Lots of Slimes","floor":12.0,"turns":6.0},{"damage":1.0,"enemies":"Red Slaver","floor":13.0,"turns":5.0},{"damage":20.0,"enemies":"Gremlin Nob","floor":14.0,"turns":4.0},{"damage":33.0,"enemies":"The Guardian","floor":16.0,"turns":18.0},{"damage":5,"enemies":"Chosen","floor":18,"turns":6},{"damage":11,"enemies":"Shell Parasite","floor":19,"turns":6},{"damage":0,"enemies":"Snake Plant","floor":20,"turns":5},{"damage":6,"enemies":"Gremlin Leader","floor":23,"turns":7},{"damage":16,"enemies":"Book of Stabbing","floor":25,"turns":6},{"damage":25,"enemies":"Slavers","floor":28,"turns":4},{"damage":16,"enemies":"3 Cultists","floor":29,"turns":4},{"damage":18,"enemies":"Cultist and Chosen","floor":30,"turns":4}],"seed_played":"-9003589382739875336","potions_obtained":[{"floor":2.0,"key":"Dexterity Potion"},{"floor":4.0,"key":"Explosive Potion"},{"floor":8.0,"key":"Regen Potion"},{"floor":16.0,"key":"Swift Potion"}],"is_trial":false,"path_per_floor":["M","M","?","M","M","R","?","E","T","R","?","M","M","E","R","B",null,"M","M","M","$","?","E","R","E","T","R","E","M","M"],"character_chosen":"THE_SILENT","items_purchased":["Well Laid Plans"],"campfire_rested":3,"item_purchase_floors":[21],"current_hp_per_floor":[59,56,56,56,56,56,36,21,28,49,49,64,63,43,43,10,57,52,41,41,41,34,28,49,33,33,54,29,13,0],"gold":282,"neow_bonus":"REMOVE_TWO","is_prod":false,"is_daily":false,"chose_seed":false,"campfire_upgraded":2,"win_rate":0,"timestamp":1549150530,"path_taken":["M","M","?","M","?","R","?","E","T","R","?","M","M","E","R","BOSS","M","M","M","$","?","E","R","E","T","R","E","?","M"],"build_version":"2019-01-23","purchased_purges":1,"victory":false,"max_hp_per_floor":[66,66,66,66,66,66,66,66,73,73,73,73,73,73,73,73,73,73,73,73,73,73,73,73,73,73,73,73,73,73],"card_choices":[{"not_picked":["Well Laid Plans","Outmaneuver"],"picked":"Dagger Spray","floor":1.0},{"not_picked":["Slice","Blade Dance"],"picked":"Dagger Throw","floor":2.0},{"not_picked":["Outmaneuver","Setup"],"picked":"Finisher","floor":4.0},{"not_picked":["Setup","Bouncing Flask"],"picked":"Slice","floor":5.0},{"not_picked":["Endless Agony","Flying Knee","Skewer"],"picked":"SKIP","floor":8.0},{"not_picked":["Predator","Blade Dance"],"picked":"All Out Attack","floor":12.0},{"not_picked":["Unload","Flying Knee"],"picked":"Dodge and Roll","floor":13.0},{"not_picked":["Sucker Punch","Terror"],"picked":"Leg Sweep","floor":14.0},{"not_picked":["Phantasmal Killer","Tools of the Trade"],"picked":"A Thousand Cuts","floor":16.0},{"not_picked":["Riddle With Holes","Concentrate"],"picked":"Noxious Fumes+1","floor":18},{"not_picked":["Caltrops","Dodge and Roll"],"picked":"PiercingWail","floor":19},{"not_picked":["Eviscerate","Blade Dance","Dagger Throw"],"picked":"SKIP","floor":20},{"not_picked":["Deflect","Expertise"],"picked":"Backflip","floor":23},{"not_picked":["Dagger Throw","Underhanded Strike"],"picked":"PiercingWail","floor":25},{"not_picked":["Poisoned Stab","Flying Knee"],"picked":"Terror+1","floor":28},{"not_picked":["Bane","Quick Slash"],"picked":"Dodge and Roll+1","floor":29}],"player_experience":331249,"relics_obtained":[{"floor":8.0,"key":"War Paint"},{"floor":9.0,"key":"Strawberry"},{"floor":14.0,"key":"Pen Nib"},{"floor":23,"key":"PreservedInsect"},{"floor":25,"key":"Bottled Tornado"},{"floor":26,"key":"Toxic Egg 2"},{"floor":28,"key":"Shuriken"}],"event_choices":[{"cards_removed":["Strike_G"],"damage_healed":0.0,"max_hp_gain":0.0,"max_hp_loss":0.0,"gold_gain":0.0,"event_name":"Purifier","player_choice":"Purged","floor":3.0,"gold_loss":0.0,"damage_taken":0.0},{"damage_healed":0.0,"max_hp_gain":0.0,"max_hp_loss":0.0,"gold_gain":0.0,"event_name":"Shining Light","player_choice":"Entered Light","floor":7.0,"gold_loss":0.0,"damage_taken":20.0,"cards_upgraded":["Defend_G","Dagger Throw"]},{"damage_healed":0.0,"max_hp_gain":0.0,"max_hp_loss":0.0,"gold_gain":0.0,"event_name":"Liars Game","player_choice":"Ignored","floor":11.0,"gold_loss":0.0,"damage_taken":0.0},{"damage_healed":0,"gold_gain":50,"player_choice":"Touch","damage_taken":7,"max_hp_gain":0,"max_hp_loss":0,"event_name":"FaceTrader","floor":22,"gold_loss":0}],"is_beta":false,"boss_relics":[{"not_picked":["Runic Dome","Ring of the Serpent"],"picked":"Sozu"}],"items_purged_floors":[21],"is_endless":false,"potions_floor_spawned":[2,4,8,16,18,19,25,29],"killed_by":"Cultist and Chosen","ascension_level":17}