{"gold_per_floor":[116,116,136,136,61,61,81,81,132,158,172,122,122,133,133,233,233,243,143,161,10,110,110,110,122,122,122,157,157,177,196,196,196],"floor_reached":33,"playtime":1183,"items_purged":["Strike_R","Strike_R"],"score":265,"play_id":"6ceb4499-d358-4b40-913b-560e128dfdcd","local_time":"20190204021539","is_ascension_mode":false,"campfire_choices":[{"data":"Bash","floor":6,"key":"SMITH"},{"data":"Berserk","floor":8,"key":"SMITH"},{"data":"Cleave","floor":13,"key":"SMITH"},{"floor":15,"key":"REST"},{"data":"Flame Barrier","floor":23,"key":"SMITH"},{"data":"Rampage","floor":27,"key":"SMITH"},{"floor":29,"key":"REST"},{"floor":32,"key":"REST"}],"neow_cost":"PERCENT_DAMAGE","seed_source_timestamp":204651676231406,"circlet_count":0,"master_deck":["Strike_R","Defend_R","Defend_R","Defend_R","Defend_R","Bash+1","Rampage+1","Cleave+1","Berserk+1","Berserk+1","Twin Strike","Impervious","Flame Barrier+1"],"relics":["Burning Blood","Magic Flower","Bronze Scales","Frozen Egg 2","Busted Crown","Vajra","Omamori","Paper Frog"],"potions_floor_usage":[16,16,28,33,33],"damage_taken":[{"damage":11,"enemies":"Jaw Worm","floor":1,"turns":4},{"damage":1,"enemies":"Cultist","floor":3,"turns":3},{"damage":0,"enemies":"2 Louse","floor":7,"turns":2},{"damage":39,"enemies":"Lagavulin","floor":10,"turns":6},{"damage":28,"enemies":"Exordium Thugs","floor":11,"turns":4},{"damage":13,"enemies":"2 Fungi Beasts","floor":14,"turns":3},{"damage":39,"enemies":"Hexaghost","floor":16,"turns":6},{"damage":0,"enemies":"3 Byrds","floor":18,"turns":4},{"damage":24,"enemies":"Spheric Guardian","floor":20,"turns":5},{"damage":9,"enemies":"Snake Plant","floor":25,"turns":3},{"damage":50,"enemies":"Gremlin Leader","floor":28,"turns":5},{"damage":24,"enemies":"Snecko","floor":30,"turns":5},{"damage":28,"enemies":"Centurion and Healer","floor":31,"turns":7},{"damage":90,"enemies":"Automaton","floor":33,"turns":6}],"seed_played":"2068317999355578352","potions_obtained":[{"floor":3,"key":"Strength Potion"},{"floor":4,"key":"FairyPotion"},{"floor":4,"key":"EssenceOfSteel"},{"floor":16,"key":"LiquidBronze"},{"floor":20,"key":"AttackPotion"},{"floor":28,"key":"Weak Potion"}],"is_trial":false,"path_per_floor":["M","?","M","?","$","R","M","R","T","E","M","?","R","M","R","B",null,"M","$","M","$","?","R","$","M","T","R","E","R","M","M","R","B"],"character_chosen":"IRONCLAD","items_purchased":["Vajra"],"campfire_rested":3,"item_purchase_floors":[21],"current_hp_per_floor":[54,54,62,62,62,62,71,71,71,41,22,22,22,18,42,12,80,80,80,65,65,65,65,65,65,65,65,24,48,33,14,38,0],"gold":196,"neow_bonus":"ONE_RARE_RELIC","is_prod":false,"is_daily":false,"chose_seed":false,"campfire_upgraded":5,"win_rate":0,"timestamp":1549217739,"path_taken":["M","?","?","?","$","R","M","R","T","E","?","?","R","M","R","BOSS","M","$","M","$","?","R","$","M","T","R","E","R","M","?","R","BOSS"],"build_version":"2019-01-23","purchased_purges":2,"victory":false,"max_hp_per_floor":[80,80,80,80,80,80,80,80,80,80,80,80,80,80,80,80,80,80,80,80,80,80,80,80,80,80,80,80,80,80,80,80,80],"card_choices":[{"not_picked":["Heavy Blade","Rupture"],"picked":"Rampage","floor":1},{"not_picked":["Havoc","Feel No Pain"],"picked":"Cleave","floor":3},{"not_picked":["Cleave","Searing Blow"],"picked":"Berserk","floor":7},{"not_picked":["Intimidate","Dual Wield"],"picked":"Berserk","floor":10},{"not_picked":["Heavy Blade","Warcry"],"picked":"Twin Strike","floor":11},{"not_picked":["Cleave","Fire Breathing+1","Searing Blow"],"picked":"SKIP","floor":14},{"not_picked":["Dark Embrace+1","Double Tap"],"picked":"Impervious","floor":16},{"not_picked":["Anger"],"picked":"SKIP","floor":18},{"not_picked":[],"picked":"Flame Barrier","floor":20},{"not_picked":["Bloodletting"],"picked":"SKIP","floor":25},{"not_picked":["Pommel Strike"],"picked":"SKIP","floor":28},{"not_picked":["Hemokinesis"],"picked":"SKIP","floor":30},{"not_picked":["Corruption+1"],"picked":"SKIP","floor":31}],"player_experience":192775,"relics_obtained":[{"floor":9,"key":"Bronze Scales"},{"floor":10,"key":"Frozen Egg 2"},{"floor":26,"key":"Omamori"},{"floor":28,"key":"Paper Frog"}],"event_choices":[{"cards_removed":["Strike_R"],"damage_healed":0,"gold_gain":0,"player_choice":"Offered Basic","damage_taken":0,"max_hp_gain":0,"max_hp_loss":0,"event_name":"Bonfire Elementals","floor":2,"gold_loss":0},{"damage_healed":0,"gold_gain":0,"player_choice":"Got Potions","damage_taken":0,"max_hp_gain":0,"max_hp_loss":0,"event_name":"Lab","floor":4,"gold_loss":0},{"cards_removed":["Strike_R"],"damage_healed":0,"gold_gain":0,"player_choice":"Card Removal","damage_taken":0,"max_hp_gain":0,"max_hp_loss":0,"event_name":"The Cleric","floor":12,"gold_loss":50},{"damage_healed":0,"gold_gain":100,"player_choice":"Pray","damage_taken":0,"max_hp_gain":0,"max_hp_loss":0,"event_name":"Golden Shrine","floor":22,"gold_loss":0}],"is_beta":false,"boss_relics":[{"not_picked":["Fusion Hammer","Orrery"],"picked":"Busted Crown"}],"items_purged_floors":[5,19],"is_endless":false,"potions_floor_spawned":[3,7,16,20,28,30],"killed_by":"Automaton","ascension_level":0}