{"gold_per_floor":[110,122,74,86,49,49,60,24,24,38,38,38,38,53,53,156,206,222,222,1922,1942,521,521,534,554,554,97,111,127,127,139,139,238,238,252,293,293,308,408,408,408,408,408,378,378,378,378,394,394,394],"floor_reached":50,"playtime":3094,"items_purged":["Purity"],"score":482,"play_id":"bc368544-8b3e-4295-8868-69c6c537abcc","local_time":"20190209063558","is_ascension_mode":false,"campfire_choices":[{"data":"Quick Slash","floor":6,"key":"SMITH"},{"data":"Crippling Poison","floor":11,"key":"SMITH"},{"data":"Survivor","floor":13,"key":"SMITH"},{"data":"Adrenaline","floor":15,"key":"SMITH"},{"data":"Infinite Blades","floor":23,"key":"SMITH"},{"data":"Apotheosis","floor":30,"key":"SMITH"},{"floor":32,"key":"REST"},{"data":"Blade Dance","floor":40,"key":"SMITH"},{"floor":42,"key":"REST"},{"data":"Crippling Poison","floor":45,"key":"SMITH"},{"data":"Metamorphosis","floor":47,"key":"SMITH"},{"data":"Master of Strategy","floor":49,"key":"SMITH"}],"neow_cost":"TEN_PERCENT_HP_LOSS","seed_source_timestamp":22513753627900,"circlet_count":0,"master_deck":["Defend_G","Defend_G","Defend_G","Defend_G","Defend_G","Strike_G","Strike_G","Strike_G","Strike_G","Strike_G","Survivor+1","Neutralize","Deep Breath","Backflip+1","Quick Slash+1","Backstab","Footwork","Dash","Calculated Gamble","Crippling Poison+1","Adrenaline+1","Phantasmal Killer","Skewer","Underhanded Strike+1","Good Instincts","Deadly Poison","Infinite Blades+1","Blade Dance+1","Slice","Dagger Throw","Apotheosis+1","Bane","Master of Strategy+1","Dramatic Entrance","Caltrops","PiercingWail","Expertise","Unload","Backstab","Outmaneuver","Dagger Spray","Acrobatics","Good Instincts","Chrysalis","Well Laid Plans","Sucker Punch","Poisoned Stab","PiercingWail","Backflip+1","Heel Hook+1","Slice+1","Die Die Die","Bane+1","Bane","Blur+1","Magnetism","Forethought","Backflip","Dagger Spray","Crippling Poison+1","Metamorphosis+1","Jack Of All Trades","The Bomb","Infinite Blades+1"],"relics":["Ring of the Snake","FossilizedHelix","Tiny House","Gremlin Horn","Juzu Bracelet","Sling","Letter Opener","Pear","Medical Kit","Paper Crane","Omamori","Regal Pillow","TwistedFunnel","Busted Crown","Centennial Puzzle","Shuriken","StoneCalendar","Bag of Preparation"],"potions_floor_usage":[16,21,24,25,25,29,33,33,33,33,35,48,50,50],"damage_taken":[{"damage":0,"enemies":"2 Louse","floor":1,"turns":4},{"damage":0,"enemies":"Jaw Worm","floor":2,"turns":5},{"damage":1,"enemies":"Cultist","floor":4,"turns":4},{"damage":0,"enemies":"Looter","floor":7,"turns":4},{"damage":0,"enemies":"2 Fungi Beasts","floor":10,"turns":3},{"damage":0,"enemies":"Lots of Slimes","floor":14,"turns":2},{"damage":29,"enemies":"The Guardian","floor":16,"turns":24},{"damage":0,"enemies":"Chosen","floor":18,"turns":6},{"damage":7,"enemies":"Spheric Guardian","floor":21,"turns":8},{"damage":7,"enemies":"Snake Plant","floor":24,"turns":4},{"damage":10,"enemies":"Shelled Parasite and Fungi","floor":25,"turns":5},{"damage":0,"enemies":"Centurion and Healer","floor":28,"turns":4},{"damage":4,"enemies":"Sentry and Sphere","floor":29,"turns":7},{"damage":0,"enemies":"Snecko","floor":31,"turns":4},{"damage":3,"enemies":"Automaton","floor":33,"turns":10},{"damage":12,"enemies":"3 Darklings","floor":35,"turns":5},{"damage":13,"enemies":"3 Shapes","floor":38,"turns":2},{"damage":0,"enemies":"Mind Bloom Boss Battle","floor":39,"turns":4},{"damage":0,"enemies":"Maw","floor":48,"turns":6},{"damage":103,"enemies":"Time Eater","floor":50,"turns":10}],"seed_played":"5322183590985278126","potions_obtained":[{"floor":2,"key":"Ancient Potion"},{"floor":10,"key":"GhostInAJar"},{"floor":16,"key":"Dexterity Potion"},{"floor":17,"key":"SpeedPotion"},{"floor":21,"key":"Explosive Potion"},{"floor":24,"key":"Explosive Potion"},{"floor":25,"key":"Block Potion"},{"floor":35,"key":"EssenceOfSteel"},{"floor":44,"key":"Energy Potion"},{"floor":44,"key":"Regen Potion"}],"is_trial":false,"path_per_floor":["M","M","?","M","$","R","M","$","T","M","R","$","R","M","R","B",null,"M","?","$","M","$","R","M","M","T","$","M","M","R","M","R","B",null,"M","$","?","M","?","R","?","R","T","?","R","?","R","M","R","B"],"character_chosen":"THE_SILENT","items_purchased":["Footwork","Calculated Gamble","Good Instincts","Deadly Poison","Infinite Blades","Blade Dance","Slice","Dagger Throw","Apotheosis","Gremlin Horn","Juzu Bracelet","Sling","GhostInAJar","Letter Opener","Pear","Medical Kit","Master of Strategy","Dramatic Entrance","Caltrops","PiercingWail","Expertise","Unload","Backstab","Acrobatics","Good Instincts","Chrysalis","Well Laid Plans","Sucker Punch","Poisoned Stab","Omamori","Regal Pillow","TwistedFunnel","EntropicBrew","PiercingWail","Bane","Blur","Magnetism","Forethought","Centennial Puzzle","Shuriken","Backflip"],"campfire_rested":2,"item_purchase_floors":[5,8,20,20,20,20,20,20,20,20,20,20,20,22,22,22,22,22,22,22,22,22,22,27,27,27,27,27,27,27,27,27,27,27,36,36,36,36,36,36,36],"current_hp_per_floor":[63,63,63,62,62,62,62,62,62,62,62,62,62,62,62,33,68,68,52,52,45,55,55,48,38,38,38,38,34,34,34,72,69,78,66,66,66,53,53,53,43,78,78,78,78,78,78,78,78,0],"gold":394,"neow_bonus":"RANDOM_COLORLESS_2","is_prod":false,"is_daily":false,"chose_seed":false,"campfire_upgraded":10,"win_rate":0.0,"timestamp":1549665358,"path_taken":["M","M","?","M","$","R","M","$","T","M","R","$","R","M","R","BOSS","M","?","$","M","$","R","M","M","T","$","M","M","R","M","R","BOSS","M","$","?","M","?","R","?","R","T","?","R","?","R","M","R","BOSS"],"build_version":"2019-01-23","purchased_purges":1,"victory":false,"max_hp_per_floor":[63,63,63,63,63,63,63,63,63,63,63,63,63,63,63,63,68,68,68,68,68,78,78,78,78,78,78,78,78,78,78,78,78,78,78,78,78,78,78,78,78,78,78,78,78,78,78,78,78,78],"card_choices":[{"not_picked":["Poisoned Stab","PiercingWail"],"picked":"Backflip","floor":1},{"not_picked":["Poisoned Stab","PiercingWail"],"picked":"Quick Slash","floor":2},{"not_picked":["Quick Slash","Masterful Stab"],"picked":"Backstab","floor":4},{"not_picked":["Slice","Underhanded Strike"],"picked":"Dash","floor":7},{"not_picked":["Finisher","All Out Attack"],"picked":"Crippling Poison","floor":10},{"not_picked":["Underhanded Strike","Sucker Punch"],"picked":"Adrenaline","floor":14},{"not_picked":["Adrenaline","Bullet Time"],"picked":"Phantasmal Killer","floor":16},{"not_picked":["Dash","Escape Plan"],"picked":"Skewer","floor":17},{"not_picked":["Calculated Gamble","Prepared"],"picked":"Underhanded Strike+1","floor":18},{"not_picked":["PiercingWail","Dash"],"picked":"Bane","floor":21},{"not_picked":["Backstab","Poisoned Stab"],"picked":"Outmaneuver","floor":24},{"not_picked":["Acrobatics","Unload"],"picked":"Dagger Spray","floor":25},{"not_picked":["Terror+1","Backstab"],"picked":"Backflip+1","floor":28},{"not_picked":["All Out Attack","Underhanded Strike"],"picked":"Heel Hook+1","floor":29},{"not_picked":["Sucker Punch+1","PiercingWail+1"],"picked":"Slice+1","floor":31},{"not_picked":["Tools of the Trade","Venomology"],"picked":"Die Die Die","floor":33},{"not_picked":[],"picked":"Bane+1","floor":35},{"not_picked":[],"picked":"Dagger Spray","floor":38},{"not_picked":[],"picked":"Crippling Poison","floor":39},{"not_picked":[],"picked":"Metamorphosis","floor":41},{"not_picked":[],"picked":"Jack Of All Trades","floor":41},{"not_picked":[],"picked":"The Bomb","floor":41},{"not_picked":[],"picked":"Infinite Blades+1","floor":48}],"player_experience":15162,"relics_obtained":[{"floor":9,"key":"FossilizedHelix"},{"floor":26,"key":"Paper Crane"},{"floor":39,"key":"StoneCalendar"},{"floor":43,"key":"Bag of Preparation"}],"event_choices":[{"damage_healed":0,"gold_gain":0,"player_choice":"Left Gold","damage_taken":0,"max_hp_gain":0,"max_hp_loss":0,"event_name":"World of Goop","floor":3,"gold_loss":48},{"damage_healed":0,"gold_gain":0,"player_choice":"Obtained Book","damage_taken":16,"max_hp_gain":0,"max_hp_loss":0,"event_name":"Cursed Tome","floor":19,"gold_loss":0},{"damage_healed":0,"gold_gain":0,"player_choice":"Upgraded","damage_taken":0,"max_hp_gain":0,"max_hp_loss":0,"event_name":"Upgrade Shrine","floor":37,"gold_loss":0,"cards_upgraded":["Blur"]},{"damage_healed":0,"gold_gain":0,"player_choice":"Fight","damage_taken":0,"max_hp_gain":0,"max_hp_loss":0,"event_name":"MindBloom","floor":39,"gold_loss":0},{"damage_healed":0,"gold_gain":0,"player_choice":"Memory 3","damage_taken":10,"max_hp_gain":0,"max_hp_loss":0,"event_name":"SensoryStone","floor":41,"gold_loss":0},{"damage_healed":0,"gold_gain":0,"player_choice":"Bought 2 Potions","damage_taken":0,"max_hp_gain":0,"max_hp_loss":0,"event_name":"The Woman in Blue","floor":44,"gold_loss":0},{"damage_healed":0,"gold_gain":0,"player_choice":"Got Potions","damage_taken":0,"max_hp_gain":0,"max_hp_loss":0,"event_name":"Lab","floor":46,"gold_loss":0}],"is_beta":false,"boss_relics":[{"not_picked":["Calling Bell","Black Star"],"picked":"Tiny House"},{"not_picked":["HoveringKite","Runic Dome"],"picked":"Busted Crown"}],"items_purged_floors":[22],"is_endless":false,"potions_floor_spawned":[2,10,16,21,24,25,35],"killed_by":"Time Eater","ascension_level":0}