{"gold_per_floor":[117,133,133,27,46,46,73,85,134,134,189,154,154,154,154,255,255,273,473,207,222,28,28],"floor_reached":23,"playtime":1147,"items_purged":["Strike_B"],"score":196,"play_id":"afe76ded-bfbe-4b7c-8223-4da510bbd4a7","local_time":"20181215010913","is_ascension_mode":true,"campfire_choices":[{"data":"Zap","floor":6,"key":"SMITH"},{"floor":10,"key":"REST"},{"floor":13,"key":"REST"},{"floor":15,"key":"REST"}],"neow_cost":"TEN_PERCENT_HP_LOSS","seed_source_timestamp":43727798282976,"circlet_count":0,"master_deck":["Strike_B","Strike_B","Strike_B","Defend_B","Defend_B","Defend_B","Defend_B","Zap+1","Dualcast","Dark Shackles","Purity","Chaos","Auto Shields","Zap","Sunder","Streamline","Loop","Steam","BootSequence","Beam Cell","Machine Learning","Gash+1","Apotheosis"],"relics":["Cracked Core","Bottled Flame","Boot","Vajra","Sozu","Strange Spoon"],"potions_floor_usage":[],"damage_taken":[{"damage":3,"enemies":"Small Slimes","floor":1,"turns":3},{"damage":1,"enemies":"Cultist","floor":2,"turns":3},{"damage":2,"enemies":"2 Louse","floor":5,"turns":2},{"damage":23,"enemies":"Lagavulin","floor":7,"turns":6},{"damage":11,"enemies":"2 Fungi Beasts","floor":8,"turns":3},{"damage":37,"enemies":"Lagavulin Event","floor":11,"turns":6},{"damage":61,"enemies":"Hexaghost","floor":16,"turns":10},{"damage":18,"enemies":"3 Byrds","floor":18,"turns":4},{"damage":2,"enemies":"Shell Parasite","floor":21,"turns":5},{"damage":53,"enemies":"Gremlin Leader","floor":23,"turns":5}],"seed_played":"-7138834431123713213","potions_obtained":[{"floor":2,"key":"SteroidPotion"},{"floor":8,"key":"Block Potion"},{"floor":16,"key":"Dexterity Potion"}],"is_trial":false,"path_per_floor":["M","M","?","$","M","R","E","M","T","R","?","?","R","?","R","B",null,"M","?","$","M","$","E"],"character_chosen":"DEFECT","items_purchased":["Streamline","Loop","Apotheosis","Strange Spoon"],"campfire_rested":3,"item_purchase_floors":[4,4,20,22],"current_hp_per_floor":[65,64,64,64,62,62,39,28,28,48,11,28,48,48,68,7,68,50,50,50,48,48,0],"gold":28,"neow_bonus":"RANDOM_COLORLESS_2","is_prod":false,"is_daily":false,"chose_seed":false,"campfire_upgraded":1,"win_rate":0,"timestamp":1544807353,"path_taken":["M","M","?","$","?","R","E","M","T","R","?","?","R","?","R","BOSS","M","?","?","M","$","E"],"build_version":"2018-12-13","purchased_purges":1,"victory":false,"max_hp_per_floor":[68,68,68,68,68,68,68,68,68,68,68,68,68,68,68,68,68,68,68,68,68,68,68],"card_choices":[{"not_picked":["Hello World","Rebound"],"picked":"Chaos","floor":1},{"not_picked":["Compile Driver","Redo"],"picked":"Auto Shields","floor":2},{"not_picked":["Steam","Genetic Algorithm","Core Surge"],"picked":"SKIP","floor":5},{"not_picked":["Double Energy","Turbo"],"picked":"Steam","floor":7},{"not_picked":["Hologram","Coolheaded"],"picked":"BootSequence","floor":8},{"not_picked":["Loop","Genetic Algorithm"],"picked":"Beam Cell","floor":11},{"not_picked":["Thunder Strike","Reboot"],"picked":"Machine Learning","floor":16},{"not_picked":["Consume","Stack+1"],"picked":"Gash+1","floor":18},{"not_picked":["Aggregate","Genetic Algorithm+1","Redo"],"picked":"SKIP","floor":21}],"player_experience":56678,"relics_obtained":[{"floor":7,"key":"Bottled Flame"},{"floor":9,"key":"Boot"},{"floor":11,"key":"Vajra"}],"event_choices":[{"damage_healed":0,"gold_gain":0,"player_choice":"2 cards matched","damage_taken":0,"max_hp_gain":0,"max_hp_loss":0,"event_name":"Match and Keep!","floor":3,"gold_loss":0,"cards_obtained":["Zap","Sunder"]},{"damage_healed":0,"gold_gain":0,"player_choice":"Searched \u00271\u0027 times","damage_taken":0,"max_hp_gain":0,"max_hp_loss":0,"event_name":"Dead Adventurer","floor":11,"gold_loss":0},{"damage_healed":17,"gold_gain":0,"player_choice":"Healed","damage_taken":0,"max_hp_gain":0,"max_hp_loss":0,"event_name":"The Cleric","floor":12,"gold_loss":35},{"damage_healed":0,"gold_gain":0,"player_choice":"Ignored","damage_taken":0,"max_hp_gain":0,"max_hp_loss":0,"event_name":"Liars Game","floor":14,"gold_loss":0},{"damage_healed":0,"gold_gain":200,"player_choice":"Gold","damage_taken":0,"max_hp_gain":0,"max_hp_loss":0,"event_name":"Wheel of Change","floor":19,"gold_loss":0}],"is_beta":false,"boss_relics":[{"not_picked":["Fusion Hammer","Eternal Feather"],"picked":"Sozu"}],"items_purged_floors":[20],"is_endless":false,"potions_floor_spawned":[2,8,16,21],"killed_by":"Gremlin Leader","ascension_level":1}