{"gold_per_floor":[112,112,132,152,152,152,166,186,265,290,302,302,318,332,332,436,436,448,462,134,146,158,158,158],"floor_reached":24,"playtime":785,"items_purged":[],"score":204,"play_id":"24f4facb-886d-425b-8861-f03bacbc66ff","local_time":"20181221221906","is_ascension_mode":false,"campfire_choices":[{"data":"Dualcast","floor":6,"key":"SMITH"},{"data":"Chaos","floor":12,"key":"SMITH"},{"data":"Zap","floor":15,"key":"SMITH"},{"floor":23,"key":"REST"}],"neow_cost":"NONE","seed_source_timestamp":1984274653932921,"circlet_count":0,"master_deck":["Strike_B","Strike_B","Strike_B","Strike_B","Defend_B","Defend_B","Defend_B","Defend_B","Zap+1","Dualcast+1","Chaos+1","Ball Lightning","Undo","Ball Lightning","BootSequence","Glacier","Echo Form","Blizzard+1","Capacitor","Defragment","Undo"],"relics":["Cracked Core","Blue Candle","Turnip","Lizard Tail","Molten Egg 2"],"potions_floor_usage":[],"damage_taken":[{"damage":1,"enemies":"Cultist","floor":1,"turns":3},{"damage":0,"enemies":"2 Louse","floor":3,"turns":2},{"damage":2,"enemies":"Small Slimes","floor":4,"turns":4},{"damage":3,"enemies":"Red Slaver","floor":7,"turns":3},{"damage":3,"enemies":"2 Fungi Beasts","floor":8,"turns":4},{"damage":14,"enemies":"Gremlin Nob","floor":10,"turns":3},{"damage":0,"enemies":"Blue Slaver","floor":11,"turns":3},{"damage":0,"enemies":"3 Louse","floor":13,"turns":3},{"damage":0,"enemies":"Exordium Wildlife","floor":14,"turns":4},{"damage":24,"enemies":"The Guardian","floor":16,"turns":11},{"damage":0,"enemies":"Shell Parasite","floor":18,"turns":8},{"damage":16,"enemies":"3 Byrds","floor":19,"turns":6},{"damage":19,"enemies":"Snecko","floor":21,"turns":8},{"damage":14,"enemies":"Centurion and Healer","floor":22,"turns":6},{"damage":0,"enemies":"Chosen and Byrds","floor":24,"turns":1}],"seed_played":"-7193491583982657381","potions_obtained":[{"floor":0,"key":"Energy Potion"},{"floor":0,"key":"PowerPotion"},{"floor":0,"key":"Ancient Potion"},{"floor":10,"key":"FocusPotion"}],"is_trial":false,"path_per_floor":["M","$","M","M","$","R","M","M","T","E","M","R","M","M","R","B",null,"M","M","$","M","M","R","M"],"character_chosen":"DEFECT","items_purchased":["Defragment","Molten Egg 2"],"campfire_rested":1,"item_purchase_floors":[20,20],"current_hp_per_floor":[74,74,74,72,72,72,69,66,66,52,52,52,52,52,52,28,75,75,59,59,40,26,48,48],"gold":158,"neow_bonus":"THREE_SMALL_POTIONS","is_prod":false,"is_daily":false,"chose_seed":false,"campfire_upgraded":3,"win_rate":0,"timestamp":1545430746,"path_taken":["M","$","M","M","$","R","M","M","T","E","?","R","M","M","R","BOSS","M","M","$","M","M","R","M"],"build_version":"2018-12-20","purchased_purges":0,"victory":false,"max_hp_per_floor":[75,75,75,75,75,75,75,75,75,75,75,75,75,75,75,75,75,75,75,75,75,75,75,75],"card_choices":[{"not_picked":["Rebound","Redo","Streamline"],"picked":"SKIP","floor":1},{"not_picked":["Leap","Cold Snap"],"picked":"Chaos","floor":3},{"not_picked":["Leap","Capacitor"],"picked":"Ball Lightning","floor":4},{"not_picked":["White Noise","Steam"],"picked":"Undo","floor":7},{"not_picked":["Sunder","Double Energy"],"picked":"Ball Lightning","floor":8},{"not_picked":["Cold Snap","Hologram","Reinforced Body"],"picked":"SKIP","floor":10},{"not_picked":["Rip and Tear","Coolheaded","Skim"],"picked":"SKIP","floor":11},{"not_picked":["Rip and Tear","Consume"],"picked":"BootSequence","floor":13},{"not_picked":["Turbo","Recycle"],"picked":"Glacier","floor":14},{"not_picked":["Creative AI","Fission"],"picked":"Echo Form","floor":16},{"not_picked":["Force Field+1","Beam Cell"],"picked":"Blizzard+1","floor":18},{"not_picked":["Reprogram","Gash+1"],"picked":"Capacitor","floor":19},{"not_picked":["Skim+1","Static Discharge","Sweeping Beam+1"],"picked":"SKIP","floor":21},{"not_picked":["Cold Snap+1","Genetic Algorithm+1"],"picked":"Undo","floor":22}],"player_experience":901102,"relics_obtained":[{"floor":9,"key":"Blue Candle"},{"floor":10,"key":"Turnip"}],"event_choices":[],"is_beta":false,"boss_relics":[{"not_picked":["Coffee Dripper","Runic Dome"],"picked":"Lizard Tail"}],"items_purged_floors":[],"is_endless":false,"potions_floor_spawned":[1,8,10,13,16,18,22],"killed_by":"Chosen and Byrds","ascension_level":0}