{"gold_per_floor":[213,223,234,234,184,184,195,195,269,269,30,57,76,93,93,191,191,201,212,137,80,100,100,118,129,153,169,169,169,194,204,204,306,306,323,338,352,147,147,147,158,558,558,572,591,591,610,635,635,635],"floor_reached":51,"playtime":2065,"items_purged":["Strike_B"],"score":780,"play_id":"c66f0548-1de1-4db2-80c0-1eea66cef61b","local_time":"20181216013501","is_ascension_mode":false,"campfire_choices":[{"data":"Dualcast","floor":6.0,"key":"SMITH"},{"data":"Zap","floor":8.0,"key":"SMITH"},{"data":"Conserve Battery","floor":10.0,"key":"SMITH"},{"data":"Apotheosis","floor":15.0,"key":"SMITH"},{"data":"Defragment","floor":23.0,"key":"SMITH"},{"data":"Defragment","floor":28.0,"key":"SMITH"},{"floor":32.0,"key":"REST"},{"data":"Buffer","floor":40.0,"key":"SMITH"},{"floor":46.0,"key":"REST"},{"data":"Defragment","floor":49,"key":"SMITH"}],"neow_cost":"NONE","seed_source_timestamp":1476213376955960,"circlet_count":0,"master_deck":["Strike_B","Strike_B","Strike_B","Defend_B","Defend_B","Defend_B","Zap+1","Dualcast+1","Glacier","Conserve Battery+1","Apotheosis+1","Ball Lightning","Defragment+1","Ball Lightning","Defragment+1","Glacier","Electrodynamics","Capacitor","Chill","Blizzard","Defragment+1","Buffer+1","Coolheaded+1","Defragment+1","Fusion","Defragment"],"special_seed":0,"relics":["Cracked Core","Question Card","Juzu Bracelet","Orrery","Bronze Scales","Orichalcum","Potion Belt","DollysMirror","Old Coin","Thread and Needle","Frozen Egg 2"],"potions_floor_usage":[50,50,50,50,50],"damage_taken":[{"damage":10.0,"enemies":"Small Slimes","floor":1.0,"turns":4.0},{"damage":0.0,"enemies":"Cultist","floor":2.0,"turns":4.0},{"damage":0.0,"enemies":"2 Louse","floor":3.0,"turns":2.0},{"damage":7.0,"enemies":"Exordium Wildlife","floor":7.0,"turns":7.0},{"damage":4.0,"enemies":"3 Sentries","floor":12.0,"turns":6.0},{"damage":8.0,"enemies":"Large Slime","floor":13.0,"turns":4.0},{"damage":7.0,"enemies":"Blue Slaver","floor":14.0,"turns":3.0},{"damage":6.0,"enemies":"Hexaghost","floor":16.0,"turns":9.0},{"damage":0.0,"enemies":"3 Byrds","floor":18.0,"turns":5.0},{"damage":3.0,"enemies":"Spheric Guardian","floor":19.0,"turns":4.0},{"damage":8.0,"enemies":"Cultist and Chosen","floor":22.0,"turns":5.0},{"damage":0.0,"enemies":"Sentry and Sphere","floor":24.0,"turns":6.0},{"damage":11.0,"enemies":"Centurion and Healer","floor":25.0,"turns":5.0},{"damage":4.0,"enemies":"Snake Plant","floor":27.0,"turns":3.0},{"damage":17.0,"enemies":"Gremlin Leader","floor":30.0,"turns":5.0},{"damage":4.0,"enemies":"3 Cultists","floor":31.0,"turns":4.0},{"damage":7.0,"enemies":"Champ","floor":33.0,"turns":12.0},{"damage":0.0,"enemies":"3 Shapes","floor":35.0,"turns":5.0},{"damage":0.0,"enemies":"3 Darklings","floor":36.0,"turns":5.0},{"damage":0.0,"enemies":"Sphere and 2 Shapes","floor":37.0,"turns":4.0},{"damage":15.0,"enemies":"Writhing Mass","floor":41.0,"turns":7.0},{"damage":0.0,"enemies":"Mind Bloom Boss Battle","floor":42.0,"turns":6.0},{"damage":6.0,"enemies":"Spire Growth","floor":44.0,"turns":7.0},{"damage":0.0,"enemies":"Maw","floor":45.0,"turns":7.0},{"damage":0,"enemies":"Writhing Mass","floor":47,"turns":7},{"damage":0,"enemies":"Reptomancer","floor":48,"turns":7},{"damage":10,"enemies":"Awakened One","floor":50,"turns":13}],"seed_played":"7808419880375628689","potions_obtained":[{"floor":1.0,"key":"Weak Potion"},{"floor":7.0,"key":"FocusPotion"},{"floor":14.0,"key":"EssenceOfSteel"},{"floor":16.0,"key":"PowerPotion"},{"floor":31.0,"key":"AttackPotion"},{"floor":33.0,"key":"FearPotion"},{"floor":35.0,"key":"Strength Potion"},{"floor":42.0,"key":"PowerPotion"}],"is_trial":false,"path_per_floor":["M","M","M","$","?","R","M","R","T","R","$","E","M","M","R","B",null,"M","M","$","?","M","R","M","M","T","M","R","?","E","M","R","B",null,"M","M","M","$","?","R","M","?","T","M","M","R","M","E","R","B",null],"character_chosen":"DEFECT","items_purchased":["Apotheosis","Ball Lightning","DollysMirror"],"campfire_rested":2,"item_purchase_floors":[11,11,38],"current_hp_per_floor":[65,65,65,65,65,65,58,58,58,58,58,54,46,39,39,33,75,75,72,72,72,64,64,64,53,53,49,49,35,18,14,38,31,80,80,80,80,80,80,80,65,65,65,59,59,80,80,80,80,70],"gold":635,"neow_bonus":"HUNDRED_GOLD","is_prod":false,"is_daily":false,"chose_seed":false,"campfire_upgraded":8,"win_rate":0,"timestamp":1544924101,"path_taken":["M","M","M","$","?","R","M","R","T","R","$","E","M","M","R","BOSS","M","M","$","?","M","R","M","M","T","M","R","?","E","M","R","BOSS","M","M","M","$","?","R","M","?","T","M","M","R","M","E","R","BOSS"],"build_version":"2018-12-13","purchased_purges":1,"victory":true,"max_hp_per_floor":[75,75,75,75,75,75,75,75,75,75,75,75,75,75,75,75,75,75,75,75,75,75,75,75,75,75,75,75,80,80,80,80,80,80,80,80,80,80,80,80,80,80,80,80,80,80,80,80,80,80],"card_choices":[{"not_picked":["Leap","Cold Snap"],"picked":"Glacier","floor":1.0},{"not_picked":["Tempest","Turbo"],"picked":"Conserve Battery","floor":2.0},{"not_picked":["Sweeping Beam","Barrage","Lockon"],"picked":"SKIP","floor":3.0},{"not_picked":["Reboot","Genetic Algorithm","Beam Cell"],"picked":"SKIP","floor":7.0},{"not_picked":["Storm","Turbo","Gash","Darkness"],"picked":"SKIP","floor":12.0},{"not_picked":["Redo","Barrage","Cold Snap"],"picked":"Defragment","floor":13.0},{"not_picked":["Gash","Conserve Battery","Genetic Algorithm"],"picked":"Ball Lightning","floor":14.0},{"not_picked":["Sweeping Beam","Leap","Skim"],"picked":"Defragment","floor":17.0},{"not_picked":["Turbo","Darkness","Conserve Battery"],"picked":"Glacier","floor":17.0},{"not_picked":["Heatsinks","Darkness","Conserve Battery","Tempest"],"picked":"SKIP","floor":18.0},{"not_picked":["Skim","Beam Cell","Sweeping Beam"],"picked":"Electrodynamics","floor":19.0},{"not_picked":["Gash+1","Streamline+1","Leap"],"picked":"Capacitor","floor":22.0},{"not_picked":["Lockon","Skim","Reprogram","Ball Lightning"],"picked":"SKIP","floor":24.0},{"not_picked":["Doom and Gloom+1","Steam+1","Streamline"],"picked":"Chill","floor":25.0},{"not_picked":["Meteor Strike","Barrage","Streamline"],"picked":"Blizzard","floor":27.0},{"not_picked":["Compile Driver","Turbo","Redo","Consume"],"picked":"SKIP","floor":30.0},{"not_picked":["Compile Driver+1","Doom and Gloom","Reprogram"],"picked":"Defragment","floor":31.0},{"not_picked":["Hyperbeam","Seek","All For One"],"picked":"Buffer","floor":33.0},{"not_picked":["Compile Driver+1","Beam Cell","Hologram+1","Reinforced Body+1"],"picked":"SKIP","floor":35.0},{"not_picked":["Scrape+1","Leap","Creative AI"],"picked":"Coolheaded+1","floor":36.0},{"not_picked":["Turbo+1","Streamline","Doom and Gloom","Coolheaded"],"picked":"SKIP","floor":37.0},{"not_picked":["Compile Driver","Scrape+1","Conserve Battery","Barrage"],"picked":"SKIP","floor":41.0},{"not_picked":["Beam Cell","Recycle","Sweeping Beam"],"picked":"Fusion","floor":42.0},{"not_picked":["Ball Lightning","Coolheaded+1","Reinforced Body"],"picked":"Defragment","floor":44.0},{"not_picked":["Streamline","Coolheaded","Compile Driver+1","Glacier"],"picked":"SKIP","floor":45.0},{"not_picked":["Loop","Glacier+1","Electrodynamics","Conserve Battery+1"],"picked":"SKIP","floor":47},{"not_picked":["Steam Power","Conserve Battery","Go for the Eyes","Sweeping Beam+1"],"picked":"SKIP","floor":48}],"player_experience":885530,"relics_obtained":[{"floor":9.0,"key":"Question Card"},{"floor":12.0,"key":"Juzu Bracelet"},{"floor":26.0,"key":"Orichalcum"},{"floor":30.0,"key":"Potion Belt"},{"floor":42.0,"key":"Old Coin"},{"floor":43.0,"key":"Thread and Needle"},{"floor":48,"key":"Frozen Egg 2"}],"event_choices":[{"cards_removed":["Defend_B"],"damage_healed":0.0,"max_hp_gain":0.0,"max_hp_loss":0.0,"gold_gain":0.0,"event_name":"The Cleric","player_choice":"Card Removal","floor":5.0,"gold_loss":50.0,"damage_taken":0.0},{"damage_healed":0.0,"max_hp_gain":0.0,"max_hp_loss":0.0,"gold_gain":0.0,"event_name":"WeMeetAgain","player_choice":"Paid Gold","floor":21.0,"gold_loss":57.0,"damage_taken":0.0,"relics_obtained":["Bronze Scales"]},{"damage_healed":0.0,"max_hp_gain":5.0,"max_hp_loss":0.0,"gold_gain":0.0,"event_name":"Forgotten Altar","player_choice":"Shed Blood","floor":29.0,"gold_loss":0.0,"damage_taken":19.0},{"damage_healed":0.0,"max_hp_gain":0.0,"max_hp_loss":0.0,"gold_gain":0.0,"event_name":"Tomb of Lord Red Mask","player_choice":"Ignored","floor":39.0,"gold_loss":0.0,"damage_taken":0.0},{"damage_healed":0.0,"max_hp_gain":0.0,"max_hp_loss":0.0,"gold_gain":0.0,"event_name":"MindBloom","player_choice":"Fight","floor":42.0,"gold_loss":0.0,"damage_taken":0.0}],"is_beta":false,"boss_relics":[{"not_picked":["White Beast Statue","Tiny House"],"picked":"Orrery"},{"not_picked":["Pandora\u0027s Box","Velvet Choker","Runic Pyramid"]}],"items_purged_floors":[20],"is_endless":false,"potions_floor_spawned":[1,7,14,16,19,25,31,33,35,41,42,45],"ascension_level":0}