{"gold_per_floor":[109,34,34,54,67,67,17,17,44,57,5,25,25,39,39,142,142,155,155],"floor_reached":19,"playtime":953,"items_purged":["Strike_B"],"score":215,"play_id":"a359fedf-5b14-4e27-99db-c14aa1fc124f","local_time":"20180721125659","is_ascension_mode":true,"campfire_choices":[{"floor":6.0,"key":"REST"},{"floor":8.0,"key":"REST"},{"floor":13.0,"key":"REST"},{"data":"Zap","floor":15.0,"key":"SMITH"}],"neow_cost":"NONE","seed_source_timestamp":10072779759554,"circlet_count":0,"master_deck":["Strike_B","Strike_B","Strike_B","Defend_B+1","Defend_B","Defend_B","Defend_B","Zap+1","Dualcast+1","Machine Learning","Gash","Turbo","Leap","Go for the Eyes","Leap","Streamline","Gash","Gash","Electrodynamics"],"special_seed":0,"relics":["Cracked Core","Orichalcum","Black Star"],"potions_floor_usage":[19],"damage_taken":[{"damage":9.0,"enemies":"2 Louse","floor":1.0,"turns":3.0},{"damage":10.0,"enemies":"Small Slimes","floor":4.0,"turns":2.0},{"damage":2.0,"enemies":"Jaw Worm","floor":5.0,"turns":3.0},{"damage":19.0,"enemies":"Lots of Slimes","floor":10.0,"turns":5.0},{"damage":4.0,"enemies":"Blue Slaver","floor":12.0,"turns":4.0},{"damage":0.0,"enemies":"2 Fungi Beasts","floor":14.0,"turns":3.0},{"damage":28.0,"enemies":"Hexaghost","floor":16.0,"turns":8.0},{"damage":6.0,"enemies":"Chosen","floor":18.0,"turns":5.0},{"damage":67,"floor":19,"turns":3}],"seed_played":"95689213422702829","potions_obtained":[{"floor":5.0,"key":"Block Potion"},{"floor":12.0,"key":"AttackPotion"},{"floor":18.0,"key":"Explosive Potion"}],"is_trial":false,"path_per_floor":["M","$","?","M","M","R","$","R","T","M","$","M","R","M","R","B",null,"M"],"character_chosen":"DEFECT","items_purchased":["Go for the Eyes","Streamline"],"campfire_rested":3,"item_purchase_floors":[7,11],"current_hp_per_floor":[59,59,44,34,32,54,54,75,75,56,56,52,74,74,74,46,68,62,0],"gold":155,"neow_bonus":"ONE_RANDOM_RARE_CARD","is_prod":false,"is_daily":false,"chose_seed":false,"campfire_upgraded":1,"win_rate":0,"timestamp":1532192219,"path_taken":["M","$","?","M","M","R","$","R","T","M","$","M","R","?","R","BOSS","M","?"],"build_version":"2018-07-19v2","purchased_purges":1,"victory":false,"max_hp_per_floor":[75,75,75,75,75,75,75,75,75,75,75,75,75,75,75,75,75,75,75],"card_choices":[{"not_picked":["Ball Lightning","Heatsinks"],"picked":"Gash","floor":1.0},{"not_picked":["Auto Shields","Fusion"],"picked":"Turbo","floor":4.0},{"not_picked":["Conserve Battery","Streamline"],"picked":"Leap","floor":5.0},{"not_picked":["Rebound","Meteor Strike"],"picked":"Leap","floor":10.0},{"not_picked":["Redo","Blizzard"],"picked":"Gash","floor":12.0},{"not_picked":["Stack","Skim"],"picked":"Gash","floor":14.0},{"not_picked":["Reboot","Biased Cognition"],"picked":"Electrodynamics","floor":16.0},{"not_picked":["Streamline","Blizzard+1","Compile Driver"],"picked":"SKIP","floor":18.0}],"player_experience":454808,"relics_obtained":[{"floor":9.0,"key":"Orichalcum"}],"event_choices":[{"event_name":"Shining Light","player_choice":"Entered Light","floor":3.0,"damage_taken":0.0},{"event_name":"Masked Bandits","player_choice":"Fought over 155 gold","floor":19,"damage_taken":0}],"is_beta":false,"boss_relics":[{"not_picked":["Inserter","Sozu"],"picked":"Black Star"}],"items_purged_floors":[2],"is_endless":false,"potions_floor_spawned":[5,12,18],"ascension_level":7}