{"gold_per_floor":[144,189,109,154,199,289,334,312,362,362,407,497,542,542,542,542],"floor_reached":16,"playtime":1282,"items_purged":[],"score":114,"play_id":"76b5141b-a5a7-4114-8c52-7aa64fb6602a","local_time":"20180704122915","daily_mods":["Allstar","Midas","Binary"],"is_ascension_mode":false,"campfire_choices":[{"floor":10,"key":"REST"},{"floor":15,"key":"REST"}],"neow_cost":"","seed_source_timestamp":0,"circlet_count":0,"master_deck":["Defend_G","Defend_G","Defend_G","Defend_G","Defend_G","Strike_G","Strike_G","Strike_G","Strike_G","Strike_G","Survivor","Neutralize","Swift Strike","Bandage Up","Jack Of All Trades","Flash of Steel","Enlightenment","Slice","Endless Agony","Footwork","Deadly Poison","Night Terror","Flechettes","Caltrops","Deflect","Backstab","Leg Sweep"],"special_seed":17716,"relics":["Ring of the Snake","Bag of Marbles","Oddly Smooth Stone","Unceasing Top"],"potions_floor_usage":[6,6,11,16],"damage_taken":[{"damage":6,"enemies":"Jaw Worm","floor":1,"turns":5},{"damage":0,"enemies":"2 Louse","floor":2,"turns":2},{"damage":6,"enemies":"Cultist","floor":4,"turns":3},{"damage":9,"enemies":"2 Fungi Beasts","floor":5,"turns":4},{"damage":39,"enemies":"Gremlin Nob","floor":6,"turns":5},{"damage":0,"enemies":"Looter","floor":7,"turns":1},{"damage":12,"enemies":"3 Louse","floor":11,"turns":4},{"damage":24,"enemies":"3 Sentries","floor":12,"turns":8},{"damage":0,"enemies":"Red Slaver","floor":13,"turns":2},{"damage":43,"enemies":"Hexaghost","floor":16,"turns":16}],"seed_played":"-71874081359169380","potions_obtained":[{"floor":2,"key":"FearPotion"},{"floor":4,"key":"AttackPotion"},{"floor":7,"key":"AttackPotion"},{"floor":12,"key":"Swift Potion"}],"is_trial":false,"path_per_floor":["M","M","$","M","M","E","M","?","T","R","M","E","M","?","R"],"character_chosen":"THE_SILENT","items_purchased":["Footwork"],"campfire_rested":2,"item_purchase_floors":[3],"current_hp_per_floor":[68,68,68,62,57,22,22,22,22,43,35,15,15,15,36,0],"gold":542,"neow_bonus":"","is_prod":false,"is_daily":true,"chose_seed":false,"campfire_upgraded":0,"win_rate":0,"timestamp":1530721755,"path_taken":["M","M","$","M","M","E","M","?","T","R","M","E","?","?","R","BOSS"],"build_version":"2018-06-28","purchased_purges":0,"victory":false,"max_hp_per_floor":[70,70,70,70,70,70,70,70,70,70,70,70,70,70,70,70],"card_choices":[{"not_picked":["Prepared"],"picked":"Slice","floor":1},{"not_picked":["Dagger Throw"],"picked":"Endless Agony","floor":2},{"not_picked":["Dodge and Roll"],"picked":"Deadly Poison","floor":4},{"not_picked":["Dash"],"picked":"Night Terror","floor":5},{"not_picked":["Heel Hook"],"picked":"Flechettes","floor":6},{"not_picked":["Acrobatics"],"picked":"Caltrops","floor":7},{"not_picked":["Expertise"],"picked":"Deflect","floor":11},{"not_picked":["Slice"],"picked":"Backstab","floor":12},{"not_picked":["Deflect"],"picked":"Leg Sweep","floor":13}],"player_experience":213539,"relics_obtained":[{"floor":6,"key":"Bag of Marbles"},{"floor":9,"key":"Oddly Smooth Stone"},{"floor":12,"key":"Unceasing Top"}],"event_choices":[{"event_name":"World of Goop","player_choice":"Left","floor":8,"damage_taken":0},{"event_name":"The Cleric","player_choice":"Leave","floor":14,"damage_taken":0}],"boss_relics":[],"items_purged_floors":[],"is_endless":false,"potions_floor_spawned":[2,4,7,12],"killed_by":"Hexaghost","ascension_level":0}