{"gold_per_floor":[113,132,82,257,257,289,289,299,351,365,365,399,412,445,445,445],"floor_reached":16,"playtime":573,"items_purged":[],"score":120,"play_id":"0a747067-8ea1-40a8-be23-6358a416d17f","local_time":"20190202231758","is_ascension_mode":false,"campfire_choices":[{"floor":7,"key":"RECALL"},{"data":"Bash","floor":11,"key":"SMITH"},{"floor":15,"key":"REST"}],"neow_cost":"NONE","seed_source_timestamp":108196561344764,"circlet_count":0,"master_deck":["Strike_R","Strike_R","Strike_R+1","Strike_R","Defend_R+1","Defend_R","Defend_R","Defend_R","Bash+1","Flame Barrier+1","Doubt","Twin Strike","Fire Breathing","Cleave","Sentinel","Heavy Blade","Metallicize"],"relics":["Burning Blood","Whetstone","War Paint","Ancient Tea Set","Meat on the Bone","Pen Nib"],"potions_floor_usage":[14,14,14],"damage_taken":[{"damage":1,"enemies":"Cultist","floor":1,"turns":3},{"damage":6,"enemies":"Jaw Worm","floor":2,"turns":3},{"damage":33,"enemies":"Gremlin Nob","floor":6,"turns":6},{"damage":0,"enemies":"Small Slimes","floor":8,"turns":4},{"damage":4,"enemies":"Blue Slaver","floor":10,"turns":4},{"damage":38,"enemies":"Lagavulin","floor":12,"turns":6},{"damage":20,"enemies":"Large Slime","floor":13,"turns":9},{"damage":24,"enemies":"3 Sentries","floor":14,"turns":7},{"damage":57,"enemies":"Slime Boss","floor":16,"turns":9}],"seed_played":"4886306493520284169","potions_obtained":[{"floor":1,"key":"AttackPotion"},{"floor":6,"key":"GamblersBrew"},{"floor":13,"key":"SkillPotion"}],"is_trial":false,"path_per_floor":["M","M","?","?","T","E","R","M","T","M","R","E","M","E","R","B"],"character_chosen":"IRONCLAD","items_purchased":[],"campfire_rested":1,"item_purchase_floors":[],"current_hp_per_floor":[80,80,80,80,80,53,53,59,59,61,61,29,27,21,45,0],"gold":445,"neow_bonus":"RANDOM_COMMON_RELIC","is_prod":false,"is_daily":false,"chose_seed":false,"campfire_upgraded":1,"win_rate":0,"timestamp":1549120678,"path_taken":["M","?","?","?","?","E","R","M","T","M","R","E","M","E","R","BOSS"],"build_version":"2019-01-23","purchased_purges":0,"victory":false,"max_hp_per_floor":[80,80,80,80,80,80,80,80,80,80,80,80,80,80,80,80],"card_choices":[{"not_picked":["Wild Strike","Pummel","Sword Boomerang"],"picked":"SKIP","floor":1},{"not_picked":["Dropkick","Body Slam"],"picked":"Flame Barrier","floor":2},{"not_picked":["Combust","Heavy Blade"],"picked":"Twin Strike","floor":6},{"not_picked":["Wild Strike","Rage"],"picked":"Fire Breathing","floor":8},{"not_picked":["Power Through","Infernal Blade"],"picked":"Cleave","floor":10},{"not_picked":["Bloodletting","Warcry"],"picked":"Sentinel","floor":12},{"not_picked":["Wild Strike","Clothesline"],"picked":"Heavy Blade","floor":13},{"not_picked":["Immolate","Twin Strike"],"picked":"Metallicize","floor":14}],"player_experience":175493,"relics_obtained":[{"floor":6,"key":"War Paint"},{"floor":9,"key":"Ancient Tea Set"},{"floor":12,"key":"Meat on the Bone"},{"floor":14,"key":"Pen Nib"}],"event_choices":[{"cards_removed":["Strike_R"],"damage_healed":0,"gold_gain":0,"player_choice":"Card Removal","damage_taken":0,"max_hp_gain":0,"max_hp_loss":0,"event_name":"The Cleric","floor":3,"gold_loss":50},{"damage_healed":0,"gold_gain":175,"player_choice":"AGREE","damage_taken":0,"max_hp_gain":0,"max_hp_loss":0,"event_name":"Liars Game","floor":4,"gold_loss":0,"cards_obtained":["Doubt"]}],"is_beta":false,"boss_relics":[],"items_purged_floors":[],"is_endless":false,"potions_floor_spawned":[1,6,13],"killed_by":"Slime Boss","ascension_level":0}