{"gold_per_floor":[118,8,26,301,151,177,177,202,202,221,221,221,206,240,240,345,345,359,210,223,223,223,223,251,251,276,302,302,34,66,16,16,118,118,137,156,156,33,33,33,33,62,88,88,103,120,22,47,47,47],"floor_reached":51,"playtime":5779,"items_purged":["Regret","Strike_G","Wraith Form v2+1","Strike_G+1","Parasite"],"score":1094,"play_id":"c01893f0-c571-4e26-8da5-465eaa27248b","local_time":"20190126085036","is_ascension_mode":true,"campfire_choices":[{"data":"Neutralize","floor":7,"key":"SMITH"},{"data":"Malaise","floor":11,"key":"SMITH"},{"data":"Sucker Punch","floor":15,"key":"SMITH"},{"data":"Footwork","floor":23,"key":"SMITH"},{"data":"Cloak And Dagger","floor":25,"key":"SMITH"},{"data":"Blade Dance","floor":28,"key":"SMITH"},{"data":"Footwork","floor":32,"key":"SMITH"},{"data":"A Thousand Cuts","floor":40,"key":"SMITH"},{"data":"Infinite Blades","floor":44,"key":"SMITH"},{"data":"Adrenaline","floor":49,"key":"SMITH"}],"neow_cost":"NONE","seed_source_timestamp":126338165925300,"circlet_count":0,"master_deck":["Defend_G+1","Defend_G+1","Defend_G+1","Defend_G+1","Defend_G+1","Survivor","Neutralize+1","Sucker Punch+1","Footwork+1","Dash","Footwork+1","Dash","Malaise+1","Cloak And Dagger+1","Deflect+1","Adrenaline+1","Adrenaline+1","Blade Dance+1","After Image+1","Backflip","Dagger Spray","Blade Dance+1","Panache","Infinite Blades+1","A Thousand Cuts+1","Cloak And Dagger+1","Heel Hook","Backflip","Slice","Infinite Blades","Escape Plan"],"relics":["Ring of the Snake","Meat on the Bone","Oddly Smooth Stone","Letter Opener","Singing Bowl","Astrolabe","MutagenicStrength","Shuriken","Smiling Mask","Anchor","War Paint","WristBlade","Ninja Scroll","Bronze Scales","Orichalcum"],"potions_floor_usage":[10,13,14,16,24,27,27,42,45,50,50],"damage_taken":[{"damage":6,"enemies":"2 Louse","floor":1,"turns":5},{"damage":0,"enemies":"Cultist","floor":3,"turns":5},{"damage":23,"enemies":"Gremlin Nob","floor":6,"turns":6},{"damage":14,"enemies":"Lagavulin","floor":8,"turns":11},{"damage":0,"enemies":"Small Slimes","floor":10,"turns":6},{"damage":0,"enemies":"Exordium Thugs","floor":13,"turns":4},{"damage":11,"enemies":"3 Sentries","floor":14,"turns":12},{"damage":0,"enemies":"The Guardian","floor":16,"turns":17},{"damage":0,"enemies":"Shell Parasite","floor":18,"turns":9},{"damage":0,"enemies":"Chosen","floor":20,"turns":11},{"damage":0,"enemies":"Slavers","floor":24,"turns":11},{"damage":5,"enemies":"Book of Stabbing","floor":27,"turns":8},{"damage":8,"enemies":"Slavers","floor":30,"turns":7},{"damage":54,"enemies":"Collector","floor":33,"turns":7},{"damage":0,"enemies":"3 Shapes","floor":35,"turns":5},{"damage":0,"enemies":"Orb Walker","floor":36,"turns":1},{"damage":8,"enemies":"Giant Head","floor":42,"turns":8},{"damage":4,"enemies":"3 Darklings","floor":45,"turns":3},{"damage":0,"enemies":"Writhing Mass","floor":46,"turns":6},{"damage":0,"enemies":"Reptomancer","floor":48,"turns":3},{"damage":0,"enemies":"Donu and Deca","floor":50,"turns":5}],"seed_played":"773219034756542494","potions_obtained":[{"floor":6,"key":"Energy Potion"},{"floor":8,"key":"Regen Potion"},{"floor":10,"key":"Dexterity Potion"},{"floor":12,"key":"PowerPotion"},{"floor":13,"key":"Regen Potion"},{"floor":20,"key":"Regen Potion"},{"floor":33,"key":"AttackPotion"},{"floor":36,"key":"GamblersBrew"},{"floor":48,"key":"EssenceOfSteel"}],"is_trial":false,"path_per_floor":["M","$","M","?","$","E","R","E","T","M","R","?","M","E","R","B",null,"M","$","M","?","?","R","E","R","T","E","R","$","E","$","R","B",null,"M","M","?","$","$","R","$","E","T","R","M","M","$","E","R","B",null],"character_chosen":"THE_SILENT","items_purchased":["Footwork","Dash","Dash","FearPotion","Panache","Infinite Blades","Backflip","Slice","Strength Potion"],"campfire_rested":0,"item_purchase_floors":[2,2,5,19,29,29,38,38,47],"current_hp_per_floor":[71,71,71,71,71,48,48,46,46,61,61,61,61,65,65,65,74,74,74,76,76,76,76,76,76,76,79,79,79,73,73,73,31,69,69,71,71,71,71,71,71,63,63,63,61,63,63,63,63,63],"gold":47,"neow_bonus":"TEN_PERCENT_HP_BONUS","is_prod":false,"is_daily":false,"chose_seed":false,"campfire_upgraded":10,"win_rate":0,"timestamp":1548489036,"path_taken":["M","$","M","?","$","E","R","E","T","?","R","?","?","E","R","BOSS","M","$","M","?","?","R","E","R","T","E","R","$","E","?","R","BOSS","M","?","?","?","$","R","?","E","T","R","M","M","$","E","R","BOSS"],"build_version":"2019-01-23","purchased_purges":5,"victory":true,"max_hp_per_floor":[77,77,77,77,77,77,77,77,77,77,77,77,77,77,77,77,77,77,77,79,79,79,79,79,79,79,79,79,79,81,81,81,81,81,81,83,83,83,83,83,83,83,83,83,85,87,84,84,84,84],"card_choices":[{"not_picked":["Deadly Poison","Prepared"],"picked":"Sucker Punch","floor":1},{"not_picked":["Escape Plan","Sucker Punch"],"picked":"Footwork","floor":3},{"not_picked":["Bullet Time","Bane","Dash"],"picked":"SKIP","floor":6},{"not_picked":["Deflect","Bane"],"picked":"Malaise","floor":8},{"not_picked":["Slice","Acrobatics"],"picked":"Cloak And Dagger","floor":10},{"not_picked":["Choke","Outmaneuver"],"picked":"Deflect","floor":13},{"not_picked":["Dash","Dagger Throw"],"picked":"Adrenaline","floor":14},{"not_picked":["Burst","Envenom"],"picked":"Adrenaline","floor":16},{"not_picked":["Finisher","Cloak And Dagger"],"picked":"Backflip","floor":18},{"not_picked":["Acrobatics","Poisoned Stab","Sucker Punch"],"picked":"Singing Bowl","floor":20},{"not_picked":["Dagger Throw+1","Slice+1"],"picked":"Dagger Spray","floor":24},{"not_picked":["Glass Knife","Sucker Punch"],"picked":"Blade Dance","floor":27},{"not_picked":["Slice","Tactician+1","Deadly Poison"],"picked":"Singing Bowl","floor":30},{"not_picked":["Unload","Night Terror"],"picked":"A Thousand Cuts","floor":33},{"not_picked":["Underhanded Strike+1","Bane+1"],"picked":"Cloak And Dagger+1","floor":35},{"not_picked":["Quick Slash","Expertise","Bane"],"picked":"Singing Bowl","floor":36},{"not_picked":["Poisoned Stab","Quick Slash"],"picked":"Infinite Blades","floor":42},{"not_picked":["Expertise","Dagger Spray","Unload"],"picked":"Singing Bowl","floor":45},{"not_picked":["Tactician+1","Prepared+1","Dash"],"picked":"Singing Bowl","floor":46},{"not_picked":["Sucker Punch+1","Dagger Spray+1"],"picked":"Escape Plan","floor":48}],"player_experience":90065,"relics_obtained":[{"floor":6,"key":"Meat on the Bone"},{"floor":8,"key":"Oddly Smooth Stone"},{"floor":9,"key":"Letter Opener"},{"floor":14,"key":"Singing Bowl"},{"floor":24,"key":"Shuriken"},{"floor":26,"key":"Smiling Mask"},{"floor":27,"key":"Anchor"},{"floor":30,"key":"War Paint"},{"floor":42,"key":"Ninja Scroll"},{"floor":43,"key":"Bronze Scales"},{"floor":48,"key":"Orichalcum"}],"event_choices":[{"damage_healed":0,"gold_gain":275,"player_choice":"Desecrate","damage_taken":0,"max_hp_gain":0,"max_hp_loss":0,"event_name":"Golden Shrine","floor":4,"gold_loss":0,"cards_obtained":["Regret"]},{"damage_healed":0,"gold_gain":0,"player_choice":"Got Potions","damage_taken":0,"max_hp_gain":0,"max_hp_loss":0,"event_name":"Lab","floor":12,"gold_loss":0},{"damage_healed":0,"gold_gain":0,"player_choice":"Simplicity","damage_taken":0,"max_hp_gain":0,"max_hp_loss":0,"event_name":"Back to Basics","floor":21,"gold_loss":0,"cards_upgraded":["Defend_G","Defend_G","Defend_G","Defend_G","Defend_G","Strike_G"]},{"damage_healed":0,"gold_gain":0,"player_choice":"Inject Mutagens","damage_taken":0,"relics_obtained":["MutagenicStrength"],"max_hp_gain":0,"max_hp_loss":0,"event_name":"Drug Dealer","floor":22,"gold_loss":0},{"damage_healed":0,"gold_gain":0,"player_choice":"1 cards matched","damage_taken":0,"max_hp_gain":0,"max_hp_loss":0,"event_name":"Match and Keep!","floor":37,"gold_loss":0,"cards_obtained":["Heel Hook"]},{"damage_healed":0,"gold_gain":0,"player_choice":"1 cards matched","damage_taken":0,"max_hp_gain":0,"max_hp_loss":0,"event_name":"Match and Keep!","floor":37,"gold_loss":0,"cards_obtained":["Heel Hook"]}],"is_beta":false,"boss_relics":[{"not_picked":["Velvet Choker","Busted Crown"],"picked":"Astrolabe"},{"not_picked":["Black Star","Calling Bell"],"picked":"WristBlade"}],"items_purged_floors":[5,19,31,38,47],"is_endless":false,"potions_floor_spawned":[6,8,10,13,20,33,36,48],"ascension_level":5}