{"gold_per_floor":[109,127,127,142,67,67,87,118,118,137,137,153,153,173,173,269,269,289,305,59,79,79,79,97,97,149,149,149,111,111,130,130,234,234,234],"floor_reached":35,"playtime":1298,"items_purged":["Decay","Strike_B"],"score":359,"play_id":"7127c994-0bbf-4523-a319-803afd6d5d3f","local_time":"20190124221205","is_ascension_mode":false,"campfire_choices":[{"data":"Dualcast","floor":6.0,"key":"SMITH"},{"data":"Rainbow","floor":13.0,"key":"SMITH"},{"data":"Zap","floor":15.0,"key":"SMITH"},{"data":"Capacitor","floor":25.0,"key":"SMITH"},{"data":"Capacitor","floor":28.0,"key":"SMITH"},{"data":"Blizzard","floor":30.0,"key":"SMITH"},{"data":"Ball Lightning","floor":32.0,"key":"SMITH"}],"neow_cost":"NONE","seed_source_timestamp":2686809392182998,"circlet_count":0,"master_deck":["Strike_B","Strike_B","Strike_B","Defend_B","Defend_B","Defend_B+1","Defend_B","Zap+1","Dualcast+1","Conserve Battery","Capacitor+1","Rainbow+1","Ball Lightning+1","Auto Shields","Ball Lightning","Defragment+1","Conserve Battery","Capacitor+1","Coolheaded+1","Blizzard+1","Electrodynamics"],"special_seed":0,"relics":["Cracked Core","Question Card","Symbiotic Virus","Orrery","War Paint","Bag of Preparation","Eternal Feather"],"potions_floor_usage":[],"damage_taken":[{"damage":5.0,"enemies":"Small Slimes","floor":1.0,"turns":2.0},{"damage":0.0,"enemies":"Cultist","floor":2.0,"turns":4.0},{"damage":0.0,"enemies":"Jaw Worm","floor":4.0,"turns":5.0},{"damage":4.0,"enemies":"Exordium Thugs","floor":7.0,"turns":4.0},{"damage":30.0,"enemies":"Gremlin Nob","floor":8.0,"turns":5.0},{"damage":1.0,"enemies":"Gremlin Gang","floor":10.0,"turns":4.0},{"damage":0.0,"enemies":"2 Fungi Beasts","floor":12.0,"turns":2.0},{"damage":0.0,"enemies":"Blue Slaver","floor":14.0,"turns":3.0},{"damage":18.0,"enemies":"The Guardian","floor":16.0,"turns":9.0},{"damage":4.0,"enemies":"3 Byrds","floor":18.0,"turns":5.0},{"damage":0.0,"enemies":"Chosen","floor":19.0,"turns":4.0},{"damage":10.0,"enemies":"Centurion and Healer","floor":21.0,"turns":11.0},{"damage":10.0,"enemies":"Snake Plant","floor":24.0,"turns":4.0},{"damage":7.0,"enemies":"Cultist and Chosen","floor":31.0,"turns":7.0},{"damage":50.0,"enemies":"Automaton","floor":33.0,"turns":11.0},{"damage":21,"enemies":"3 Shapes","floor":35,"turns":3}],"seed_played":"21163123559672148","potions_obtained":[{"floor":2.0,"key":"Regen Potion"},{"floor":7.0,"key":"Weak Potion"},{"floor":8.0,"key":"FearPotion"},{"floor":10.0,"key":"Poison Potion"},{"floor":19.0,"key":"GamblersBrew"}],"is_trial":false,"path_per_floor":["M","M","?","M","$","R","M","E","T","M","$","M","R","M","R","B",null,"M","M","$","M","?","$","M","R","T","?","R","$","R","M","R","B",null,"M"],"character_chosen":"DEFECT","items_purchased":["War Paint","Blizzard"],"campfire_rested":0,"item_purchase_floors":[20,29],"current_hp_per_floor":[77,77,77,77,77,77,73,43,43,42,42,42,42,42,42,24,82,78,78,78,68,68,68,58,58,58,58,58,58,58,51,51,1,82,61],"gold":234,"neow_bonus":"TEN_PERCENT_HP_BONUS","is_prod":false,"is_daily":false,"chose_seed":false,"campfire_upgraded":7,"win_rate":0,"timestamp":1548367925,"path_taken":["M","M","?","M","$","R","M","E","T","M","$","M","R","M","R","BOSS","M","M","$","?","?","?","?","R","T","?","R","$","R","M","R","BOSS","M"],"build_version":"2019-01-23","purchased_purges":2,"victory":false,"max_hp_per_floor":[82,82,82,82,82,82,82,82,82,82,82,82,82,82,82,82,82,82,82,82,82,82,82,82,82,82,82,82,82,82,82,82,82,82,82],"card_choices":[{"not_picked":["Barrage","Turbo"],"picked":"Conserve Battery","floor":1.0},{"not_picked":["Turbo","FTL","Rebound"],"picked":"SKIP","floor":2.0},{"not_picked":["Recycle","Compile Driver"],"picked":"Capacitor","floor":4.0},{"not_picked":["Hologram","Streamline"],"picked":"Rainbow","floor":7.0},{"not_picked":["Gash","Compile Driver"],"picked":"Ball Lightning","floor":8.0},{"not_picked":["Fission","Sweeping Beam","Leap","Go for the Eyes"],"picked":"SKIP","floor":10.0},{"not_picked":["Gash","Steam","Rebound"],"picked":"Auto Shields","floor":12.0},{"not_picked":["Turbo","Redo","Loop","Streamline"],"picked":"SKIP","floor":14.0},{"not_picked":["Compile Driver","Beam Cell","Go for the Eyes"],"picked":"Ball Lightning","floor":17.0},{"not_picked":["Go for the Eyes","Chaos","Gash"],"picked":"Defragment","floor":17.0},{"not_picked":["Rip and Tear","Cold Snap","Leap"],"picked":"Conserve Battery","floor":17.0},{"not_picked":["Steam","Hello World","All For One"],"picked":"Capacitor","floor":18.0},{"not_picked":["Gash","Rip and Tear","Hologram"],"picked":"Coolheaded","floor":19.0},{"not_picked":["Blizzard","Gash+1","Coolheaded","Hyperbeam"],"picked":"SKIP","floor":21.0},{"not_picked":["White Noise","Gash","Tempest","Steam"],"picked":"SKIP","floor":24.0},{"not_picked":["Streamline","Sweeping Beam","Hologram","Rip and Tear+1"],"picked":"SKIP","floor":31.0},{"not_picked":["Biased Cognition","Echo Form","Hyperbeam"],"picked":"Electrodynamics","floor":33.0}],"player_experience":993348,"relics_obtained":[{"floor":8.0,"key":"Question Card"},{"floor":9.0,"key":"Symbiotic Virus"},{"floor":26.0,"key":"Bag of Preparation"}],"event_choices":[{"damage_healed":0.0,"max_hp_gain":0.0,"max_hp_loss":0.0,"gold_gain":0.0,"event_name":"Wheel of Change","player_choice":"Cursed","floor":3.0,"gold_loss":0.0,"damage_taken":0.0,"cards_obtained":["Decay"]},{"damage_healed":0.0,"max_hp_gain":0.0,"max_hp_loss":0.0,"gold_gain":0.0,"event_name":"Accursed Blacksmith","player_choice":"Forge","floor":22.0,"gold_loss":0.0,"damage_taken":0.0,"cards_upgraded":["Defragment"]},{"damage_healed":0.0,"max_hp_gain":0.0,"max_hp_loss":0.0,"gold_gain":0.0,"event_name":"Cursed Tome","player_choice":"Ignored","floor":27.0,"gold_loss":0.0,"damage_taken":0.0}],"is_beta":false,"boss_relics":[{"not_picked":["Runic Pyramid","Coffee Dripper"],"picked":"Orrery"},{"not_picked":["Lizard Tail","Calling Bell"],"picked":"Eternal Feather"}],"items_purged_floors":[5,20],"is_endless":false,"potions_floor_spawned":[2,7,8,10,12,19,24],"killed_by":"3 Shapes","ascension_level":0}