{"gold_per_floor":[111,111,111,36,53,79,79,99,126,26,43,68,68,78,78,177,177,197,61,136,152,27,27,37,37,37,37],"floor_reached":27,"playtime":2377,"items_purged":["Strike_R","Strike_R","Strike_R+1"],"score":344,"play_id":"04eee7c5-0072-45bf-ab71-85da9c364e74","local_time":"20190130155713","is_ascension_mode":true,"campfire_choices":[{"data":"Bash","floor":7,"key":"SMITH"},{"data":"True Grit","floor":13,"key":"SMITH"},{"data":"Dropkick","floor":15,"key":"SMITH"},{"data":"Impatience","floor":23,"key":"SMITH"},{"data":"Metallicize","floor":25,"key":"SMITH"}],"neow_cost":"NONE","seed_source_timestamp":231597698436700,"circlet_count":0,"master_deck":["Defend_R+1","Defend_R","Defend_R","Bash+1","Dropkick+1","True Grit+1","Metallicize+1","Feed","Impatience+1"],"relics":["Burning Blood","NeowsBlessing","Art of War","PreservedInsect","FossilizedHelix","Empty Cage","Oddly Smooth Stone"],"potions_floor_usage":[11,12,16,16,18,24,24,27],"damage_taken":[{"damage":0,"enemies":"2 Louse","floor":1,"turns":1},{"damage":0,"enemies":"Jaw Worm","floor":5,"turns":1},{"damage":0,"enemies":"Lagavulin","floor":6,"turns":1},{"damage":0,"enemies":"Cultist","floor":8,"turns":4},{"damage":3,"enemies":"3 Louse","floor":11,"turns":4},{"damage":22,"enemies":"3 Sentries","floor":12,"turns":7},{"damage":0,"enemies":"Looter","floor":14,"turns":3},{"damage":11,"enemies":"The Guardian","floor":16,"turns":12},{"damage":13,"enemies":"3 Byrds","floor":18,"turns":8},{"damage":18,"enemies":"Chosen","floor":21,"turns":8},{"damage":15,"enemies":"Snake Plant","floor":24,"turns":4},{"damage":45,"enemies":"Book of Stabbing","floor":27,"turns":5}],"seed_played":"2622014259477484123","potions_obtained":[{"floor":6,"key":"Weak Potion"},{"floor":8,"key":"Strength Potion"},{"floor":11,"key":"PowerPotion"},{"floor":12,"key":"PowerPotion"},{"floor":18,"key":"Fruit Juice"},{"floor":21,"key":"Block Potion"},{"floor":24,"key":"Dexterity Potion"}],"is_trial":false,"path_per_floor":["M","?","?","$","M","E","R","M","T","$","M","E","R","M","R","B",null,"M","$","?","M","$","R","M","R","T","E"],"character_chosen":"IRONCLAD","items_purchased":["Impatience","Energy Potion"],"campfire_rested":0,"item_purchase_floors":[19,19],"current_hp_per_floor":[78,71,55,55,61,67,67,73,73,73,76,60,60,66,66,61,75,73,73,65,53,53,53,44,44,44,0],"gold":37,"neow_bonus":"THREE_ENEMY_KILL","is_prod":false,"is_daily":false,"chose_seed":false,"campfire_upgraded":5,"win_rate":0,"timestamp":1548860233,"path_taken":["M","?","?","$","M","E","R","M","T","$","M","E","R","M","R","BOSS","M","$","?","M","$","R","M","R","T","E"],"build_version":"2019-01-23","purchased_purges":3,"victory":false,"max_hp_per_floor":[80,80,80,80,80,80,80,80,80,80,80,80,80,80,80,80,80,85,85,85,85,85,85,85,85,85,85],"card_choices":[{"not_picked":["Anger","Flex","Reckless Charge"],"picked":"SKIP","floor":1},{"not_picked":["Clash","Clothesline","Sword Boomerang"],"picked":"SKIP","floor":5},{"not_picked":["Feel No Pain","Double Tap","Warcry"],"picked":"SKIP","floor":6},{"not_picked":["Inflame","Uppercut"],"picked":"Dropkick","floor":8},{"not_picked":["Searing Blow","Twin Strike","Shrug It Off"],"picked":"SKIP","floor":11},{"not_picked":["Thunderclap","Cleave"],"picked":"True Grit","floor":12},{"not_picked":["Body Slam","Shrug It Off"],"picked":"Metallicize","floor":14},{"not_picked":["Double Tap","Bludgeon"],"picked":"Feed","floor":16},{"not_picked":["True Grit+1","Entrench","Havoc"],"picked":"SKIP","floor":18},{"not_picked":["Heavy Blade+1","Infernal Blade+1","Havoc"],"picked":"SKIP","floor":21},{"not_picked":["Anger","Carnage","Sword Boomerang"],"picked":"SKIP","floor":24}],"player_experience":204083,"relics_obtained":[{"floor":6,"key":"Art of War"},{"floor":9,"key":"PreservedInsect"},{"floor":12,"key":"FossilizedHelix"},{"floor":26,"key":"Oddly Smooth Stone"}],"event_choices":[{"cards_removed":["Strike_R"],"damage_healed":0,"gold_gain":0,"player_choice":"Card Removal","damage_taken":7,"max_hp_gain":0,"max_hp_loss":0,"event_name":"Golden Wing","floor":2,"gold_loss":0},{"damage_healed":0,"gold_gain":0,"player_choice":"Entered Light","damage_taken":16,"max_hp_gain":0,"max_hp_loss":0,"event_name":"Shining Light","floor":3,"gold_loss":0,"cards_upgraded":["Defend_R","Strike_R"]},{"damage_healed":0,"gold_gain":75,"player_choice":"Touch","damage_taken":8,"max_hp_gain":0,"max_hp_loss":0,"event_name":"FaceTrader","floor":20,"gold_loss":0}],"is_beta":false,"boss_relics":[{"not_picked":["Fusion Hammer","Runic Dome"],"picked":"Empty Cage"}],"items_purged_floors":[4,10,22],"is_endless":false,"potions_floor_spawned":[6,8,11,12,18,21,24],"killed_by":"Book of Stabbing","ascension_level":8}