{"gold_per_floor":[113,131,145,164,164,197,197,215,241,1898,1915,1950,812,828,828,924,924,944,3608,3626,3626,3643,3643,3669,3669,3669,3669,3701,3715,2379,2389,2389,2491,2491,2501,1367,1367,1379,1479,296,329,343,343,388,388,407,407,407,407,407,407,407,151,182,182],"floor_reached":56,"playtime":4185,"items_purged":["Regret","Regret","Writhe","Writhe","Reaper"],"score":1332,"play_id":"60ad0fb0-d6b0-4ffa-9526-6cb71d82543d","local_time":"20190209224350","is_ascension_mode":false,"campfire_choices":[{"floor":7,"key":"RECALL"},{"data":"Apotheosis","floor":15,"key":"SMITH"},{"data":"Secret Technique","floor":23,"key":"SMITH"},{"data":"Cleave","floor":25,"key":"SMITH"},{"data":"Heavy Blade","floor":27,"key":"SMITH"},{"floor":32,"key":"REST"},{"data":"Violence","floor":45,"key":"SMITH"},{"floor":47,"key":"REST"},{"floor":49,"key":"REST"},{"floor":52,"key":"REST"}],"neow_cost":"CURSE","seed_source_timestamp":79469285523700,"circlet_count":0,"master_deck":["Strike_R","Strike_R","Strike_R+1","Strike_R","Strike_R","Defend_R","Defend_R","Defend_R","Defend_R","Bash","Secret Weapon","The Bomb","Heavy Blade+1","Spot Weakness","Armaments","Shrug It Off+1","Armaments","Flex","Fire Breathing","Deep Breath+1","Spot Weakness","Rampage","Panache","Battle Trance","Apotheosis+1","Dark Shackles","Combust","Armaments","Pummel","Body Slam","Shockwave","Shrug It Off+1","Disarm","Exhume","Headbutt+1","Fiend Fire","Anger+1","PanicButton","Secret Technique+1","Shockwave","Exhume","Thunderclap+1","Clothesline","Cleave+1","Metallicize","Heavy Blade+1","Secret Technique","Feed","Limit Break","Feel No Pain+1","Metallicize","Exhume","Disarm+1","Whirlwind","Panacea","True Grit","Sentinel","Wild Strike","Ghostly Armor","Evolve+1","Dual Wield","Burning Pact","Limit Break","Body Slam","Violence+1","Thunderclap","Clothesline+1","Anger+1","Disarm","Infernal Blade+1","Rage","Anger+1","Body Slam+1","Madness","Madness","Sentinel","Inflame+1","Finesse","Rupture","Spot Weakness+1"],"relics":["Burning Blood","Mango","Centennial Puzzle","Strawberry","ClockworkSouvenir","MawBank","Juzu Bracelet","Blood Vial","DollysMirror","Calling Bell","Happy Flower","Pantograph","Pocketwatch","HandDrill","Bottled Lightning","Gremlin Horn","Lantern","Paper Frog","Red Mask","MealTicket","Anchor","Prayer Wheel","Mark of Pain","Matryoshka","Meat on the Bone","Lee\u0027s Waffle","StoneCalendar","Mummified Hand","Dream Catcher","Chemical X","Ornamental Fan","Omamori","Ancient Tea Set","Unceasing Top","Whetstone","PrismaticShard","Vajra","Bag of Preparation"],"potions_floor_usage":[6,12,12,16,20,24,28,29,31,33,33,40,50,55,55],"damage_taken":[{"damage":7,"enemies":"Cultist","floor":1,"turns":4},{"damage":11,"enemies":"Jaw Worm","floor":2,"turns":3},{"damage":4,"enemies":"Small Slimes","floor":3,"turns":4},{"damage":12,"enemies":"2 Fungi Beasts","floor":4,"turns":5},{"damage":32,"enemies":"Gremlin Nob","floor":6,"turns":5},{"damage":10,"enemies":"Looter","floor":8,"turns":4},{"damage":10,"enemies":"3 Louse","floor":11,"turns":5},{"damage":5,"enemies":"Lagavulin","floor":12,"turns":5},{"damage":4,"enemies":"Blue Slaver","floor":14,"turns":4},{"damage":59,"enemies":"The Guardian","floor":16,"turns":9},{"damage":24,"enemies":"Shell Parasite","floor":18,"turns":4},{"damage":2,"enemies":"3 Byrds","floor":20,"turns":4},{"damage":23,"enemies":"Cultist and Chosen","floor":22,"turns":4},{"damage":35,"enemies":"Slavers","floor":24,"turns":4},{"damage":13,"enemies":"Masked Bandits","floor":28,"turns":4},{"damage":25,"enemies":"Sentry and Sphere","floor":29,"turns":7},{"damage":9,"enemies":"Centurion and Healer","floor":31,"turns":4},{"damage":2,"enemies":"Champ","floor":33,"turns":7},{"damage":11,"enemies":"3 Darklings","floor":35,"turns":4},{"damage":15,"enemies":"3 Shapes","floor":38,"turns":2},{"damage":2,"enemies":"Mind Bloom Boss Battle","floor":39,"turns":4},{"damage":0,"enemies":"Giant Head","floor":41,"turns":7},{"damage":15,"enemies":"Writhing Mass","floor":42,"turns":5},{"damage":0,"enemies":"2 Orb Walkers","floor":44,"turns":5},{"damage":5,"enemies":"Transient","floor":46,"turns":5},{"damage":31,"enemies":"Time Eater","floor":50,"turns":14},{"damage":19,"enemies":"Shield and Spear","floor":54,"turns":5},{"damage":83,"enemies":"The Heart","floor":55,"turns":8}],"seed_played":"1391811059766412320","potions_obtained":[{"floor":1,"key":"SteroidPotion"},{"floor":3,"key":"PowerPotion"},{"floor":6,"key":"GamblersBrew"},{"floor":8,"key":"Poison Potion"},{"floor":11,"key":"Regen Potion"},{"floor":18,"key":"PowerPotion"},{"floor":22,"key":"SpeedPotion"},{"floor":28,"key":"PowerPotion"},{"floor":31,"key":"AttackPotion"},{"floor":38,"key":"Poison Potion"},{"floor":39,"key":"Fruit Juice"},{"floor":42,"key":"EssenceOfSteel"},{"floor":46,"key":"Regen Potion"}],"is_trial":false,"path_per_floor":["M","M","M","M","?","E","R","M","T","$","M","E","$","M","R","B",null,"M","$","M","?","M","R","E","R","T","R","?","M","$","M","R","B",null,"M","$","?","M","?","$","E","M","T","?","R","M","R","?","R","B",null,"R","$","E","B",null],"character_chosen":"IRONCLAD","items_purchased":["Fire Breathing","Deep Breath","Spot Weakness","Reaper","Rampage","Panache","Centennial Puzzle","Strawberry","ClockworkSouvenir","AttackPotion","Juzu Bracelet","Blood Vial","Apotheosis","Dark Shackles","Combust","Armaments","Pummel","Body Slam","Shockwave","Dexterity Potion","SpeedPotion","DollysMirror","Fiend Fire","Anger","PanicButton","Secret Technique","Shockwave","Exhume","HandDrill","Bottled Lightning","Gremlin Horn","Fire Potion","Regen Potion","Secret Technique","Feed","Limit Break","MealTicket","Anchor","Prayer Wheel","Energy Potion","Energy Potion","Matryoshka","Meat on the Bone","Lee\u0027s Waffle","Panacea","True Grit","Sentinel","Wild Strike","Burning Pact","Limit Break","Body Slam","Violence","Thunderclap","Mummified Hand","Dream Catcher","Chemical X","Regen Potion","Finesse","Rupture","Whetstone","PrismaticShard","Vajra","FairyPotion"],"campfire_rested":4,"item_purchase_floors":[10,10,10,10,10,10,10,10,10,10,13,13,13,13,13,13,13,13,13,13,13,13,19,19,19,19,19,19,19,19,19,19,19,30,30,30,30,30,30,30,30,36,36,36,36,36,36,36,40,40,40,40,40,40,40,40,40,53,53,53,53,53,53],"current_hp_per_floor":[79,74,76,70,70,58,58,54,54,61,61,76,76,80,80,29,101,83,83,101,101,84,84,72,72,72,72,67,50,50,53,84,105,105,100,112,112,103,120,125,125,116,116,124,124,125,125,109,125,125,125,125,125,112,75],"gold":182,"neow_bonus":"RANDOM_COLORLESS_2","is_prod":false,"is_daily":false,"chose_seed":false,"campfire_upgraded":5,"win_rate":0,"timestamp":1549723430,"path_taken":["M","?","M","M","?","E","R","?","T","$","M","E","$","M","R","BOSS","M","$","M","?","M","R","E","R","T","R","?","M","$","M","R","BOSS","M","$","?","M","?","$","E","M","T","?","R","M","R","?","R","BOSS","R","$","E","BOSS"],"build_version":"2019-01-23","purchased_purges":5,"victory":true,"max_hp_per_floor":[80,80,80,80,80,94,94,94,94,101,101,101,101,101,101,101,101,101,101,101,101,101,101,101,101,101,101,101,101,101,105,105,105,105,105,112,112,112,120,125,125,125,125,125,125,125,125,125,125,125,125,125,125,125,125],"card_choices":[{"not_picked":["Perfected Strike","Sever Soul"],"picked":"Heavy Blade","floor":1},{"not_picked":["Rampage","Fire Breathing"],"picked":"Spot Weakness","floor":2},{"not_picked":["Flame Barrier","Power Through"],"picked":"Armaments","floor":3},{"not_picked":["Flex","Iron Wave"],"picked":"Shrug It Off","floor":4},{"not_picked":["Havoc","Power Through"],"picked":"Armaments","floor":6},{"not_picked":["Havoc","Searing Blow"],"picked":"Flex","floor":8},{"not_picked":["Power Through","Double Tap"],"picked":"Battle Trance","floor":11},{"not_picked":["Battle Trance","Hemokinesis"],"picked":"Pommel Strike","floor":12},{"not_picked":["Clothesline","True Grit"],"picked":"Disarm","floor":14},{"not_picked":["Barricade","Berserk"],"picked":"Exhume","floor":16},{"not_picked":["Clothesline","Pommel Strike"],"picked":"Headbutt+1","floor":18},{"not_picked":["Pommel Strike","Clothesline"],"picked":"Thunderclap+1","floor":20},{"not_picked":["Havoc","Fire Breathing"],"picked":"Clothesline","floor":22},{"not_picked":["Fire Breathing","Headbutt"],"picked":"Cleave","floor":24},{"not_picked":["Havoc","Cleave"],"picked":"Metallicize","floor":28},{"not_picked":["Spot Weakness","Rupture"],"picked":"Heavy Blade+1","floor":29},{"not_picked":["Warcry","Blood for Blood"],"picked":"Feel No Pain+1","floor":31},{"not_picked":["Clash+1","Exhume"],"picked":"Metallicize","floor":31},{"not_picked":["Limit Break","Reaper"],"picked":"Exhume","floor":33},{"not_picked":["Dual Wield+1","Shockwave"],"picked":"Disarm+1","floor":35},{"not_picked":["Headbutt","Twin Strike"],"picked":"Whirlwind","floor":35},{"not_picked":["Clothesline+1","True Grit+1"],"picked":"Ghostly Armor","floor":38},{"not_picked":["Body Slam+1","Heavy Blade"],"picked":"Evolve+1","floor":38},{"not_picked":["Power Through","Warcry"],"picked":"Dual Wield","floor":39},{"not_picked":["Wild Strike","Seeing Red"],"picked":"Clothesline+1","floor":41},{"not_picked":["Whirlwind+1","Metallicize"],"picked":"Anger+1","floor":42},{"not_picked":["Bludgeon","Headbutt"],"picked":"Disarm","floor":42},{"not_picked":["Body Slam+1","True Grit+1"],"picked":"Infernal Blade+1","floor":44},{"not_picked":["Cleave+1","Armaments+1"],"picked":"Rage","floor":46},{"not_picked":["Thunderclap+1","Sentinel"],"picked":"Anger+1","floor":46},{"not_picked":["Thunderclap","Entrench"],"picked":"Body Slam+1","floor":47},{"not_picked":["Iron Wave","Armaments"],"picked":"Sentinel","floor":49},{"not_picked":["Anger+1","Combust"],"picked":"Inflame+1","floor":52},{"not_picked":["Turbo+1","Secret Technique"],"picked":"Spot Weakness+1","floor":54}],"player_experience":31944,"relics_obtained":[{"floor":6,"key":"Mango"},{"floor":12,"key":"MawBank"},{"floor":17,"key":"Happy Flower"},{"floor":17,"key":"Pantograph"},{"floor":17,"key":"Pocketwatch"},{"floor":24,"key":"Lantern"},{"floor":26,"key":"Paper Frog"},{"floor":28,"key":"Red Mask"},{"floor":39,"key":"StoneCalendar"},{"floor":41,"key":"Ornamental Fan"},{"floor":43,"key":"Omamori"},{"floor":43,"key":"Ancient Tea Set"},{"floor":44,"key":"Unceasing Top"},{"floor":54,"key":"Bag of Preparation"}],"event_choices":[{"damage_healed":0,"gold_gain":0,"player_choice":"Upgraded","damage_taken":0,"max_hp_gain":0,"max_hp_loss":0,"event_name":"Upgrade Shrine","floor":5,"gold_loss":0,"cards_upgraded":["Shrug It Off"]},{"damage_healed":0,"gold_gain":0,"player_choice":"Upgraded","damage_taken":0,"max_hp_gain":0,"max_hp_loss":0,"event_name":"Upgrade Shrine","floor":21,"gold_loss":0,"cards_upgraded":["Deep Breath"]},{"damage_healed":0,"gold_gain":0,"player_choice":"Fought Bandits","damage_taken":0,"max_hp_gain":0,"max_hp_loss":0,"event_name":"Masked Bandits","floor":28,"gold_loss":0},{"cards_removed":["Pommel Strike"],"damage_healed":0,"gold_gain":0,"player_choice":"Removed Attack","damage_taken":0,"max_hp_gain":0,"max_hp_loss":0,"event_name":"Falling","floor":37,"gold_loss":0},{"damage_healed":0,"gold_gain":0,"player_choice":"Fight","damage_taken":0,"max_hp_gain":0,"max_hp_loss":0,"event_name":"MindBloom","floor":39,"gold_loss":0},{"damage_healed":0,"gold_gain":0,"player_choice":"Fight","damage_taken":0,"max_hp_gain":0,"max_hp_loss":0,"event_name":"Mysterious Sphere","floor":44,"gold_loss":0},{"damage_healed":0,"gold_gain":0,"player_choice":"Embrace Madness","damage_taken":16,"max_hp_gain":0,"max_hp_loss":0,"event_name":"Winding Halls","floor":48,"gold_loss":0,"cards_obtained":["Madness","Madness"]}],"is_beta":false,"boss_relics":[{"not_picked":["Empty Cage","Black Star"],"picked":"Calling Bell"},{"not_picked":["Lizard Tail","Philosopher\u0027s Stone"],"picked":"Mark of Pain"}],"items_purged_floors":[10,19,30,36,53],"is_endless":false,"potions_floor_spawned":[1,3,6,8,11,18,22,28,31,38,39,42,46],"ascension_level":0}