{"gold_per_floor":[118,118,129,147,147,176,176,176,201,230,230,247,247,257,257,355,355],"floor_reached":17,"playtime":513,"items_purged":[],"score":165,"play_id":"f1557822-54e9-4f52-9b55-06d65e2a6d2b","local_time":"20181201232701","is_ascension_mode":false,"campfire_choices":[{"data":"Dualcast","floor":8,"key":"SMITH"},{"data":"Zap","floor":11,"key":"SMITH"},{"data":"Strike_B","floor":15,"key":"SMITH"}],"neow_cost":"NONE","seed_source_timestamp":260568387879650,"circlet_count":0,"master_deck":["Zap+1","Dualcast+1","Leap","Coolheaded","Undo","Capacitor+1","Barrage+1","Seek"],"relics":["Cracked Core","Juzu Bracelet","Omamori","Regal Pillow","Molten Egg 2","Pandora\u0027s Box"],"potions_floor_usage":[10],"damage_taken":[{"damage":0,"enemies":"2 Louse","floor":1,"turns":2},{"damage":0,"enemies":"Small Slimes","floor":3,"turns":4},{"damage":0,"enemies":"Jaw Worm","floor":4,"turns":3},{"damage":9,"enemies":"Lagavulin","floor":6,"turns":10},{"damage":13,"enemies":"Gremlin Nob","floor":10,"turns":4},{"damage":10,"enemies":"Exordium Thugs","floor":12,"turns":7},{"damage":0,"enemies":"3 Louse","floor":14,"turns":3},{"damage":19,"enemies":"The Guardian","floor":16,"turns":13}],"seed_played":"-2271683940239212139","potions_obtained":[{"floor":1,"key":"FearPotion"},{"floor":4,"key":"GamblersBrew"},{"floor":12,"key":"LiquidBronze"}],"is_trial":false,"path_per_floor":["M","?","M","M","$","E","$","R","T","E","R","M","?","M","R","B",null],"character_chosen":"DEFECT","items_purchased":[],"campfire_rested":0,"item_purchase_floors":[],"current_hp_per_floor":[75,68,68,68,68,59,59,59,59,46,46,36,36,36,36,17,17],"gold":355,"neow_bonus":"TRANSFORM_CARD","is_prod":false,"is_daily":false,"chose_seed":false,"campfire_upgraded":3,"win_rate":0,"timestamp":1543706821,"path_taken":["M","?","M","M","$","E","$","R","T","E","R","M","?","M","R","BOSS"],"build_version":"2018-11-15","purchased_purges":0,"victory":false,"max_hp_per_floor":[75,75,75,75,75,75,75,75,75,75,75,75,75,75,75,75,75],"card_choices":[{"not_picked":["Lockon","Chaos"],"picked":"Coolheaded","floor":1},{"not_picked":["FTL","Tempest"],"picked":"Undo","floor":3},{"not_picked":["Gash","Redo"],"picked":"Capacitor","floor":4},{"not_picked":["Turbo","Compile Driver","Sweeping Beam"],"picked":"SKIP","floor":6},{"not_picked":["Coolheaded","Hello World","Hologram"],"picked":"SKIP","floor":10},{"not_picked":["All For One+1","Static Discharge"],"picked":"Barrage+1","floor":12},{"not_picked":["Sweeping Beam+1","Steam","Compile Driver+1"],"picked":"SKIP","floor":14},{"not_picked":["Reboot","Machine Learning"],"picked":"Seek","floor":16}],"player_experience":842974,"relics_obtained":[{"floor":6,"key":"Omamori"},{"floor":9,"key":"Regal Pillow"},{"floor":10,"key":"Molten Egg 2"}],"event_choices":[{"damage_healed":0,"gold_gain":0,"player_choice":"Success","damage_taken":7,"relics_obtained":["Juzu Bracelet"],"max_hp_gain":0,"max_hp_loss":0,"event_name":"Scrap Ooze","floor":2,"gold_loss":0},{"damage_healed":0,"gold_gain":0,"player_choice":"Grow","damage_taken":0,"max_hp_gain":0,"max_hp_loss":0,"event_name":"Living Wall","floor":13,"gold_loss":0,"cards_upgraded":["Capacitor"]}],"is_beta":false,"boss_relics":[{"not_picked":["White Beast Statue","Snecko Eye"],"picked":"Pandora\u0027s Box"}],"items_purged_floors":[],"is_endless":false,"potions_floor_spawned":[1,4,12],"ascension_level":0}