{"gold_per_floor":[113,128,203,378,378,378,411,423,447,372,372,77,77,93,93,193,193,211,211,224,110,127,127,145,145,169,169,21,48,60,72,72,72],"floor_reached":33,"playtime":1237,"items_purged":["Doubt","Defend_B","Strike_B"],"score":265,"play_id":"f72cedf4-31b7-4a89-89e3-0a56d055b1f7","local_time":"20190131154340","is_ascension_mode":false,"campfire_choices":[{"data":"Zap","floor":6.0,"key":"SMITH"},{"data":"Ball Lightning","floor":11.0,"key":"SMITH"},{"data":"Go for the Eyes","floor":13.0,"key":"SMITH"},{"data":"Coolheaded","floor":15.0,"key":"SMITH"},{"data":"Capacitor","floor":23,"key":"SMITH"},{"data":"Glacier","floor":27,"key":"SMITH"},{"data":"Conserve Battery","floor":32,"key":"SMITH"}],"neow_cost":"NONE","seed_source_timestamp":3268386436792710,"circlet_count":0,"master_deck":["Strike_B","Strike_B","Strike_B","Defend_B","Defend_B","Defend_B+1","Zap+1","Dualcast+1","Auto Shields+1","Ball Lightning+1","Coolheaded+1","Conserve Battery+1","Go for the Eyes+1","Reboot+1","Capacitor+1","Glacier+1","BootSequence","Glacier+1"],"special_seed":0,"relics":["Cracked Core","Calipers","Strawberry","Pen Nib","Membership Card","Nuclear Battery","Oddly Smooth Stone","War Paint","Anchor","Juzu Bracelet"],"potions_floor_usage":[],"damage_taken":[{"damage":3.0,"enemies":"2 Louse","floor":1.0,"turns":2.0},{"damage":0.0,"enemies":"Jaw Worm","floor":2.0,"turns":2.0},{"damage":10.0,"enemies":"Lagavulin","floor":7.0,"turns":7.0},{"damage":0.0,"enemies":"Cultist","floor":8.0,"turns":3.0},{"damage":1.0,"enemies":"Exordium Wildlife","floor":14.0,"turns":3.0},{"damage":16.0,"enemies":"Hexaghost","floor":16.0,"turns":11.0},{"damage":0.0,"enemies":"3 Byrds","floor":18.0,"turns":5.0},{"damage":2.0,"enemies":"Spheric Guardian","floor":20.0,"turns":4.0},{"damage":3,"enemies":"Centurion and Healer","floor":22,"turns":13},{"damage":6,"enemies":"Shelled Parasite and Fungi","floor":24,"turns":9},{"damage":14,"enemies":"Gremlin Leader","floor":29,"turns":14},{"damage":0,"enemies":"Snake Plant","floor":30,"turns":5},{"damage":0,"enemies":"3 Cultists","floor":31,"turns":7},{"damage":3,"enemies":"Collector","floor":33,"turns":10}],"seed_played":"-9067607387799497922","potions_obtained":[{"floor":16.0,"key":"Energy Potion"},{"floor":18.0,"key":"EssenceOfSteel"},{"floor":24,"key":"Energy Potion"},{"floor":30,"key":"Explosive Potion"}],"is_trial":false,"path_per_floor":["M","M","?","?","T","R","E","M","T","$","R","$","R","M","R","B",null,"M","?","M","$","M","R","M","?","T","R","$","E","M","M","R","B"],"character_chosen":"DEFECT","items_purchased":["Membership Card","Conserve Battery","Go for the Eyes","Glacier","BootSequence","War Paint","Anchor"],"campfire_rested":0,"item_purchase_floors":[12,12,12,21,21,28,28],"current_hp_per_floor":[72,72,61,61,61,61,58,58,58,58,58,58,58,57,57,41,82,82,82,80,80,77,77,71,71,71,71,71,57,57,57,57,54],"gold":72,"neow_bonus":"UPGRADE_CARD","is_prod":false,"is_daily":false,"chose_seed":false,"campfire_upgraded":7,"win_rate":0,"timestamp":1548949420,"path_taken":["M","M","?","?","?","R","E","M","T","$","R","$","R","M","R","BOSS","M","?","M","$","M","R","M","?","T","R","$","E","M","M","R","BOSS"],"build_version":"2019-01-23","purchased_purges":3,"victory":false,"max_hp_per_floor":[75,75,75,75,75,75,82,82,82,82,82,82,82,82,82,82,82,82,82,82,82,82,82,82,82,82,82,82,82,82,82,82,82],"card_choices":[{"not_picked":["Go for the Eyes","Gash"],"picked":"Auto Shields","floor":1.0},{"not_picked":["Recycle","Streamline"],"picked":"Ball Lightning","floor":2.0},{"not_picked":["Stack","Redo"],"picked":"Coolheaded","floor":7.0},{"not_picked":["Fusion","Hologram","Gash"],"picked":"SKIP","floor":8.0},{"not_picked":["Blizzard","White Noise","Lockon"],"picked":"SKIP","floor":14.0},{"not_picked":["All For One","Creative AI"],"picked":"Reboot","floor":16.0},{"not_picked":["Gash","Melter"],"picked":"Capacitor","floor":18.0},{"not_picked":["Streamline","Compile Driver","Turbo+1"],"picked":"SKIP","floor":20},{"not_picked":["Compile Driver","Rebound","Stack"],"picked":"SKIP","floor":22},{"not_picked":["Hologram","Rip and Tear","Streamline+1"],"picked":"SKIP","floor":24},{"not_picked":["Barrage","Doom and Gloom"],"picked":"Glacier+1","floor":29},{"not_picked":["Rebound","Beam Cell","Coolheaded"],"picked":"SKIP","floor":30},{"not_picked":["Redo","Double Energy","Biased Cognition"],"picked":"SKIP","floor":31}],"player_experience":1008162,"relics_obtained":[{"floor":5.0,"key":"Calipers"},{"floor":7.0,"key":"Strawberry"},{"floor":9.0,"key":"Pen Nib"},{"floor":26,"key":"Oddly Smooth Stone"},{"floor":29,"key":"Juzu Bracelet"}],"event_choices":[{"damage_healed":0.0,"max_hp_gain":0.0,"max_hp_loss":0.0,"gold_gain":75.0,"event_name":"World of Goop","player_choice":"Gather Gold","floor":3.0,"gold_loss":0.0,"damage_taken":11.0},{"damage_healed":0.0,"max_hp_gain":0.0,"max_hp_loss":0.0,"gold_gain":175.0,"event_name":"Liars Game","player_choice":"AGREE","floor":4.0,"gold_loss":0.0,"damage_taken":0.0,"cards_obtained":["Doubt"]},{"damage_healed":0.0,"max_hp_gain":0.0,"max_hp_loss":0.0,"gold_gain":0.0,"event_name":"Ghosts","player_choice":"Ignored","floor":19.0,"gold_loss":0.0,"damage_taken":0.0},{"damage_healed":0,"gold_gain":0,"player_choice":"Forge","damage_taken":0,"max_hp_gain":0,"max_hp_loss":0,"event_name":"Accursed Blacksmith","floor":25,"gold_loss":0,"cards_upgraded":["Reboot"]}],"is_beta":false,"boss_relics":[{"not_picked":["Velvet Choker","Fusion Hammer"],"picked":"Nuclear Battery"}],"items_purged_floors":[10,12,21],"is_endless":false,"potions_floor_spawned":[16,18,24,29,30],"killed_by":"Collector","ascension_level":0}