{"gold_per_floor":[116,116,35,47,59,93,108,121,170,183,183,194,194,209,209,329,329,342,59,98,117,48,83,83,118,418,431,431,475,475,475,475,598,598,621,639,655,780,780,277,312,330,330,330,349,23,39,39],"floor_reached":48,"playtime":2796,"items_purged":["Strike_G","Strike_G","Strike_G"],"score":710,"play_id":"9624a0d3-c8d7-4cfd-9bdc-7b93b0741959","local_time":"20190210132051","is_ascension_mode":true,"campfire_choices":[{"floor":11,"key":"REST"},{"floor":15,"key":"REST"},{"floor":24,"key":"REST"},{"floor":28,"key":"REST"},{"floor":30,"key":"REST"},{"floor":32,"key":"REST"},{"floor":44,"key":"REST"}],"neow_cost":"CURSE","seed_source_timestamp":9524386926910,"circlet_count":0,"master_deck":["Defend_G","Defend_G","Defend_G","Defend_G","Defend_G","Strike_G","Strike_G","Survivor","Neutralize","A Thousand Cuts","Flying Knee","Deadly Poison","Predator","Sucker Punch","Bouncing Flask","Backflip","Deadly Poison","Backstab","Bouncing Flask","Blur","Cloak And Dagger","Corpse Explosion","Deflect","Catalyst","Well Laid Plans","Discovery","Prepared","Leg Sweep","Crippling Poison","Dodge and Roll","Cloak And Dagger","Shame","Dagger Spray","After Image","PiercingWail","Accuracy","Envenom","Footwork+1","Catalyst","Injury"],"relics":["Ring of the Snake","Centennial Puzzle","Boot","Golden Idol","Cursed Key","Red Mask","Bottled Tornado","Anchor","Old Coin","Bronze Scales","Sozu","FossilizedHelix","GremlinMask","Paper Crane","Art of War","Snake Skull","Girya","ClockworkSouvenir"],"potions_floor_usage":[16,18,23,23,23,29,33,41],"damage_taken":[{"damage":6,"enemies":"Jaw Worm","floor":1,"turns":5},{"damage":1,"enemies":"Cultist","floor":4,"turns":3},{"damage":3,"enemies":"2 Louse","floor":5,"turns":3},{"damage":37,"enemies":"3 Sentries","floor":6,"turns":8},{"damage":0,"enemies":"Blue Slaver","floor":7,"turns":4},{"damage":6,"enemies":"2 Fungi Beasts","floor":8,"turns":3},{"damage":2,"enemies":"Lots of Slimes","floor":10,"turns":3},{"damage":3,"enemies":"Large Slime","floor":12,"turns":5},{"damage":3,"enemies":"Blue Slaver","floor":14,"turns":3},{"damage":20,"enemies":"Hexaghost","floor":16,"turns":8},{"damage":7,"enemies":"Spheric Guardian","floor":18,"turns":4},{"damage":12,"enemies":"Masked Bandits","floor":20,"turns":2},{"damage":0,"enemies":"Chosen","floor":21,"turns":4},{"damage":10,"enemies":"Book of Stabbing","floor":23,"turns":4},{"damage":31,"enemies":"Gremlin Leader","floor":25,"turns":7},{"damage":2,"enemies":"Centurion and Healer","floor":27,"turns":5},{"damage":28,"enemies":"Slavers","floor":29,"turns":5},{"damage":23,"enemies":"Champ","floor":33,"turns":11},{"damage":11,"enemies":"3 Shapes","floor":35,"turns":5},{"damage":7,"enemies":"Orb Walker","floor":36,"turns":4},{"damage":0,"enemies":"3 Darklings","floor":37,"turns":5},{"damage":3,"enemies":"Mind Bloom Boss Battle","floor":38,"turns":8},{"damage":0,"enemies":"Nemesis","floor":41,"turns":7},{"damage":15,"enemies":"Sphere and 2 Shapes","floor":42,"turns":6},{"damage":0,"enemies":"Maw","floor":45,"turns":8},{"damage":0,"enemies":"Transient","floor":47,"turns":5},{"damage":55,"enemies":"Spire Growth","floor":48,"turns":6}],"seed_played":"-8596476690688221486","potions_obtained":[{"floor":4,"key":"Strength Potion"},{"floor":6,"key":"GamblersBrew"},{"floor":8,"key":"GamblersBrew"},{"floor":16,"key":"Block Potion"},{"floor":18,"key":"PowerPotion"},{"floor":23,"key":"Ancient Potion"},{"floor":27,"key":"Block Potion"},{"floor":29,"key":"EssenceOfSteel"},{"floor":33,"key":"SkillPotion"}],"is_trial":false,"path_per_floor":["M","?","$","M","M","E","M","M","T","M","R","M","?","M","R","B",null,"M","$","?","M","$","E","R","E","T","M","R","E","R","?","R","B",null,"M","M","M","?","?","$","E","M","T","R","M","$","M","M"],"character_chosen":"THE_SILENT","items_purchased":["Deadly Poison","Predator","Catalyst","Well Laid Plans","Discovery","Crippling Poison","Paper Crane","Art of War","ClockworkSouvenir"],"campfire_rested":7,"item_purchase_floors":[3,3,19,19,19,22,40,40,46],"current_hp_per_floor":[64,64,64,63,60,23,23,17,17,15,36,33,33,30,49,29,65,58,58,46,46,46,36,55,24,24,22,41,13,32,32,51,28,65,54,47,47,44,44,44,44,29,29,48,48,48,48,0],"gold":39,"neow_bonus":"THREE_RARE_CARDS","is_prod":false,"is_daily":false,"chose_seed":false,"campfire_upgraded":0,"win_rate":0,"timestamp":1549826451,"path_taken":["M","?","$","M","M","E","?","M","T","?","R","M","?","M","R","BOSS","M","$","?","M","$","E","R","E","T","M","R","E","R","?","R","BOSS","M","M","?","?","?","$","E","M","T","R","?","$","M","M"],"build_version":"2019-01-23","purchased_purges":3,"victory":false,"max_hp_per_floor":[70,70,70,70,70,70,70,70,70,70,70,70,65,65,65,65,65,65,65,65,65,65,65,65,65,65,65,65,65,65,65,65,65,65,65,65,65,65,65,65,65,65,65,65,65,65,65,65],"card_choices":[{"not_picked":["Tools of the Trade","Adrenaline"],"picked":"A Thousand Cuts","floor":0},{"not_picked":["Terror","Reflex"],"picked":"Flying Knee","floor":1},{"not_picked":["Blade Dance","Slice"],"picked":"Sucker Punch","floor":4},{"not_picked":["Riddle With Holes","Dodge and Roll"],"picked":"Bouncing Flask","floor":5},{"not_picked":["Dagger Spray","Reflex"],"picked":"Backflip","floor":6},{"not_picked":["Acrobatics","Dagger Spray"],"picked":"Deadly Poison","floor":7},{"not_picked":["Expertise","Prepared"],"picked":"Backstab","floor":8},{"not_picked":["Calculated Gamble","Slice"],"picked":"Bouncing Flask","floor":10},{"not_picked":["Bane","Predator"],"picked":"Blur","floor":12},{"not_picked":["Dodge and Roll","Backflip"],"picked":"Cloak And Dagger","floor":14},{"not_picked":["Wraith Form v2","Malaise"],"picked":"Corpse Explosion","floor":16},{"not_picked":["Calculated Gamble","Sucker Punch"],"picked":"Deflect","floor":18},{"not_picked":["Terror","Deflect"],"picked":"Prepared","floor":20},{"not_picked":["Dagger Throw","PiercingWail"],"picked":"Leg Sweep","floor":21},{"not_picked":["Crippling Poison","Dagger Throw"],"picked":"Dodge and Roll","floor":23},{"not_picked":["Masterful Stab","PiercingWail"],"picked":"Cloak And Dagger","floor":25},{"not_picked":["Night Terror","Deflect"],"picked":"Dagger Spray","floor":27},{"not_picked":["Skewer","Eviscerate"],"picked":"After Image","floor":29},{"not_picked":["After Image","Unload"],"picked":"Envenom","floor":33},{"not_picked":["Dagger Spray+1","Blade Dance","Eviscerate+1"],"picked":"SKIP","floor":35},{"not_picked":["Backflip","Slice","Flying Knee+1"],"picked":"SKIP","floor":36},{"not_picked":["Predator+1","Prepared+1"],"picked":"Footwork+1","floor":37},{"not_picked":["Underhanded Strike+1","Deflect"],"picked":"Catalyst","floor":38},{"not_picked":["Quick Slash","Setup","Riddle With Holes+1"],"picked":"SKIP","floor":41},{"not_picked":["Sucker Punch+1","Dagger Spray+1","Slice+1"],"picked":"SKIP","floor":42},{"not_picked":["PiercingWail","Concentrate","Dagger Spray"],"picked":"SKIP","floor":45},{"not_picked":["Underhanded Strike+1","Accuracy","Sucker Punch+1"],"picked":"SKIP","floor":47}],"player_experience":146096,"relics_obtained":[{"floor":6,"key":"Centennial Puzzle"},{"floor":9,"key":"Boot"},{"floor":20,"key":"Red Mask"},{"floor":23,"key":"Bottled Tornado"},{"floor":25,"key":"Anchor"},{"floor":26,"key":"Old Coin"},{"floor":29,"key":"Bronze Scales"},{"floor":38,"key":"FossilizedHelix"},{"floor":41,"key":"Snake Skull"},{"floor":43,"key":"Girya"}],"event_choices":[{"cards_removed":["Clumsy"],"damage_healed":0,"gold_gain":0,"player_choice":"Purged","damage_taken":0,"max_hp_gain":0,"max_hp_loss":0,"event_name":"Purifier","floor":2,"gold_loss":0},{"damage_healed":0,"gold_gain":0,"player_choice":"Lose Max HP","damage_taken":0,"relics_obtained":["Golden Idol"],"max_hp_gain":0,"max_hp_loss":5,"event_name":"Golden Idol","floor":13,"gold_loss":0},{"damage_healed":0,"gold_gain":0,"player_choice":"Fought Bandits","damage_taken":0,"max_hp_gain":0,"max_hp_loss":0,"event_name":"Masked Bandits","floor":20,"gold_loss":0},{"damage_healed":0,"gold_gain":0,"player_choice":"2 cards matched","damage_taken":0,"max_hp_gain":0,"max_hp_loss":0,"event_name":"Match and Keep!","floor":31,"gold_loss":0,"cards_obtained":["PiercingWail","Accuracy"]},{"damage_healed":0,"gold_gain":0,"player_choice":"Fight","damage_taken":0,"max_hp_gain":0,"max_hp_loss":0,"event_name":"MindBloom","floor":38,"gold_loss":0},{"damage_healed":0,"gold_gain":0,"player_choice":"Trade","damage_taken":0,"relics_obtained":["GremlinMask"],"max_hp_gain":0,"max_hp_loss":0,"event_name":"FaceTrader","floor":39,"gold_loss":0}],"is_beta":false,"boss_relics":[{"not_picked":["WristBlade","Runic Pyramid"],"picked":"Cursed Key"},{"not_picked":["Fusion Hammer","HoveringKite"],"picked":"Sozu"}],"items_purged_floors":[19,40,46],"is_endless":false,"potions_floor_spawned":[4,6,8,10,16,18,23,27,29,33,35,37,38,42,47],"killed_by":"Spire Growth","ascension_level":3}