{"gold_per_floor":[115,190,208,208,208,236,64,97,97,97,111,127,127,139,139,216,216,230,230,230,14,14,14,34,66,66,66,82,111,111,111,111,111],"floor_reached":33,"playtime":1775,"items_purged":["Strike_G"],"score":682,"play_id":"98b11e3a-e88c-436c-b4d9-997a3c882f03","local_time":"20181227113753","is_ascension_mode":true,"campfire_choices":[{"data":"Noxious Fumes","floor":10,"key":"SMITH"},{"floor":15,"key":"REST"},{"data":"Madness","floor":23,"key":"SMITH"},{"data":"Wraith Form v2","floor":27,"key":"SMITH"},{"data":"Night Terror","floor":30,"key":"SMITH"},{"data":"Deadly Poison","floor":32,"key":"SMITH"}],"neow_cost":"NONE","seed_source_timestamp":868037293209995,"circlet_count":0,"master_deck":["AscendersBane","Defend_G","Defend_G","Defend_G","Defend_G","Strike_G","Survivor","Neutralize","Sucker Punch","Adrenaline","Noxious Fumes+1","Masterful Stab","Deadly Poison+1","Riddle With Holes","Dagger Throw","PiercingWail","Dagger Spray","Wraith Form v2+1","Endless Agony","Ghostly","Ghostly","Ghostly","All Out Attack","Madness+1","Backstab","Deflect","Acrobatics","Night Terror+1","Blade Dance","Tactician"],"relics":["Ring of the Snake","NeowsBlessing","Tough Bandages","FossilizedHelix","Unceasing Top","Coffee Dripper","Smiling Mask","Mummified Hand","Gremlin Horn"],"potions_floor_usage":[8,16,16,25,33],"damage_taken":[{"damage":0,"enemies":"Jaw Worm","floor":1,"turns":1},{"damage":0,"enemies":"2 Louse","floor":3,"turns":1},{"damage":0,"enemies":"Lagavulin","floor":6,"turns":1},{"damage":24,"enemies":"Gremlin Nob","floor":8,"turns":4},{"damage":0,"enemies":"Small Slimes","floor":11,"turns":3},{"damage":0,"enemies":"3 Louse","floor":12,"turns":3},{"damage":0,"enemies":"Looter","floor":14,"turns":2},{"damage":9,"enemies":"Slime Boss","floor":16,"turns":8},{"damage":13,"enemies":"Spheric Guardian","floor":18,"turns":6},{"damage":0,"enemies":"Shell Parasite","floor":24,"turns":4},{"damage":15,"enemies":"Slavers","floor":25,"turns":6},{"damage":0,"enemies":"Snecko","floor":28,"turns":6},{"damage":0,"enemies":"Gremlin Leader","floor":29,"turns":8},{"damage":57,"enemies":"Champ","floor":33,"turns":8}],"seed_played":"-5344663548053075904","potions_obtained":[{"floor":1,"key":"Strength Potion"},{"floor":3,"key":"SkillPotion"},{"floor":8,"key":"PowerPotion"},{"floor":18,"key":"AttackPotion"},{"floor":29,"key":"Regen Potion"}],"is_trial":false,"path_per_floor":["M","?","M","?","?","E","$","E","T","R","M","M","?","M","R","B",null,"M","?","?","$","?","R","M","E","T","R","M","E","R","?","R","B"],"character_chosen":"THE_SILENT","items_purchased":["Noxious Fumes","Masterful Stab","Madness","Backstab"],"campfire_rested":1,"item_purchase_floors":[7,7,21,21],"current_hp_per_floor":[59,48,48,53,46,46,46,22,22,22,22,22,22,22,43,34,62,49,35,35,35,35,35,35,20,20,20,20,20,20,20,20,0],"gold":111,"neow_bonus":"THREE_ENEMY_KILL","is_prod":false,"is_daily":false,"chose_seed":false,"campfire_upgraded":5,"win_rate":0,"timestamp":1545939473,"path_taken":["M","?","M","?","?","E","$","E","T","R","M","M","?","M","R","BOSS","M","?","?","?","?","R","M","E","T","R","?","E","R","?","R","BOSS"],"build_version":"2018-12-20","purchased_purges":1,"victory":false,"max_hp_per_floor":[66,66,66,71,71,71,71,71,71,71,71,71,71,71,71,71,71,71,35,35,35,35,35,35,35,35,35,35,35,35,35,35,35],"card_choices":[{"not_picked":["Bane","Underhanded Strike","Dodge and Roll"],"picked":"SKIP","floor":1},{"not_picked":["Bane","Outmaneuver"],"picked":"Sucker Punch","floor":3},{"not_picked":["Escape Plan","Deflect"],"picked":"Adrenaline","floor":6},{"not_picked":["Night Terror","Slice"],"picked":"Deadly Poison","floor":8},{"not_picked":["Cloak And Dagger","Backflip"],"picked":"Riddle With Holes","floor":11},{"not_picked":["Masterful Stab","PiercingWail"],"picked":"Dagger Throw","floor":12},{"not_picked":["PiercingWail","Infinite Blades"],"picked":"Dagger Spray","floor":14},{"not_picked":["Adrenaline","Night Terror"],"picked":"Wraith Form v2","floor":16},{"not_picked":["Dash","Flying Knee"],"picked":"Endless Agony","floor":18},{"not_picked":["Reflex","PiercingWail"],"picked":"Deflect","floor":24},{"not_picked":["Doppelganger","Backflip+1"],"picked":"Acrobatics","floor":25},{"not_picked":["Quick Slash","Acrobatics","Outmaneuver"],"picked":"SKIP","floor":28},{"not_picked":["Noxious Fumes","A Thousand Cuts"],"picked":"Night Terror","floor":29}],"player_experience":225085,"relics_obtained":[{"floor":6,"key":"Tough Bandages"},{"floor":8,"key":"FossilizedHelix"},{"floor":9,"key":"Unceasing Top"},{"floor":25,"key":"Smiling Mask"},{"floor":26,"key":"Mummified Hand"},{"floor":29,"key":"Gremlin Horn"}],"event_choices":[{"damage_healed":0,"gold_gain":75,"player_choice":"Gather Gold","damage_taken":11,"max_hp_gain":0,"max_hp_loss":0,"event_name":"World of Goop","floor":2,"gold_loss":0},{"damage_healed":0,"gold_gain":0,"player_choice":"Donut","damage_taken":0,"max_hp_gain":5,"max_hp_loss":0,"event_name":"Big Fish","floor":4,"gold_loss":0},{"cards_removed":["Strike_G"],"damage_healed":0,"gold_gain":0,"player_choice":"Card Removal","damage_taken":7,"max_hp_gain":0,"max_hp_loss":0,"event_name":"Golden Wing","floor":5,"gold_loss":0},{"damage_healed":0,"gold_gain":0,"cards_transformed":["Strike_G"],"player_choice":"Change","damage_taken":0,"max_hp_gain":0,"max_hp_loss":0,"event_name":"Living Wall","floor":13,"gold_loss":0,"cards_obtained":["PiercingWail"]},{"damage_healed":0,"gold_gain":0,"player_choice":"Became a Ghost","damage_taken":0,"max_hp_gain":0,"max_hp_loss":36,"event_name":"Ghosts","floor":19,"gold_loss":0,"cards_obtained":["Ghostly","Ghostly","Ghostly"]},{"damage_healed":0,"gold_gain":0,"player_choice":"Read","damage_taken":0,"max_hp_gain":0,"max_hp_loss":0,"event_name":"The Library","floor":20,"gold_loss":0,"cards_obtained":["All Out Attack"]},{"damage_healed":0,"gold_gain":0,"player_choice":"Ignored","damage_taken":0,"max_hp_gain":0,"max_hp_loss":0,"event_name":"Cursed Tome","floor":22,"gold_loss":0},{"damage_healed":0,"gold_gain":0,"cards_transformed":["Defend_G","Strike_G"],"player_choice":"Became Test Subject","damage_taken":0,"max_hp_gain":0,"max_hp_loss":0,"event_name":"Drug Dealer","floor":31,"gold_loss":0,"cards_obtained":["Blade Dance","Tactician"]}],"is_beta":false,"boss_relics":[{"not_picked":["Lizard Tail","White Beast Statue"],"picked":"Coffee Dripper"}],"items_purged_floors":[21],"is_endless":false,"potions_floor_spawned":[1,3,8,12,18,29],"killed_by":"Champ","ascension_level":20}