{"gold_per_floor":[112,62,62,62,77,103,103,120,120,137,137,153,181,196,196,271,271,289,304,13,33,49,49,59,59,82,82,82,102,27,38,38,112,112,126,0,100,100,112,146,146,165,242,242,256,256,71,71,71,71],"floor_reached":51,"playtime":4564,"items_purged":["Strike_G","Strike_G"],"score":1299,"play_id":"095ef4f4-237c-4350-97de-42c199bfb1f6","local_time":"20181124193814","is_ascension_mode":true,"campfire_choices":[{"data":"Noxious Fumes","floor":7,"key":"SMITH"},{"data":"Neutralize","floor":15,"key":"SMITH"},{"floor":23,"key":"REST"},{"floor":25,"key":"REST"},{"floor":32,"key":"REST"},{"data":"Burst","floor":41,"key":"SMITH"},{"data":"After Image","floor":44,"key":"SMITH"},{"floor":49,"key":"REST"}],"neow_cost":"NONE","seed_source_timestamp":358480849021616,"circlet_count":0,"master_deck":["AscendersBane","Defend_G","Defend_G+1","Defend_G","Survivor","Neutralize+1","Noxious Fumes+1","Tactician+1","Backflip","After Image+1","Deadly Poison","Bane","PiercingWail","Adrenaline","Dagger Throw","Burst+1","Dagger Spray+1","Bouncing Flask","Dodge and Roll+1","Night Terror","Escape Plan","Envenom","Backflip","PiercingWail+1","Adrenaline","Acrobatics","Sucker Punch+1","Well Laid Plans","Madness","Madness","Catalyst","Deflect"],"special_seed":0,"relics":["Ring of the Snake","NeowsBlessing","Shuriken","Sundial","War Paint","Sozu","Calipers","Snake Skull","Question Card","Busted Crown","Red Mask","Ginger","Molten Egg 2","Pocketwatch","Paper Crane"],"potions_floor_usage":[13,16,16,18],"damage_taken":[{"damage":0.0,"enemies":"Jaw Worm","floor":1.0,"turns":1.0},{"damage":0.0,"enemies":"Small Slimes","floor":5.0,"turns":1.0},{"damage":0.0,"enemies":"3 Sentries","floor":6.0,"turns":2.0},{"damage":1,"enemies":"2 Louse","floor":8,"turns":3},{"damage":5,"enemies":"Red Slaver","floor":10,"turns":6},{"damage":4,"enemies":"2 Fungi Beasts","floor":12,"turns":4},{"damage":19,"enemies":"Gremlin Nob","floor":13,"turns":4},{"damage":0,"enemies":"Large Slime","floor":14,"turns":7},{"damage":0,"enemies":"Hexaghost","floor":16,"turns":9},{"damage":0,"enemies":"3 Byrds","floor":18,"turns":4},{"damage":12,"enemies":"2 Thieves","floor":19,"turns":4},{"damage":15,"enemies":"Shelled Parasite and Fungi","floor":21,"turns":6},{"damage":11,"enemies":"Cultist and Chosen","floor":22,"turns":7},{"damage":11,"enemies":"Centurion and Healer","floor":24,"turns":7},{"damage":11,"enemies":"Sentry and Sphere","floor":29,"turns":6},{"damage":0,"enemies":"Shelled Parasite and Fungi","floor":31,"turns":6},{"damage":44,"enemies":"Automaton","floor":33,"turns":13},{"damage":0,"enemies":"3 Darklings","floor":35,"turns":3},{"damage":0,"enemies":"Mind Bloom Boss Battle","floor":37,"turns":8},{"damage":0,"enemies":"3 Shapes","floor":39,"turns":5},{"damage":0,"enemies":"Nemesis","floor":40,"turns":9},{"damage":0,"enemies":"Writhing Mass","floor":42,"turns":7},{"damage":0,"enemies":"Maw","floor":45,"turns":8},{"damage":26,"enemies":"Donu and Deca","floor":50,"turns":9}],"seed_played":"3518709393679182030","potions_obtained":[{"floor":5.0,"key":"EssenceOfSteel"},{"floor":11,"key":"Poison Potion"},{"floor":12,"key":"Strength Potion"},{"floor":13,"key":"EssenceOfSteel"},{"floor":16,"key":"GamblersBrew"}],"is_trial":false,"path_per_floor":["M","?","$","?","M","E","R","M","T","M","?","M","E","M","R","B",null,"M","M","$","M","M","R","M","R","T","T","?","M","$","M","R","B",null,"M","?","?","T","M","E","R","M","T","R","M","?","$","?","R","B",null],"character_chosen":"THE_SILENT","items_purchased":["Calipers","Catalyst","Deflect"],"campfire_rested":4,"item_purchase_floors":[20,47,47],"current_hp_per_floor":[59,59,59,59,59,59,59,58,58,53,53,49,30,30,30,30,57,57,45,45,30,19,38,27,46,46,46,46,35,35,35,54,10,52,52,52,52,52,52,52,52,52,52,52,52,44,44,44,63,37],"gold":71,"neow_bonus":"THREE_ENEMY_KILL","is_prod":false,"is_daily":false,"chose_seed":false,"campfire_upgraded":4,"win_rate":0,"timestamp":1543117094,"path_taken":["M","?","$","?","M","E","R","M","T","M","?","M","E","M","R","BOSS","M","M","$","M","M","R","M","R","T","?","?","M","$","M","R","BOSS","M","?","?","?","?","E","R","M","T","R","M","?","$","?","R","BOSS"],"build_version":"2018-11-15","purchased_purges":2,"victory":true,"max_hp_per_floor":[66,66,66,66,66,66,66,66,66,66,66,66,66,66,66,66,66,66,66,66,66,66,66,66,66,66,66,66,66,66,66,66,66,66,66,66,66,66,66,66,66,66,66,66,66,66,66,66,66,66],"card_choices":[{"not_picked":["Deadly Poison","Underhanded Strike"],"picked":"Noxious Fumes","floor":1.0},{"not_picked":["Deadly Poison","Endless Agony"],"picked":"Backflip","floor":5.0},{"not_picked":["Acrobatics","Underhanded Strike"],"picked":"After Image","floor":6.0},{"not_picked":["Quick Slash","Sucker Punch"],"picked":"Deadly Poison","floor":8},{"not_picked":["Outmaneuver","Dagger Throw"],"picked":"Bane","floor":10},{"not_picked":["Flying Knee","Backflip"],"picked":"PiercingWail","floor":12},{"not_picked":["Deadly Poison","Dodge and Roll"],"picked":"Adrenaline","floor":13},{"not_picked":["Flying Knee","Flechettes"],"picked":"Dagger Throw","floor":14},{"not_picked":["Wraith Form v2","Tools of the Trade"],"picked":"Burst","floor":16},{"not_picked":["Expertise","Underhanded Strike"],"picked":"Dagger Spray+1","floor":18},{"not_picked":["Deadly Poison","Dodge and Roll"],"picked":"Bouncing Flask","floor":19},{"not_picked":["PiercingWail","Outmaneuver"],"picked":"Dodge and Roll+1","floor":21},{"not_picked":["Reflex","Blade Dance"],"picked":"Night Terror","floor":22},{"not_picked":["Quick Slash","Prepared"],"picked":"Escape Plan","floor":24},{"not_picked":["Blade Dance","PiercingWail","Outmaneuver","Underhanded Strike"],"picked":"SKIP","floor":29},{"not_picked":["Acrobatics","Expertise","Heel Hook"],"picked":"PiercingWail+1","floor":31},{"not_picked":["Bullet Time","Doppelganger","Storm of Steel"],"picked":"Adrenaline","floor":33},{"not_picked":["Predator+1","Endless Agony"],"picked":"SKIP","floor":35},{"not_picked":["Accuracy","Deflect"],"picked":"SKIP","floor":39},{"not_picked":["Dagger Throw+1"],"picked":"Acrobatics","floor":40},{"not_picked":["All Out Attack+1"],"picked":"Sucker Punch+1","floor":42},{"not_picked":["Dagger Throw+1"],"picked":"Well Laid Plans","floor":45}],"player_experience":144512,"relics_obtained":[{"floor":6.0,"key":"Shuriken"},{"floor":9,"key":"Sundial"},{"floor":13,"key":"War Paint"},{"floor":26,"key":"Snake Skull"},{"floor":27,"key":"Question Card"},{"floor":37,"key":"Ginger"},{"floor":38,"key":"Molten Egg 2"},{"floor":40,"key":"Pocketwatch"},{"floor":43,"key":"Paper Crane"}],"event_choices":[{"cards_removed":["Strike_G"],"damage_healed":0.0,"max_hp_gain":0.0,"max_hp_loss":0.0,"gold_gain":0.0,"event_name":"The Cleric","player_choice":"Card Removal","floor":2.0,"gold_loss":50.0,"damage_taken":0.0},{"damage_healed":0.0,"max_hp_gain":0.0,"max_hp_loss":0.0,"gold_gain":0.0,"cards_transformed":["Strike_G"],"event_name":"Living Wall","player_choice":"Change","floor":4.0,"gold_loss":0.0,"damage_taken":0.0,"cards_obtained":["Tactician"]},{"damage_healed":0,"gold_gain":0,"player_choice":"Got Potions","damage_taken":0,"max_hp_gain":0,"max_hp_loss":0,"event_name":"Lab","floor":11,"gold_loss":0},{"damage_healed":0,"gold_gain":0,"cards_transformed":["Strike_G","Defend_G"],"player_choice":"Became Test Subject","damage_taken":0,"max_hp_gain":0,"max_hp_loss":0,"event_name":"Drug Dealer","floor":28,"gold_loss":0,"cards_obtained":["Envenom","Backflip"]},{"damage_healed":0,"gold_gain":0,"player_choice":"Paid","damage_taken":0,"relics_obtained":["Red Mask"],"max_hp_gain":0,"max_hp_loss":0,"event_name":"Tomb of Lord Red Mask","floor":36,"gold_loss":126},{"damage_healed":0,"gold_gain":0,"player_choice":"Fight","damage_taken":0,"max_hp_gain":0,"max_hp_loss":0,"event_name":"MindBloom","floor":37,"gold_loss":0},{"damage_healed":0,"gold_gain":0,"player_choice":"Embrace Madness","damage_taken":8,"max_hp_gain":0,"max_hp_loss":0,"event_name":"Winding Halls","floor":46,"gold_loss":0,"cards_obtained":["Madness","Madness"]},{"cards_removed":["Defend_G"],"damage_healed":0,"gold_gain":0,"player_choice":"Purged","damage_taken":0,"max_hp_gain":0,"max_hp_loss":0,"event_name":"Purifier","floor":48,"gold_loss":0}],"is_beta":false,"boss_relics":[{"not_picked":["Velvet Choker","Orrery"],"picked":"Sozu"},{"not_picked":["HoveringKite","Lizard Tail"],"picked":"Busted Crown"}],"items_purged_floors":[30,47],"is_endless":false,"potions_floor_spawned":[5,12,13,16,22,29,33,37],"ascension_level":14}