{"gold_per_floor":[110,121,27,27,41,41,72,72,72,86,86,117,117,150,150,224,224,238,252,252],"floor_reached":20,"playtime":1824,"items_purged":[],"score":336,"play_id":"9b4ee251-3003-4cf7-907a-111e761e55d0","local_time":"20190202112541","is_ascension_mode":true,"campfire_choices":[{"data":"Dualcast","floor":6,"key":"SMITH"},{"data":"Loop","floor":8,"key":"SMITH"},{"floor":11,"key":"REST"},{"data":"Consume","floor":15,"key":"SMITH"}],"neow_cost":"NONE","seed_source_timestamp":71593557790289,"circlet_count":0,"master_deck":["AscendersBane","Zap+1","Dualcast+1","Capacitor","Double Energy","Conserve Battery","Consume+1","Rebound","Aggregate","All For One","Coolheaded","Compile Driver","FTL","Ball Lightning","Leap","Chill","Loop+1","Fission","Glacier","Creative AI","Tempest"],"relics":["Pandora\u0027s Box","Symbiotic Virus","Boot","Omamori","Dream Catcher","Nuclear Battery"],"potions_floor_usage":[18],"damage_taken":[{"damage":5,"enemies":"Jaw Worm","floor":1,"turns":5},{"damage":3,"enemies":"Cultist","floor":2,"turns":4},{"damage":12,"enemies":"2 Louse","floor":5,"turns":2},{"damage":18,"enemies":"3 Sentries","floor":7,"turns":6},{"damage":0,"enemies":"Exordium Wildlife","floor":10,"turns":3},{"damage":4,"enemies":"Gremlin Nob","floor":12,"turns":3},{"damage":7,"enemies":"3 Sentries","floor":14,"turns":4},{"damage":13,"enemies":"The Guardian","floor":16,"turns":8},{"damage":17,"enemies":"3 Byrds","floor":18,"turns":4},{"damage":0,"enemies":"Shell Parasite","floor":19,"turns":7},{"damage":21,"enemies":"Colosseum Slavers","floor":20,"turns":5},{"damage":21,"enemies":"Colosseum Nobs","floor":20,"turns":2}],"seed_played":"-3811100853454713691","potions_obtained":[{"floor":2,"key":"SneckoOil"},{"floor":5,"key":"Explosive Potion"},{"floor":10,"key":"FearPotion"},{"floor":12,"key":"Ancient Potion"},{"floor":19,"key":"Fire Potion"}],"is_trial":false,"path_per_floor":["M","M","$","?","M","R","E","R","T","M","R","E","$","E","R","B",null,"M","M","?"],"character_chosen":"DEFECT","items_purchased":["Ball Lightning","Leap"],"campfire_rested":1,"item_purchase_floors":[3,3],"current_hp_per_floor":[59,56,56,56,44,44,26,26,26,26,47,43,43,36,36,23,59,42,42,0],"gold":252,"neow_bonus":"BOSS_RELIC","is_prod":false,"is_daily":false,"chose_seed":false,"campfire_upgraded":3,"win_rate":0,"timestamp":1549135541,"path_taken":["M","M","$","?","M","R","E","R","T","M","R","E","?","E","R","BOSS","M","M","?"],"build_version":"2019-01-23","purchased_purges":0,"victory":false,"max_hp_per_floor":[71,71,71,71,71,71,71,71,71,71,71,71,71,71,71,71,71,71,71,71],"card_choices":[{"not_picked":["Turbo","Capacitor"],"picked":"Compile Driver","floor":1},{"not_picked":["Beam Cell","Hello World"],"picked":"FTL","floor":2},{"not_picked":["Rebound","Undo"],"picked":"Chill","floor":5},{"not_picked":["FTL","Sunder"],"picked":"Loop","floor":7},{"not_picked":["Gash","Fusion"],"picked":"Fission","floor":10},{"not_picked":["Sweeping Beam","Storm","Barrage"],"picked":"SKIP","floor":12},{"not_picked":["Hello World","Aggregate"],"picked":"Glacier","floor":14},{"not_picked":["Reboot","Buffer"],"picked":"Creative AI","floor":16},{"not_picked":["Redo","Self Repair"],"picked":"Tempest","floor":18},{"not_picked":["Cold Snap+1","Streamline","Stack"],"picked":"SKIP","floor":19}],"player_experience":478607,"relics_obtained":[{"floor":7,"key":"Symbiotic Virus"},{"floor":9,"key":"Boot"},{"floor":12,"key":"Omamori"},{"floor":14,"key":"Dream Catcher"}],"event_choices":[{"damage_healed":0,"gold_gain":0,"player_choice":"Upgraded","damage_taken":0,"max_hp_gain":0,"max_hp_loss":0,"event_name":"Upgrade Shrine","floor":4,"gold_loss":0,"cards_upgraded":["Zap"]},{"damage_healed":0,"gold_gain":0,"player_choice":"Fight","damage_taken":0,"max_hp_gain":0,"max_hp_loss":0,"event_name":"Colosseum","floor":20,"gold_loss":0},{"damage_healed":0,"gold_gain":0,"player_choice":"Fought Nobs","damage_taken":0,"max_hp_gain":0,"max_hp_loss":0,"event_name":"Colosseum","floor":20,"gold_loss":0}],"is_beta":false,"boss_relics":[{"not_picked":["White Beast Statue","Velvet Choker"],"picked":"Nuclear Battery"}],"items_purged_floors":[],"is_endless":false,"potions_floor_spawned":[2,5,10,12,19],"killed_by":"Colosseum Nobs","ascension_level":15}