{"gold_per_floor":[111,131,21,32,32,55,55,73,118,118,118,118,131,152,152,278,278,293,307,328,347,34,67,97,97,97,97,97,115,138,14,14,142,142,156,156,50,75,133,133,152,166,166,166,4,4,18,18,18,18],"floor_reached":51,"playtime":4753,"items_purged":["Strike_B","Shame","Strike_B","Strike_B"],"score":686,"play_id":"e22513e0-70ea-4fd1-8ed7-a741420fc693","local_time":"20180929194140","is_ascension_mode":false,"campfire_choices":[{"data":"Sunder","floor":10,"key":"SMITH"},{"data":"Streamline","floor":12,"key":"SMITH"},{"data":"Self Repair","floor":15,"key":"SMITH"},{"data":"Loop","floor":25,"key":"SMITH"},{"data":"Conserve Battery","floor":27,"key":"SMITH"},{"floor":32,"key":"REST"},{"floor":40,"key":"REST"},{"floor":44,"key":"REST"},{"floor":49,"key":"REST"}],"neow_cost":"PERCENT_DAMAGE","seed_source_timestamp":1812843211876890,"circlet_count":0,"master_deck":["Defend_B","Defend_B","Defend_B","Zap","Dualcast","Conserve Battery+1","Streamline+1","Self Repair+1","Sunder+1","Cold Snap","Ball Lightning","Sweeping Beam","Electrodynamics","Leap","Multi-Cast","Lockon+1","Darkness+1","Hologram","Redo+1","Loop+1","Glacier","Turbo","Fission","Consume","Leap","Loop","Stack+1","Auto Shields+1","Loop","Discovery","Apotheosis","Hologram+1"],"relics":["Cracked Core","Golden Idol","Vajra","Inserter","Membership Card","Potion Belt","Singing Bowl","Tiny Chest","Gremlin Horn","Bag of Preparation","Fusion Hammer","Incense Burner"],"potions_floor_usage":[16,16,23,23,23,42,47,47],"damage_taken":[{"damage":1,"enemies":"Jaw Worm","floor":1,"turns":3},{"damage":5,"enemies":"Small Slimes","floor":2,"turns":3},{"damage":0,"enemies":"2 Louse","floor":4,"turns":2},{"damage":9,"enemies":"Large Slime","floor":6,"turns":7},{"damage":0,"enemies":"3 Louse","floor":8,"turns":2},{"damage":5,"enemies":"Looter","floor":13,"turns":3},{"damage":0,"enemies":"Gremlin Gang","floor":14,"turns":5},{"damage":0,"enemies":"Slime Boss","floor":16,"turns":5},{"damage":21,"enemies":"2 Thieves","floor":18,"turns":3},{"damage":5,"enemies":"3 Byrds","floor":19,"turns":3},{"damage":15,"enemies":"Cultist and Chosen","floor":20,"turns":5},{"damage":27,"enemies":"Sentry and Sphere","floor":21,"turns":7},{"damage":13,"enemies":"Gremlin Leader","floor":23,"turns":5},{"damage":6,"enemies":"Snake Plant","floor":29,"turns":4},{"damage":24,"enemies":"Shelled Parasite and Fungi","floor":30,"turns":5},{"damage":32,"enemies":"Champ","floor":33,"turns":20},{"damage":0,"enemies":"3 Shapes","floor":35,"turns":2},{"damage":5,"enemies":"Orb Walker","floor":38,"turns":5},{"damage":3,"enemies":"Mysterious Sphere","floor":39,"turns":4},{"damage":0,"enemies":"Sphere and 2 Shapes","floor":41,"turns":4},{"damage":51,"enemies":"Maw","floor":42,"turns":10},{"damage":0,"enemies":"Reptomancer","floor":47,"turns":4},{"damage":36,"enemies":"Time Eater","floor":50,"turns":27}],"seed_played":"1664621443221055898","potions_obtained":[{"floor":6,"key":"PowerPotion"},{"floor":14,"key":"AttackPotion"},{"floor":16,"key":"Fruit Juice"},{"floor":19,"key":"PowerPotion"},{"floor":21,"key":"Poison Potion"},{"floor":29,"key":"LiquidBronze"},{"floor":30,"key":"Explosive Potion"},{"floor":41,"key":"AttackPotion"},{"floor":42,"key":"Energy Potion"}],"is_trial":false,"path_per_floor":["M","M","$","M","?","M","?","M","T","R","?","R","M","M","R","B",null,"M","M","M","M","$","E","?","R","T","R","?","M","M","$","R","B",null,"M","?","$","M","?","R","M","M","T","R","$","?","M","$","R","B"],"character_chosen":"DEFECT","items_purchased":["Self Repair","Sunder","Membership Card","Potion Belt","Bag of Preparation","Leap","Loop","Loop","Discovery"],"campfire_rested":4,"item_purchase_floors":[3,3,22,22,31,37,37,45,45],"current_hp_per_floor":[53,48,48,55,37,35,35,42,42,42,42,42,44,51,51,66,80,59,64,59,42,42,49,49,49,49,49,49,53,41,41,65,43,82,82,78,78,80,80,80,82,41,41,65,65,65,75,75,82,56],"gold":18,"neow_bonus":"REMOVE_TWO","is_prod":false,"is_daily":false,"chose_seed":false,"campfire_upgraded":5,"win_rate":0,"timestamp":1538264500,"path_taken":["M","M","$","M","?","M","?","M","T","R","?","R","?","M","R","BOSS","M","M","M","M","$","E","?","R","T","R","?","M","M","$","R","BOSS","M","?","$","M","?","R","M","?","T","R","$","?","M","$","R","BOSS"],"build_version":"2018-09-27","purchased_purges":4,"victory":true,"max_hp_per_floor":[75,75,75,75,75,75,75,75,75,75,75,75,75,75,75,80,80,80,80,80,80,80,80,80,80,80,80,80,80,82,82,82,82,82,82,78,78,80,80,80,82,82,82,82,82,82,82,82,82,82],"card_choices":[{"not_picked":["Go for the Eyes","Skim"],"picked":"Conserve Battery","floor":1},{"not_picked":["FTL","Redo"],"picked":"Streamline","floor":2},{"not_picked":["Turbo","Amplify"],"picked":"Cold Snap","floor":4},{"not_picked":["Reinforced Body","Blizzard"],"picked":"Ball Lightning","floor":6},{"not_picked":["Reinforced Body","Recycle"],"picked":"Sweeping Beam","floor":8},{"not_picked":["Cold Snap","Hello World"],"picked":"Leap","floor":13},{"not_picked":["Sweeping Beam","Rebound","Ball Lightning"],"picked":"SKIP","floor":14},{"not_picked":["Rainbow","Machine Learning"],"picked":"Multi-Cast","floor":16},{"not_picked":["Streamline+1","Gash"],"picked":"Lockon+1","floor":18},{"not_picked":["Double Energy","Conserve Battery"],"picked":"Darkness+1","floor":19},{"not_picked":["Force Field+1","Rainbow"],"picked":"Hologram","floor":20},{"not_picked":["Beam Cell+1","Stack"],"picked":"Redo+1","floor":21},{"not_picked":["Lockon+1","Seek"],"picked":"Loop","floor":23},{"not_picked":["Stack","Hologram"],"picked":"Turbo","floor":29},{"not_picked":["Darkness+1","Hello World+1","Gash"],"picked":"Singing Bowl","floor":30},{"not_picked":["All For One","Core Surge"],"picked":"Fission","floor":33},{"not_picked":["Streamline","Stack"],"picked":"Consume","floor":35},{"not_picked":["Redo+1","Barrage","Darkness"],"picked":"Singing Bowl","floor":38},{"not_picked":["Gash","Fusion+1"],"picked":"Stack+1","floor":39},{"not_picked":["Ball Lightning+1","Blizzard+1","Conserve Battery"],"picked":"Singing Bowl","floor":41},{"not_picked":["FTL","Heatsinks+1"],"picked":"Auto Shields+1","floor":42},{"not_picked":["Swift Strike","Mind Blast"],"picked":"Apotheosis","floor":46},{"not_picked":["Stack","Leap+1"],"picked":"Hologram+1","floor":47}],"player_experience":2844471,"relics_obtained":[{"floor":9,"key":"Vajra"},{"floor":23,"key":"Singing Bowl"},{"floor":26,"key":"Gremlin Horn"},{"floor":39,"key":"Incense Burner"}],"event_choices":[{"event_name":"Golden Idol","player_choice":"Take Damage","floor":5,"damage_taken":0},{"event_name":"Liars Game","player_choice":"disagreed","floor":7,"damage_taken":0},{"event_name":"Match and Keep!","player_choice":"1 cards matched","floor":11,"damage_taken":0},{"event_name":"Addict","player_choice":"Stole Relic","floor":24,"damage_taken":0},{"event_name":"The Library","player_choice":"Read","floor":28,"damage_taken":0},{"event_name":"Winding Halls","player_choice":"Max HP","floor":36,"damage_taken":0},{"event_name":"Mysterious Sphere","player_choice":"Fight","floor":39,"damage_taken":0},{"event_name":"SensoryStone","player_choice":"Memory 1","floor":46,"damage_taken":0}],"is_beta":false,"boss_relics":[{"not_picked":["Orrery","Velvet Choker"],"picked":"Inserter"},{"not_picked":["Black Star","Empty Cage"],"picked":"Fusion Hammer"}],"items_purged_floors":[22,31,37,45],"is_endless":false,"potions_floor_spawned":[6,14,16,19,21,29,30,41,42],"ascension_level":0}