{"gold_per_floor":[112,122,122,133,151,151,183,183,183,212,230,230,244,259,259,336,336,353,14,40,58,68,103,103,18,43,43,43],"floor_reached":28,"playtime":1886,"items_purged":["Strike_G"],"score":500,"play_id":"244f4e2e-aaa5-4cfd-b321-baa0f04aaaaa","local_time":"20181224140453","is_ascension_mode":true,"campfire_choices":[{"data":"Tools of the Trade","floor":6,"key":"SMITH"},{"data":"Poisoned Stab","floor":8,"key":"SMITH"},{"floor":15,"key":"REST"}],"neow_cost":"NONE","seed_source_timestamp":617546286936340,"circlet_count":0,"master_deck":["AscendersBane","Defend_G+1","Defend_G","Defend_G","Defend_G","Defend_G+1","Strike_G","Strike_G","Strike_G","Strike_G","Survivor","Neutralize","Poisoned Stab+1","Tools of the Trade+1","Flying Knee","Sucker Punch","Blur","Cloak And Dagger","Cloak And Dagger","Dash","Backstab","Caltrops","Bane","Endless Agony","Ghostly","Ghostly","Ghostly"],"relics":["Ring of the Serpent","WarpedTongs","Shuriken","Pear","Letter Opener","Sling","Ancient Tea Set","War Paint","Regal Pillow","Juzu Bracelet","FaceOfCleric"],"potions_floor_usage":[2,11,22,23],"damage_taken":[{"damage":0,"enemies":"Jaw Worm","floor":1,"turns":8},{"damage":1,"enemies":"Cultist","floor":2,"turns":5},{"damage":11,"enemies":"Small Slimes","floor":4,"turns":5},{"damage":16,"enemies":"Red Slaver","floor":5,"turns":6},{"damage":12,"enemies":"Lagavulin","floor":7,"turns":10},{"damage":20,"enemies":"Gremlin Nob","floor":10,"turns":4},{"damage":10,"enemies":"Lots of Slimes","floor":11,"turns":3},{"damage":0,"enemies":"2 Fungi Beasts","floor":13,"turns":3},{"damage":3,"enemies":"Blue Slaver","floor":14,"turns":4},{"damage":24,"enemies":"Hexaghost","floor":16,"turns":10},{"damage":4,"enemies":"Chosen","floor":18,"turns":4},{"damage":19,"enemies":"Shell Parasite","floor":21,"turns":6},{"damage":18,"enemies":"Snecko","floor":22,"turns":5},{"damage":26,"enemies":"Book of Stabbing","floor":23,"turns":5},{"damage":6,"enemies":"3 Cultists","floor":28,"turns":2}],"seed_played":"-1717031997558701194","potions_obtained":[{"floor":2,"key":"Fruit Juice"},{"floor":10,"key":"PowerPotion"},{"floor":11,"key":"Explosive Potion"},{"floor":14,"key":"Energy Potion"},{"floor":16,"key":"GhostInAJar"}],"is_trial":false,"path_per_floor":["M","M","?","M","M","R","E","R","T","E","M","?","M","M","R","B",null,"M","$","T","M","M","E","?","?","T","?","M"],"character_chosen":"THE_SILENT","items_purchased":["Sling","Caltrops"],"campfire_rested":1,"item_purchase_floors":[19,19],"current_hp_per_floor":[65,69,69,58,42,42,30,30,40,20,10,10,10,7,33,9,68,64,64,64,45,27,1,1,1,1,1,0],"gold":43,"neow_bonus":"TEN_PERCENT_HP_BONUS","is_prod":false,"is_daily":false,"chose_seed":false,"campfire_upgraded":2,"win_rate":0,"timestamp":1545689093,"path_taken":["M","M","?","M","M","R","E","R","T","E","?","?","?","M","R","BOSS","M","$","?","M","?","E","?","?","T","?","M"],"build_version":"2018-12-20","purchased_purges":1,"victory":false,"max_hp_per_floor":[72,77,77,77,77,77,77,77,87,87,87,87,87,87,87,87,87,87,87,87,87,87,87,43,43,43,43,43],"card_choices":[{"not_picked":["Deflect","Backflip","Underhanded Strike"],"picked":"SKIP","floor":1},{"not_picked":["Prepared","Eviscerate"],"picked":"Poisoned Stab","floor":2},{"not_picked":["Cloak And Dagger","Dodge and Roll"],"picked":"Tools of the Trade","floor":4},{"not_picked":["Prepared","Calculated Gamble"],"picked":"Flying Knee","floor":5},{"not_picked":["Catalyst","PiercingWail"],"picked":"Sucker Punch","floor":7},{"not_picked":["Acrobatics","Finisher"],"picked":"Blur","floor":10},{"not_picked":["Slice","Accuracy"],"picked":"Cloak And Dagger","floor":11},{"not_picked":["Predator","Reflex"],"picked":"Cloak And Dagger","floor":13},{"not_picked":["Skewer","Acrobatics"],"picked":"Dash","floor":14},{"not_picked":["Tactician","Cloak And Dagger"],"picked":"Backstab","floor":18},{"not_picked":["Escape Plan","Cloak And Dagger"],"picked":"Bane","floor":21},{"not_picked":["Dodge and Roll","Outmaneuver"],"picked":"Endless Agony","floor":22},{"not_picked":["Underhanded Strike","Caltrops+1","Catalyst"],"picked":"SKIP","floor":23}],"player_experience":212296,"relics_obtained":[{"floor":7,"key":"Shuriken"},{"floor":9,"key":"Pear"},{"floor":10,"key":"Letter Opener"},{"floor":20,"key":"Ancient Tea Set"},{"floor":23,"key":"War Paint"},{"floor":26,"key":"Juzu Bracelet"}],"event_choices":[{"damage_healed":0,"gold_gain":0,"player_choice":"Rummage","damage_taken":0,"relics_obtained":["WarpedTongs"],"max_hp_gain":0,"max_hp_loss":0,"event_name":"Accursed Blacksmith","floor":3,"gold_loss":0,"cards_obtained":["Pain"]},{"cards_removed":["Pain"],"damage_healed":0,"gold_gain":0,"player_choice":"Removed Curses","damage_taken":0,"max_hp_gain":0,"max_hp_loss":0,"event_name":"Fountain of Cleansing","floor":12,"gold_loss":0},{"damage_healed":0,"gold_gain":0,"player_choice":"Became a Ghost","damage_taken":0,"max_hp_gain":0,"max_hp_loss":44,"event_name":"Ghosts","floor":24,"gold_loss":0,"cards_obtained":["Ghostly","Ghostly","Ghostly"]},{"damage_healed":0,"gold_gain":0,"player_choice":"Obtained Relic","damage_taken":0,"relics_obtained":["Regal Pillow"],"max_hp_gain":0,"max_hp_loss":0,"event_name":"Addict","floor":25,"gold_loss":85},{"damage_healed":0,"gold_gain":0,"player_choice":"Trade","damage_taken":0,"relics_obtained":["FaceOfCleric"],"max_hp_gain":0,"max_hp_loss":0,"event_name":"FaceTrader","floor":27,"gold_loss":0}],"is_beta":false,"boss_relics":[{"not_picked":["Philosopher\u0027s Stone","Pandora\u0027s Box"],"picked":"Ring of the Serpent"}],"items_purged_floors":[19],"is_endless":false,"potions_floor_spawned":[2,10,11,14,16,18,21],"killed_by":"3 Cultists","ascension_level":20}