{"gold_per_floor":[216,216,216,226,239,239,265,300,300,300,250,250,143,159,159,262,262,275,275,275,288,28,28,44,79,150,150,165,165,178,103,103,198,198,209,228,247,247,258,258,269,269,269,283,183,193,43,73,73,73],"floor_reached":51,"playtime":1921,"items_purged":["Strike_B","Defend_B"],"score":847,"play_id":"2062e2c3-4c60-498b-bb91-635304513d41","local_time":"20181230234032","is_ascension_mode":false,"campfire_choices":[{"data":"Dualcast","floor":6.0,"key":"SMITH"},{"data":"Zap","floor":10.0,"key":"SMITH"},{"data":"Glacier","floor":12.0,"key":"SMITH"},{"data":"Blizzard","floor":15.0,"key":"SMITH"},{"data":"Defragment","floor":23.0,"key":"SMITH"},{"data":"Blizzard","floor":27.0,"key":"SMITH"},{"data":"Capacitor","floor":29.0,"key":"SMITH"},{"data":"Seek","floor":32.0,"key":"SMITH"},{"data":"Redo","floor":40.0,"key":"SMITH"},{"data":"Go for the Eyes","floor":42.0,"key":"SMITH"},{"data":"Defragment","floor":49,"key":"SMITH"}],"neow_cost":"NONE","seed_source_timestamp":0,"circlet_count":0,"master_deck":["Zap+1","Dualcast+1","Glacier+1","Glacier","Blizzard+1","Go for the Eyes+1","Seek+1","Defragment+1","Cold Snap+1","Glacier","Capacitor+1","Blizzard+1","Undo","Rebound+1","Redo+1","Defragment+1","Buffer"],"special_seed":0,"relics":["Cracked Core","Bag of Preparation","Ancient Tea Set","Incense Burner","Philosopher\u0027s Stone","DataDisk","Art of War","Meat on the Bone","Empty Cage","Ice Cream","Du-Vu Doll"],"potions_floor_usage":[50,50,50],"damage_taken":[{"damage":2.0,"enemies":"Small Slimes","floor":1.0,"turns":3.0},{"damage":1.0,"enemies":"Jaw Worm","floor":4.0,"turns":4.0},{"damage":0.0,"enemies":"Cultist","floor":5.0,"turns":4.0},{"damage":16.0,"enemies":"3 Sentries","floor":8.0,"turns":12.0},{"damage":0.0,"enemies":"Exordium Thugs","floor":14.0,"turns":4.0},{"damage":4.0,"enemies":"Slime Boss","floor":16.0,"turns":11.0},{"damage":0.0,"enemies":"3 Byrds","floor":18.0,"turns":4.0},{"damage":0.0,"enemies":"Chosen","floor":21.0,"turns":7.0},{"damage":0.0,"enemies":"Shelled Parasite and Fungi","floor":24.0,"turns":6.0},{"damage":11.0,"enemies":"Slavers","floor":25.0,"turns":9.0},{"damage":0.0,"enemies":"3 Cultists","floor":28.0,"turns":4.0},{"damage":0.0,"enemies":"Centurion and Healer","floor":30.0,"turns":6.0},{"damage":0.0,"enemies":"Collector","floor":33.0,"turns":9.0},{"damage":0.0,"enemies":"3 Darklings","floor":35.0,"turns":5.0},{"damage":0.0,"enemies":"Orb Walker","floor":36.0,"turns":4.0},{"damage":0.0,"enemies":"Transient","floor":37.0,"turns":5.0},{"damage":0.0,"enemies":"3 Darklings","floor":39.0,"turns":5.0},{"damage":0.0,"enemies":"Maw","floor":41.0,"turns":8.0},{"damage":0.0,"enemies":"Transient","floor":44.0,"turns":5.0},{"damage":0.0,"enemies":"Sphere and 2 Shapes","floor":46.0,"turns":4.0},{"damage":0,"enemies":"Reptomancer","floor":48,"turns":9},{"damage":0,"enemies":"Awakened One","floor":50,"turns":12}],"seed_played":"-9042313463011975557","potions_obtained":[{"floor":1.0,"key":"Swift Potion"},{"floor":4.0,"key":"Swift Potion"},{"floor":14.0,"key":"Regen Potion"},{"floor":21.0,"key":"Dexterity Potion"},{"floor":33.0,"key":"PowerPotion"},{"floor":35.0,"key":"Dexterity Potion"}],"is_trial":false,"path_per_floor":["M","?","?","M","M","R","T","E","T","R","?","R","$","M","R","B",null,"M","?","$","M","$","R","M","E","T","R","M","R","M","$","R","B",null,"M","M","M","?","M","R","M","R","T","M","$","M","$","E","R","B",null],"character_chosen":"DEFECT","items_purchased":["Glacier","Blizzard","DataDisk","Glacier","Capacitor","Defragment","FocusPotion"],"campfire_rested":0,"item_purchase_floors":[13,13,22,22,22,47,47],"current_hp_per_floor":[73,66,66,65,65,65,65,49,49,49,49,49,49,49,49,45,75,75,75,75,75,75,75,75,64,64,64,64,64,64,64,64,64,75,75,75,75,75,75,75,75,75,75,75,75,75,75,75,75,75],"gold":73,"neow_bonus":"HUNDRED_GOLD","is_prod":false,"is_daily":false,"chose_seed":false,"campfire_upgraded":11,"win_rate":0,"timestamp":1546213232,"path_taken":["M","?","?","?","M","R","?","E","T","R","?","R","$","M","R","BOSS","M","?","$","M","$","R","M","E","T","R","M","R","M","$","R","BOSS","M","M","M","?","M","R","M","R","T","?","$","M","$","E","R","BOSS"],"build_version":"2018-12-20","purchased_purges":2,"victory":true,"max_hp_per_floor":[75,75,75,75,75,75,75,75,75,75,75,75,75,75,75,75,75,75,75,75,75,75,75,75,75,75,75,75,75,75,75,75,75,75,75,75,75,75,75,75,75,75,75,75,75,75,75,75,75,75],"card_choices":[{"not_picked":["Ball Lightning","Melter"],"picked":"Glacier","floor":1.0},{"not_picked":["Aggregate","Rebound","Hello World"],"picked":"SKIP","floor":4.0},{"not_picked":["Rebound","Consume","Leap"],"picked":"SKIP","floor":5.0},{"not_picked":["Sweeping Beam","Biased Cognition","Self Repair"],"picked":"SKIP","floor":8.0},{"not_picked":["Steam","Barrage"],"picked":"Go for the Eyes","floor":14.0},{"not_picked":["Biased Cognition","Fission"],"picked":"Seek","floor":16.0},{"not_picked":["Sweeping Beam","Gash"],"picked":"Defragment","floor":18.0},{"not_picked":["Barrage","Consume+1"],"picked":"Cold Snap+1","floor":21.0},{"not_picked":["Cold Snap","Melter"],"picked":"Blizzard","floor":24.0},{"not_picked":["Stack","Steam"],"picked":"Undo","floor":25.0},{"not_picked":["Rip and Tear","Rebound","Aggregate+1"],"picked":"SKIP","floor":28.0},{"not_picked":["Ball Lightning","Turbo","Go for the Eyes"],"picked":"SKIP","floor":30.0},{"not_picked":["Steam Power+1","Steam","Streamline"],"picked":"SKIP","floor":35.0},{"not_picked":["Streamline+1","Beam Cell"],"picked":"Rebound+1","floor":36.0},{"not_picked":["Core Surge","Steam","Streamline"],"picked":"SKIP","floor":37.0},{"not_picked":["Hologram","Ball Lightning+1","Hello World+1"],"picked":"SKIP","floor":39.0},{"not_picked":["Steam","Rebound","Go for the Eyes"],"picked":"SKIP","floor":41.0},{"not_picked":["Go for the Eyes+1","Reprogram","Cold Snap"],"picked":"SKIP","floor":44.0},{"not_picked":["Electrodynamics","Lockon+1","Streamline+1"],"picked":"SKIP","floor":46.0},{"not_picked":["Rebound+1","Barrage+1"],"picked":"Buffer","floor":48}],"player_experience":927645,"relics_obtained":[{"floor":7.0,"key":"Bag of Preparation"},{"floor":8.0,"key":"Ancient Tea Set"},{"floor":9.0,"key":"Incense Burner"},{"floor":25.0,"key":"Art of War"},{"floor":26.0,"key":"Meat on the Bone"},{"floor":43.0,"key":"Ice Cream"},{"floor":48,"key":"Du-Vu Doll"}],"event_choices":[{"cards_removed":["Defend_B"],"damage_healed":0.0,"max_hp_gain":0.0,"max_hp_loss":0.0,"gold_gain":0.0,"event_name":"Golden Wing","player_choice":"Card Removal","floor":2.0,"gold_loss":0.0,"damage_taken":7.0},{"cards_removed":["Strike_B"],"damage_healed":0.0,"max_hp_gain":0.0,"max_hp_loss":0.0,"gold_gain":0.0,"event_name":"Bonfire Elementals","player_choice":"Offered Basic","floor":3.0,"gold_loss":0.0,"damage_taken":0.0},{"cards_removed":["Defend_B"],"damage_healed":0.0,"max_hp_gain":0.0,"max_hp_loss":0.0,"gold_gain":0.0,"event_name":"The Cleric","player_choice":"Card Removal","floor":11.0,"gold_loss":50.0,"damage_taken":0.0},{"damage_healed":0.0,"max_hp_gain":0.0,"max_hp_loss":0.0,"gold_gain":0.0,"event_name":"The Mausoleum","player_choice":"Ignored","floor":19.0,"gold_loss":0.0,"damage_taken":0.0},{"damage_healed":0.0,"max_hp_gain":0.0,"max_hp_loss":0.0,"gold_gain":0.0,"cards_transformed":["Strike_B"],"event_name":"Transmorgrifier","player_choice":"Transformed","floor":38.0,"gold_loss":0.0,"damage_taken":0.0,"cards_obtained":["Redo"]}],"is_beta":false,"boss_relics":[{"not_picked":["FrozenCore","Orrery"],"picked":"Philosopher\u0027s Stone"},{"not_picked":["Eternal Feather","Busted Crown"],"picked":"Empty Cage"}],"items_purged_floors":[31,45],"is_endless":false,"potions_floor_spawned":[1,4,14,21,33,35,41,44,46],"ascension_level":0}