{"gold_per_floor":[119,12,23,23,33,62,62,89,89,116,133,133,151,162,162,258,258,258,208,208,208,208,208,208,208],"floor_reached":25,"playtime":2410,"items_purged":["Normality"],"score":440,"play_id":"a9d69475-be07-4eb2-9986-1c86c9019ab8","local_time":"20190201113104","is_ascension_mode":true,"campfire_choices":[{"data":"Body Slam","floor":7,"key":"SMITH"},{"data":"True Grit","floor":12,"key":"SMITH"},{"data":"Rampage","floor":15,"key":"SMITH"},{"data":"Whirlwind","floor":23,"key":"SMITH"}],"neow_cost":"CURSE","seed_source_timestamp":388397623860900,"circlet_count":0,"master_deck":["AscendersBane","Strike_R+1","Strike_R+1","Strike_R+1","Strike_R+1","Strike_R+1","Defend_R+1","Defend_R+1","Defend_R+1","Defend_R+1","Bash","Metallicize","Rampage+1","Body Slam+1","True Grit+1","Shrug It Off","Barricade","Whirlwind+1","Shrug It Off","Headbutt","Juggernaut","Flame Barrier","Shrug It Off"],"relics":["Burning Blood","Calipers","Smiling Mask","Incense Burner","Mummified Hand","Pantograph","Ectoplasm"],"potions_floor_usage":[5,6,8,16,24,25,25],"damage_taken":[{"damage":18,"enemies":"Small Slimes","floor":1,"turns":5},{"damage":1,"enemies":"Cultist","floor":3,"turns":3},{"damage":0,"enemies":"Jaw Worm","floor":5,"turns":4},{"damage":18,"enemies":"Gremlin Nob","floor":6,"turns":4},{"damage":19,"enemies":"3 Sentries","floor":8,"turns":13},{"damage":27,"enemies":"Gremlin Nob","floor":10,"turns":5},{"damage":1,"enemies":"3 Louse","floor":11,"turns":4},{"damage":0,"enemies":"Red Slaver","floor":13,"turns":4},{"damage":0,"enemies":"Large Slime","floor":14,"turns":5},{"damage":0,"enemies":"Slime Boss","floor":16,"turns":11},{"damage":35,"enemies":"Shell Parasite","floor":18,"turns":6},{"damage":0,"enemies":"Spheric Guardian","floor":20,"turns":5},{"damage":12,"enemies":"Snecko","floor":22,"turns":5},{"damage":14,"enemies":"Snake Plant","floor":24,"turns":3},{"damage":48,"enemies":"Slavers","floor":25,"turns":4}],"seed_played":"727776017084625446","potions_obtained":[{"floor":3,"key":"Block Potion"},{"floor":5,"key":"FearPotion"},{"floor":6,"key":"Block Potion"},{"floor":14,"key":"SpeedPotion"},{"floor":16,"key":"SteroidPotion"},{"floor":18,"key":"Poison Potion"},{"floor":24,"key":"FearPotion"}],"is_trial":false,"path_per_floor":["M","$","M","?","M","E","R","E","T","E","M","R","M","M","R","B",null,"M","$","M","?","M","R","M","E"],"character_chosen":"IRONCLAD","items_purchased":["Rampage","Body Slam"],"campfire_rested":0,"item_purchase_floors":[2,2],"current_hp_per_floor":[60,60,65,70,76,64,64,51,51,30,35,35,41,47,47,78,83,54,54,60,60,54,54,46,0],"gold":208,"neow_bonus":"ONE_RARE_RELIC","is_prod":false,"is_daily":false,"chose_seed":false,"campfire_upgraded":4,"win_rate":0,"timestamp":1549017064,"path_taken":["M","$","M","?","M","E","R","E","T","E","M","R","M","M","R","BOSS","M","$","M","?","M","R","M","E"],"build_version":"2019-01-23","purchased_purges":1,"victory":false,"max_hp_per_floor":[80,80,80,85,85,85,85,85,85,85,85,85,85,85,85,85,85,85,85,85,85,85,85,85,85],"card_choices":[{"not_picked":["Seeing Red","Dual Wield"],"picked":"Metallicize","floor":1},{"not_picked":["Iron Wave","Anger"],"picked":"True Grit","floor":3},{"not_picked":["Pommel Strike","Wild Strike"],"picked":"Shrug It Off","floor":5},{"not_picked":["Evolve","Clothesline","Rupture"],"picked":"SKIP","floor":6},{"not_picked":["Dark Embrace","Pommel Strike"],"picked":"Barricade","floor":8},{"not_picked":["Heavy Blade","Sword Boomerang","Perfected Strike"],"picked":"SKIP","floor":10},{"not_picked":["Twin Strike","Sword Boomerang"],"picked":"Whirlwind","floor":11},{"not_picked":["Whirlwind","Ghostly Armor"],"picked":"Shrug It Off","floor":13},{"not_picked":["Anger","Uppercut"],"picked":"Headbutt","floor":14},{"not_picked":["Limit Break","Brutality"],"picked":"Juggernaut","floor":16},{"not_picked":["Sever Soul+1","Perfected Strike","Sword Boomerang"],"picked":"SKIP","floor":18},{"not_picked":["Flex+1","Intimidate","Dual Wield"],"picked":"SKIP","floor":20},{"not_picked":["Metallicize+1","Pommel Strike"],"picked":"Flame Barrier","floor":22},{"not_picked":["Clothesline","Flex"],"picked":"Shrug It Off","floor":24}],"player_experience":253469,"relics_obtained":[{"floor":6,"key":"Smiling Mask"},{"floor":8,"key":"Incense Burner"},{"floor":9,"key":"Mummified Hand"},{"floor":10,"key":"Pantograph"}],"event_choices":[{"damage_healed":0,"gold_gain":0,"player_choice":"Donut","damage_taken":0,"max_hp_gain":5,"max_hp_loss":0,"event_name":"Big Fish","floor":4,"gold_loss":0},{"damage_healed":0,"gold_gain":0,"player_choice":"Simplicity","damage_taken":0,"max_hp_gain":0,"max_hp_loss":0,"event_name":"Back to Basics","floor":21,"gold_loss":0,"cards_upgraded":["Strike_R","Strike_R","Strike_R","Strike_R","Strike_R","Defend_R","Defend_R","Defend_R","Defend_R"]}],"is_beta":false,"boss_relics":[{"not_picked":["Runic Cube","Eternal Feather"],"picked":"Ectoplasm"}],"items_purged_floors":[19],"is_endless":false,"potions_floor_spawned":[3,5,6,14,16,18,24],"killed_by":"Slavers","ascension_level":12}