{"gold_per_floor":[115,115,127,127,142,170,170,205,205,205],"floor_reached":10,"playtime":651,"items_purged":[],"score":133,"play_id":"31b78ccf-7adf-4a55-9574-172d7531e951","local_time":"20190129230731","is_ascension_mode":true,"campfire_choices":[{"data":"Flex","floor":7,"key":"SMITH"}],"neow_cost":"NONE","seed_source_timestamp":215469019795507,"circlet_count":0,"master_deck":["AscendersBane","Strike_R","Strike_R","Strike_R","Strike_R","Defend_R","Defend_R","Defend_R","Defend_R","Bash","Flex+1","Rupture","Entrench+1","Infernal Blade","Wild Strike","Sword Boomerang"],"relics":["Burning Blood","Strawberry","Kunai","Anchor"],"potions_floor_usage":[6,8],"damage_taken":[{"damage":1,"enemies":"2 Louse","floor":1,"turns":4},{"damage":9,"enemies":"Cultist","floor":3,"turns":5},{"damage":0,"enemies":"Small Slimes","floor":5,"turns":3},{"damage":27,"enemies":"3 Sentries","floor":6,"turns":6},{"damage":66,"enemies":"Lagavulin","floor":8,"turns":9},{"damage":10,"enemies":"Exordium Wildlife","floor":10,"turns":4}],"seed_played":"-6654980076823849707","potions_obtained":[{"floor":5,"key":"Energy Potion"},{"floor":6,"key":"LiquidBronze"}],"is_trial":false,"path_per_floor":["M","?","M","?","M","E","R","E","T","M"],"character_chosen":"IRONCLAD","items_purchased":[],"campfire_rested":0,"item_purchase_floors":[],"current_hp_per_floor":[80,80,77,77,82,68,68,8,8,0],"gold":205,"neow_bonus":"TEN_PERCENT_HP_BONUS","is_prod":false,"is_daily":false,"chose_seed":false,"campfire_upgraded":1,"win_rate":0,"timestamp":1548770851,"path_taken":["M","?","M","?","M","E","R","E","T","?"],"build_version":"2019-01-23","purchased_purges":0,"victory":false,"max_hp_per_floor":[82,82,82,82,82,89,89,89,89,89],"card_choices":[{"not_picked":["Anger","Thunderclap"],"picked":"Flex","floor":1},{"not_picked":["Heavy Blade","Clash"],"picked":"Entrench","floor":3},{"not_picked":["Searing Blow","Sword Boomerang"],"picked":"Infernal Blade","floor":5},{"not_picked":["Anger","Havoc"],"picked":"Wild Strike","floor":6},{"not_picked":["Clash","Warcry"],"picked":"Sword Boomerang","floor":8}],"player_experience":972102,"relics_obtained":[{"floor":6,"key":"Strawberry"},{"floor":8,"key":"Kunai"},{"floor":9,"key":"Anchor"}],"event_choices":[{"damage_healed":0,"gold_gain":0,"cards_transformed":["Strike_R"],"player_choice":"Change","damage_taken":0,"max_hp_gain":0,"max_hp_loss":0,"event_name":"Living Wall","floor":2,"gold_loss":0,"cards_obtained":["Rupture"]},{"damage_healed":0,"gold_gain":0,"player_choice":"Upgraded","damage_taken":0,"max_hp_gain":0,"max_hp_loss":0,"event_name":"Upgrade Shrine","floor":4,"gold_loss":0,"cards_upgraded":["Entrench"]}],"is_beta":false,"boss_relics":[],"items_purged_floors":[],"is_endless":false,"potions_floor_spawned":[5,6],"killed_by":"Exordium Wildlife","ascension_level":15}