{"gold_per_floor":[109,109,120,130,146,146,173,138,138,138,138,148,177,190,190,190],"floor_reached":16,"playtime":600,"items_purged":[],"score":224,"play_id":"c020c173-23c0-4c19-bf0b-e04e13fd1948","local_time":"20181227171349","is_ascension_mode":true,"campfire_choices":[{"data":"Neutralize","floor":6,"key":"SMITH"},{"data":"Malaise","floor":11,"key":"SMITH"},{"floor":15,"key":"REST"}],"neow_cost":"NONE","seed_source_timestamp":889349687379463,"circlet_count":0,"master_deck":["AscendersBane","Defend_G","Defend_G","Defend_G","Defend_G","Defend_G","Strike_G","Strike_G","Strike_G","Strike_G","Strike_G","Survivor","Neutralize+1","Backstab","Riddle With Holes","Poisoned Stab","Backflip","Malaise+1"],"special_seed":0,"relics":["Velvet Choker","Gremlin Horn","Ninja Scroll","Bottled Lightning","WingedGreaves"],"potions_floor_usage":[7,16],"damage_taken":[{"damage":4,"enemies":"Small Slimes","floor":1,"turns":5},{"damage":2,"enemies":"Jaw Worm","floor":3,"turns":3},{"damage":0,"enemies":"2 Louse","floor":4,"turns":2},{"damage":4,"enemies":"Blue Slaver","floor":5,"turns":2},{"damage":6,"enemies":"Gremlin Nob","floor":7,"turns":3},{"damage":6,"enemies":"Looter","floor":12,"turns":2},{"damage":7,"enemies":"Lagavulin","floor":13,"turns":9},{"damage":0,"enemies":"2 Fungi Beasts","floor":14,"turns":2},{"damage":37,"enemies":"Slime Boss","floor":16,"turns":8}],"seed_played":"-6263078648115421923","potions_obtained":[{"floor":1,"key":"Fire Potion"},{"floor":12,"key":"Explosive Potion"},{"floor":14,"key":"Ancient Potion"}],"is_trial":false,"path_per_floor":["M","?","M","M","M","R","E","?","T","?","R","M","E","M","R","B"],"character_chosen":"THE_SILENT","items_purchased":[],"campfire_rested":1,"item_purchase_floors":[],"current_hp_per_floor":[55,20,18,18,14,14,8,24,24,24,24,18,11,11,30,0],"gold":190,"neow_bonus":"BOSS_RELIC","is_prod":false,"is_daily":false,"chose_seed":false,"campfire_upgraded":2,"win_rate":0,"timestamp":1545959629,"path_taken":["M","?","M","M","M","R","E","?","T","?","R","M","E","M","R","BOSS"],"build_version":"2018-12-20","purchased_purges":0,"victory":false,"max_hp_per_floor":[66,66,66,66,66,66,66,66,66,66,66,66,66,66,66,66],"card_choices":[{"not_picked":["Backflip","Prepared"],"picked":"Backstab","floor":1},{"not_picked":["Heel Hook","Noxious Fumes"],"picked":"Riddle With Holes","floor":3},{"not_picked":["Deadly Poison","Blade Dance"],"picked":"Poisoned Stab","floor":4},{"not_picked":["Dagger Spray","Sucker Punch"],"picked":"Backflip","floor":5},{"not_picked":["Flying Knee","Cloak And Dagger"],"picked":"Malaise","floor":7},{"not_picked":["Blade Dance","Prepared","Flechettes"],"picked":"SKIP","floor":12},{"not_picked":["Caltrops","Poisoned Stab","Calculated Gamble"],"picked":"SKIP","floor":13},{"not_picked":["Setup","Cloak And Dagger","Underhanded Strike"],"picked":"SKIP","floor":14}],"player_experience":233450,"relics_obtained":[{"floor":7,"key":"Ninja Scroll"},{"floor":9,"key":"Bottled Lightning"},{"floor":13,"key":"WingedGreaves"}],"event_choices":[{"damage_healed":0,"gold_gain":0,"player_choice":"Success","damage_taken":35,"relics_obtained":["Gremlin Horn"],"max_hp_gain":0,"max_hp_loss":0,"event_name":"Scrap Ooze","floor":2,"gold_loss":0},{"damage_healed":16,"gold_gain":0,"player_choice":"Healed","damage_taken":0,"max_hp_gain":0,"max_hp_loss":0,"event_name":"The Cleric","floor":8,"gold_loss":35},{"damage_healed":0,"gold_gain":0,"player_choice":"Ignored","damage_taken":0,"max_hp_gain":0,"max_hp_loss":0,"event_name":"Shining Light","floor":10,"gold_loss":0}],"is_beta":false,"boss_relics":[],"items_purged_floors":[],"is_endless":false,"potions_floor_spawned":[1,12,14],"killed_by":"Slime Boss","ascension_level":20}