{"gold_per_floor":[115,17,36,36,54,89,154,171,197,197,197,197,232,242,242,316,316,329,329,2,20,30,55,55,69,116,116,129,29,29,58,58,135,135,155,30,40,140,140,140,156,188,213,213,241,251,251,266,266,266],"floor_reached":50,"playtime":5959,"items_purged":["Strike_G","Strike_G","Strike_G"],"score":1179,"play_id":"b4345acb-0bc1-4811-a764-f82992c1016e","local_time":"20190208124352","is_ascension_mode":true,"campfire_choices":[{"floor":10.0,"key":"REST"},{"floor":12,"key":"REST"},{"data":"Neutralize","floor":15,"key":"SMITH"},{"floor":24,"key":"REST"},{"data":"After Image","floor":27,"key":"SMITH"},{"data":"Noxious Fumes","floor":30,"key":"SMITH"},{"floor":32,"key":"REST"},{"data":"After Image","floor":40,"key":"SMITH"},{"floor":44,"key":"RECALL"},{"floor":49,"key":"REST"}],"neow_cost":"NONE","seed_source_timestamp":0,"circlet_count":0,"master_deck":["AscendersBane","Defend_G","Defend_G","Defend_G","Defend_G","Defend_G","Strike_G","Strike_G","Survivor","Neutralize+1","Quick Slash","Noxious Fumes+1","Well Laid Plans","Backstab","Noxious Fumes+1","Corpse Explosion","Cloak And Dagger","Crippling Poison","After Image+1","Crippling Poison","Backflip","Decay","Cloak And Dagger","Footwork+1","After Image+1","Calculated Gamble","Cloak And Dagger+1","PiercingWail+1","Clumsy","Cloak And Dagger","Backflip"],"special_seed":0,"relics":["Ring of the Snake","Snake Skull","Centennial Puzzle","Gambling Chip","Cursed Key","Lantern","Potion Belt","Happy Flower","Darkstone Periapt","Philosopher\u0027s Stone","The Specimen","StoneCalendar","Bag of Preparation","Ornamental Fan"],"potions_floor_usage":[19,31,37,41,42,48,50,50],"damage_taken":[{"damage":1.0,"enemies":"Cultist","floor":1.0,"turns":4.0},{"damage":1.0,"enemies":"Small Slimes","floor":3.0,"turns":4.0},{"damage":1.0,"enemies":"2 Louse","floor":5.0,"turns":4.0},{"damage":34.0,"enemies":"Gremlin Nob","floor":6.0,"turns":6.0},{"damage":26.0,"enemies":"Lagavulin Event","floor":7.0,"turns":5.0},{"damage":6.0,"enemies":"Large Slime","floor":8.0,"turns":5.0},{"damage":9,"enemies":"3 Sentries","floor":13,"turns":4},{"damage":6,"enemies":"2 Fungi Beasts","floor":14,"turns":3},{"damage":12,"enemies":"The Guardian","floor":16,"turns":9},{"damage":1,"enemies":"Spheric Guardian","floor":18,"turns":3},{"damage":0,"enemies":"Chosen","floor":19,"turns":3},{"damage":6,"enemies":"3 Cultists","floor":21,"turns":3},{"damage":6,"enemies":"Snake Plant","floor":22,"turns":5},{"damage":24,"enemies":"Slavers","floor":23,"turns":4},{"damage":2,"enemies":"Snecko","floor":25,"turns":6},{"damage":6,"enemies":"Centurion and Healer","floor":28,"turns":4},{"damage":3,"enemies":"Book of Stabbing","floor":31,"turns":6},{"damage":23,"enemies":"Collector","floor":33,"turns":8},{"damage":2,"enemies":"Orb Walker","floor":35,"turns":4},{"damage":0,"enemies":"3 Darklings","floor":37,"turns":4},{"damage":6,"enemies":"Mind Bloom Boss Battle","floor":38,"turns":8},{"damage":11,"enemies":"Maw","floor":41,"turns":8},{"damage":0,"enemies":"Reptomancer","floor":42,"turns":6},{"damage":18,"enemies":"Giant Head","floor":45,"turns":9},{"damage":0,"enemies":"Writhing Mass","floor":46,"turns":7},{"damage":0,"enemies":"Sphere and 2 Shapes","floor":48,"turns":5},{"damage":77,"enemies":"Awakened One","floor":50,"turns":18}],"seed_played":"8933467242508254646","potions_obtained":[{"floor":5.0,"key":"EssenceOfSteel"},{"floor":6.0,"key":"SteroidPotion"},{"floor":7.0,"key":"Poison Potion"},{"floor":13,"key":"AttackPotion"},{"floor":14,"key":"Weak Potion"},{"floor":18,"key":"SmokeBomb"},{"floor":25,"key":"Ancient Potion"},{"floor":31,"key":"Fruit Juice"},{"floor":38,"key":"EssenceOfSteel"},{"floor":41,"key":"PowerPotion"},{"floor":42,"key":"GhostInAJar"},{"floor":48,"key":"Ancient Potion"}],"is_trial":false,"path_per_floor":["M","$","M","?","M","E","?","M","T","R","?","R","E","M","R","B",null,"M","M","$","M","M","E","R","M","T","R","M","$","R","E","R","B",null,"M","$","M","?","?","R","M","E","T","R","E","M","?","M","R","B"],"character_chosen":"THE_SILENT","items_purchased":["Noxious Fumes","Explosive Potion","Lantern","GhostInAJar"],"campfire_rested":5,"item_purchase_floors":[2,2,20,20],"current_hp_per_floor":[64,64,63,68,67,33,7,1,1,24,24,47,38,32,32,20,63,62,62,62,56,50,26,49,47,47,47,41,41,41,43,67,44,73,71,71,71,65,65,65,54,54,60,60,42,42,42,42,67,0],"gold":266,"neow_bonus":"TEN_PERCENT_HP_BONUS","is_prod":false,"is_daily":false,"chose_seed":false,"campfire_upgraded":4,"win_rate":0,"timestamp":1549626232,"path_taken":["M","$","M","?","M","E","?","M","T","R","?","R","E","M","R","BOSS","M","M","$","M","M","E","R","M","T","R","M","$","R","E","R","BOSS","M","$","M","?","?","R","M","E","T","R","E","M","?","M","R","BOSS"],"build_version":"2019-01-23","purchased_purges":3,"victory":false,"max_hp_per_floor":[72,72,72,77,77,77,77,77,77,77,77,77,77,77,77,77,77,77,77,77,77,77,77,77,77,77,77,77,77,77,82,82,82,82,82,82,82,82,82,82,82,82,88,88,88,88,84,84,84,84],"card_choices":[{"not_picked":["Sucker Punch","Eviscerate"],"picked":"Quick Slash","floor":1.0},{"not_picked":["Backflip","Blur"],"picked":"Well Laid Plans","floor":3.0},{"not_picked":["Cloak And Dagger","Bane"],"picked":"Backstab","floor":5.0},{"not_picked":["Setup","Distraction"],"picked":"Noxious Fumes","floor":6.0},{"not_picked":["Cloak And Dagger","All Out Attack"],"picked":"Corpse Explosion","floor":7.0},{"not_picked":["Flying Knee","All Out Attack"],"picked":"Cloak And Dagger","floor":8.0},{"not_picked":["Concentrate","Bane"],"picked":"Crippling Poison","floor":13},{"not_picked":["Dagger Throw","Accuracy","Endless Agony"],"picked":"SKIP","floor":14},{"not_picked":["Adrenaline","Unload"],"picked":"After Image","floor":16},{"not_picked":["Underhanded Strike","Caltrops","Slice"],"picked":"SKIP","floor":18},{"not_picked":["Quick Slash","Dagger Spray"],"picked":"Crippling Poison","floor":21},{"not_picked":["Poisoned Stab","Choke","Outmaneuver"],"picked":"SKIP","floor":22},{"not_picked":["Prepared","Concentrate+1","A Thousand Cuts"],"picked":"SKIP","floor":23},{"not_picked":["Acrobatics","Well Laid Plans+1"],"picked":"Backflip","floor":25},{"not_picked":["Terror","Acrobatics"],"picked":"Cloak And Dagger","floor":28},{"not_picked":["A Thousand Cuts","Sucker Punch+1"],"picked":"Footwork+1","floor":31},{"not_picked":["Die Die Die","Bullet Time"],"picked":"After Image","floor":33},{"not_picked":["Dagger Throw","Blade Dance"],"picked":"Calculated Gamble","floor":35},{"not_picked":["Endless Agony+1","Dagger Spray","Bane+1"],"picked":"SKIP","floor":37},{"not_picked":["Quick Slash+1","Underhanded Strike"],"picked":"Cloak And Dagger+1","floor":41},{"not_picked":["Backflip","Venomology"],"picked":"PiercingWail+1","floor":42},{"not_picked":["Prepared","Outmaneuver+1","Setup+1"],"picked":"SKIP","floor":45},{"not_picked":["Prepared","Underhanded Strike"],"picked":"Cloak And Dagger","floor":46},{"not_picked":["Deflect","Sucker Punch"],"picked":"Backflip","floor":48}],"player_experience":476873,"relics_obtained":[{"floor":6.0,"key":"Snake Skull"},{"floor":7.0,"key":"Centennial Puzzle"},{"floor":13,"key":"Gambling Chip"},{"floor":23,"key":"Potion Belt"},{"floor":26,"key":"Happy Flower"},{"floor":31,"key":"Darkstone Periapt"},{"floor":38,"key":"The Specimen"},{"floor":42,"key":"StoneCalendar"},{"floor":43,"key":"Bag of Preparation"},{"floor":45,"key":"Ornamental Fan"}],"event_choices":[{"damage_healed":0.0,"max_hp_gain":5.0,"max_hp_loss":0.0,"gold_gain":0.0,"event_name":"Big Fish","player_choice":"Donut","floor":4.0,"gold_loss":0.0,"damage_taken":0.0},{"damage_healed":0.0,"max_hp_gain":0.0,"max_hp_loss":0.0,"gold_gain":30.0,"event_name":"Dead Adventurer","player_choice":"Searched \u00273\u0027 times","floor":7.0,"gold_loss":0.0,"damage_taken":0.0},{"damage_healed":0,"gold_gain":0,"player_choice":"Grow","damage_taken":0,"max_hp_gain":0,"max_hp_loss":0,"event_name":"Living Wall","floor":11,"gold_loss":0,"cards_upgraded":["Noxious Fumes"]},{"damage_healed":0,"gold_gain":0,"player_choice":"Fight","damage_taken":0,"max_hp_gain":0,"max_hp_loss":0,"event_name":"MindBloom","floor":38,"gold_loss":0},{"damage_healed":0,"gold_gain":0,"player_choice":"Ignored","damage_taken":0,"max_hp_gain":0,"max_hp_loss":0,"event_name":"Mysterious Sphere","floor":39,"gold_loss":0},{"damage_healed":0,"gold_gain":0,"player_choice":"Max HP","damage_taken":0,"max_hp_gain":0,"max_hp_loss":4,"event_name":"Winding Halls","floor":47,"gold_loss":0}],"is_beta":false,"boss_relics":[{"not_picked":["Snecko Eye","Calling Bell"],"picked":"Cursed Key"},{"not_picked":["Runic Pyramid","Fusion Hammer"],"picked":"Philosopher\u0027s Stone"}],"items_purged_floors":[20,29,36],"is_endless":false,"potions_floor_spawned":[5,6,7,13,14,18,21,22,25,31,38,41,42,48],"killed_by":"Awakened One","ascension_level":20}