{"gold_per_floor":[113,113,113,188,207,207,239,239,239,249,189,189,208,208,208,313,313,324,71,71,71,71,71,90,90,90,105,124,10,23,58,58,161,161,181,403,47,62,410,410,132,132,132,148,248,248,265,55,55,55],"floor_reached":51,"playtime":2360,"items_purged":["Strike_G","Strike_G","Strike_G"],"score":716,"play_id":"84a21404-6f84-4545-9928-26027999596a","local_time":"20190125100659","is_ascension_mode":false,"campfire_choices":[{"data":"Survivor","floor":6,"key":"SMITH"},{"data":"Neutralize","floor":12,"key":"SMITH"},{"data":"After Image","floor":15,"key":"SMITH"},{"data":"Infinite Blades","floor":23,"key":"SMITH"},{"data":"Noxious Fumes","floor":25,"key":"SMITH"},{"data":"Dagger Spray","floor":32,"key":"SMITH"},{"data":"Panache","floor":40,"key":"SMITH"},{"data":"Footwork","floor":42,"key":"SMITH"},{"data":"Noxious Fumes","floor":46,"key":"SMITH"},{"data":"Strike_G","floor":49,"key":"SMITH"}],"neow_cost":"NONE","seed_source_timestamp":391901013882735,"circlet_count":0,"master_deck":["Defend_G","Defend_G","Defend_G","Defend_G","Defend_G","Strike_G+1","Strike_G","Survivor+1","Neutralize+1","Deflect","Backflip","Quick Slash","Escape Plan","After Image+1","Parasite","Phantasmal Killer","Acrobatics","Noxious Fumes+1","Footwork+1","Infinite Blades+1","Sucker Punch","Quick Slash+1","Dagger Spray+1","Sucker Punch","Flying Knee","Tools of the Trade","Quick Slash+1","Panache+1","Infinite Blades","Dramatic Entrance+1","Expertise+1","Footwork+1","Well Laid Plans","Noxious Fumes+1","Infinite Blades","Well Laid Plans","Well Laid Plans","Infinite Blades"],"relics":["Coffee Dripper","The Courier","Meat on the Bone","Ninja Scroll","Pantograph","Sozu","Bottled Tornado","Oddly Smooth Stone","Red Mask","Lizard Tail","PrismaticShard","Old Coin","Turnip","The Specimen"],"potions_floor_usage":[16],"damage_taken":[{"damage":0,"enemies":"Cultist","floor":1,"turns":5},{"damage":0,"enemies":"2 Louse","floor":5,"turns":3},{"damage":30,"enemies":"3 Sentries","floor":7,"turns":18},{"damage":1,"enemies":"Jaw Worm","floor":10,"turns":3},{"damage":0,"enemies":"Looter","floor":13,"turns":3},{"damage":45,"enemies":"Slime Boss","floor":16,"turns":29},{"damage":0,"enemies":"Shell Parasite","floor":18,"turns":5},{"damage":0,"enemies":"3 Byrds","floor":24,"turns":5},{"damage":1,"enemies":"Centurion and Healer","floor":27,"turns":7},{"damage":3,"enemies":"Cultist and Chosen","floor":28,"turns":6},{"damage":0,"enemies":"Chosen and Byrds","floor":30,"turns":6},{"damage":3,"enemies":"Masked Bandits","floor":31,"turns":5},{"damage":69,"enemies":"Collector","floor":33,"turns":11},{"damage":12,"enemies":"3 Darklings","floor":35,"turns":6},{"damage":4,"enemies":"Orb Walker","floor":38,"turns":3},{"damage":16,"enemies":"2 Orb Walkers","floor":39,"turns":4},{"damage":0,"enemies":"Transient","floor":44,"turns":5},{"damage":0,"enemies":"Mind Bloom Boss Battle","floor":45,"turns":5},{"damage":5,"enemies":"4 Shapes","floor":47,"turns":4},{"damage":128,"enemies":"Awakened One","floor":50,"turns":13}],"seed_played":"-2356672409686287004","potions_obtained":[{"floor":1,"key":"Dexterity Potion"}],"is_trial":false,"path_per_floor":["M","?","?","?","M","R","E","T","T","M","$","R","M","?","R","B",null,"M","$","?","?","?","R","M","R","T","M","M","$","M","?","R","B",null,"M","?","$","M","?","R","$","R","T","M","?","R","M","$","R","B",null],"character_chosen":"THE_SILENT","items_purchased":["Noxious Fumes","Footwork","Infinite Blades","Oddly Smooth Stone","Panache","Infinite Blades","PrismaticShard","Footwork","Well Laid Plans","Noxious Fumes","Infinite Blades","Well Laid Plans","Well Laid Plans","Infinite Blades"],"campfire_rested":0,"item_purchase_floors":[19,19,19,29,37,37,37,41,41,41,48,48,48,48],"current_hp_per_floor":[70,75,68,57,57,57,27,27,27,38,38,38,38,56,56,42,75,75,75,61,61,61,61,61,61,61,60,57,57,57,54,54,22,80,68,68,68,64,48,48,48,48,48,48,73,73,68,68,68,17],"gold":55,"neow_bonus":"BOSS_RELIC","is_prod":false,"is_daily":false,"chose_seed":false,"campfire_upgraded":10,"win_rate":0,"timestamp":1548382019,"path_taken":["M","?","?","?","M","R","E","?","T","M","$","R","M","?","R","BOSS","M","$","?","?","?","R","M","R","T","?","M","?","M","?","R","BOSS","M","?","$","M","?","R","$","R","T","M","?","R","M","$","R","BOSS"],"build_version":"2019-01-23","purchased_purges":3,"victory":true,"max_hp_per_floor":[70,75,75,75,75,75,75,75,75,75,75,75,75,75,75,75,75,75,75,80,80,80,80,80,80,80,80,80,80,80,80,80,80,80,80,80,80,80,80,80,80,80,80,80,80,80,80,80,80,80],"card_choices":[{"not_picked":["All Out Attack","PiercingWail"],"picked":"Deflect","floor":1},{"not_picked":["Poisoned Stab","Heel Hook"],"picked":"Backflip","floor":5},{"not_picked":["Outmaneuver","Poisoned Stab"],"picked":"Quick Slash","floor":7},{"not_picked":["Calculated Gamble","Prepared"],"picked":"Escape Plan","floor":10},{"not_picked":["Heel Hook","Skewer"],"picked":"After Image","floor":13},{"not_picked":["Malaise","Storm of Steel"],"picked":"Phantasmal Killer","floor":16},{"not_picked":["Bane","Deadly Poison"],"picked":"Acrobatics","floor":18},{"not_picked":["Predator","Prepared"],"picked":"Sucker Punch","floor":24},{"not_picked":["Bane","Riddle With Holes"],"picked":"Quick Slash+1","floor":27},{"not_picked":["Escape Plan","Dagger Throw"],"picked":"Dagger Spray","floor":28},{"not_picked":["Caltrops","Poisoned Stab"],"picked":"Sucker Punch","floor":30},{"not_picked":["Dagger Spray","Slice"],"picked":"Flying Knee","floor":31},{"not_picked":["Bullet Time","Die Die Die"],"picked":"Tools of the Trade","floor":33},{"not_picked":["Dodge and Roll","Dagger Throw"],"picked":"Quick Slash+1","floor":35},{"not_picked":["Rebound+1","Defragment+1"],"picked":"Dramatic Entrance+1","floor":38},{"not_picked":["Conserve Battery","Gash+1"],"picked":"Expertise+1","floor":39},{"not_picked":["Rampage","Cold Snap+1","Rip and Tear+1"],"picked":"SKIP","floor":44},{"not_picked":["Rampage+1","Coolheaded+1","True Grit"],"picked":"SKIP","floor":47}],"player_experience":140635,"relics_obtained":[{"floor":7,"key":"Meat on the Bone"},{"floor":8,"key":"Ninja Scroll"},{"floor":9,"key":"Pantograph"},{"floor":26,"key":"Bottled Tornado"},{"floor":31,"key":"Red Mask"},{"floor":39,"key":"Old Coin"},{"floor":43,"key":"Turnip"},{"floor":45,"key":"The Specimen"}],"event_choices":[{"damage_healed":0,"gold_gain":0,"player_choice":"Donut","damage_taken":0,"max_hp_gain":5,"max_hp_loss":0,"event_name":"Big Fish","floor":2,"gold_loss":0},{"damage_healed":0,"gold_gain":0,"player_choice":"Success","damage_taken":7,"relics_obtained":["The Courier"],"max_hp_gain":0,"max_hp_loss":0,"event_name":"Scrap Ooze","floor":3,"gold_loss":0},{"damage_healed":0,"gold_gain":75,"player_choice":"Gather Gold","damage_taken":11,"max_hp_gain":0,"max_hp_loss":0,"event_name":"World of Goop","floor":4,"gold_loss":0},{"damage_healed":18,"gold_gain":0,"player_choice":"Healed and dodged fight","damage_taken":0,"max_hp_gain":0,"max_hp_loss":0,"event_name":"Mushrooms","floor":14,"gold_loss":0,"cards_obtained":["Parasite"]},{"damage_healed":0,"gold_gain":0,"player_choice":"Shed Blood","damage_taken":19,"max_hp_gain":5,"max_hp_loss":0,"event_name":"Forgotten Altar","floor":20,"gold_loss":0},{"damage_healed":0,"gold_gain":0,"player_choice":"Ignored","damage_taken":0,"max_hp_gain":0,"max_hp_loss":0,"event_name":"Beggar","floor":21,"gold_loss":0},{"damage_healed":0,"gold_gain":0,"player_choice":"Forge","damage_taken":0,"max_hp_gain":0,"max_hp_loss":0,"event_name":"Accursed Blacksmith","floor":22,"gold_loss":0,"cards_upgraded":["Footwork"]},{"damage_healed":0,"gold_gain":0,"player_choice":"Fought Bandits","damage_taken":0,"max_hp_gain":0,"max_hp_loss":0,"event_name":"Masked Bandits","floor":31,"gold_loss":0},{"damage_healed":0,"gold_gain":222,"player_choice":"Wore Mask","damage_taken":0,"max_hp_gain":0,"max_hp_loss":0,"event_name":"Tomb of Lord Red Mask","floor":36,"gold_loss":0},{"damage_healed":0,"gold_gain":0,"player_choice":"Fight","damage_taken":0,"max_hp_gain":0,"max_hp_loss":0,"event_name":"Mysterious Sphere","floor":39,"gold_loss":0},{"damage_healed":0,"gold_gain":0,"player_choice":"Fight","damage_taken":0,"max_hp_gain":0,"max_hp_loss":0,"event_name":"MindBloom","floor":45,"gold_loss":0}],"is_beta":false,"boss_relics":[{"not_picked":["Cursed Key","Pandora\u0027s Box"],"picked":"Sozu"},{"not_picked":["Empty Cage","White Beast Statue"],"picked":"Lizard Tail"}],"items_purged_floors":[11,19,41],"is_endless":false,"potions_floor_spawned":[1,27,30,31,33,35,38,45,47],"ascension_level":0}