{"gold_per_floor":[109,128,143,143,163,163,191,221,275,275],"floor_reached":10,"playtime":337,"items_purged":[],"score":78,"play_id":"c8a6938a-7d19-4e34-8574-62da487be29e","local_time":"20181219191401","is_ascension_mode":true,"campfire_choices":[{"data":"Neutralize","floor":6,"key":"SMITH"}],"neow_cost":"NONE","seed_source_timestamp":455254190558415,"circlet_count":0,"master_deck":["Defend_G","Defend_G","Defend_G","Defend_G","Defend_G","Strike_G","Strike_G","Strike_G","Strike_G","Strike_G","Survivor","Neutralize+1","Sucker Punch","Expertise","Prepared","Flying Knee","Sucker Punch"],"relics":["Ring of the Snake","Mummified Hand","Potion Belt","Regal Pillow"],"potions_floor_usage":[],"damage_taken":[{"damage":2,"enemies":"Cultist","floor":1,"turns":4},{"damage":3,"enemies":"2 Louse","floor":2,"turns":2},{"damage":1,"enemies":"Jaw Worm","floor":3,"turns":3},{"damage":1,"enemies":"Blue Slaver","floor":5,"turns":6},{"damage":51,"enemies":"Lagavulin","floor":7,"turns":10},{"damage":25,"enemies":"Exordium Wildlife","floor":10,"turns":4}],"seed_played":"-3110702071208385048","potions_obtained":[{"floor":2,"key":"SkillPotion"},{"floor":7,"key":"Strength Potion"}],"is_trial":false,"path_per_floor":["M","M","M","?","M","R","E","?","T","M"],"character_chosen":"THE_SILENT","items_purchased":[],"campfire_rested":0,"item_purchase_floors":[],"current_hp_per_floor":[75,72,71,71,70,70,19,19,19,0],"gold":275,"neow_bonus":"TEN_PERCENT_HP_BONUS","is_prod":false,"is_daily":false,"chose_seed":false,"campfire_upgraded":1,"win_rate":0,"timestamp":1545218041,"path_taken":["M","?","?","?","M","R","E","?","T","M"],"build_version":"2018-12-13","purchased_purges":0,"victory":false,"max_hp_per_floor":[77,77,77,77,77,77,77,77,77,77],"card_choices":[{"not_picked":["Catalyst","Deadly Poison"],"picked":"Sucker Punch","floor":1},{"not_picked":["Accuracy","PiercingWail"],"picked":"Expertise","floor":2},{"not_picked":["Deflect","Calculated Gamble"],"picked":"Prepared","floor":3},{"not_picked":["Bane","Slice"],"picked":"Flying Knee","floor":5},{"not_picked":["Tactician","Corpse Explosion"],"picked":"Sucker Punch","floor":7}],"player_experience":60464,"relics_obtained":[{"floor":7,"key":"Mummified Hand"},{"floor":9,"key":"Regal Pillow"}],"event_choices":[{"damage_healed":0,"gold_gain":0,"player_choice":"Ignored","damage_taken":0,"max_hp_gain":0,"max_hp_loss":0,"event_name":"Shining Light","floor":4,"gold_loss":0},{"damage_healed":0,"gold_gain":30,"player_choice":"Searched \u00273\u0027 times","damage_taken":0,"relics_obtained":["Potion Belt"],"max_hp_gain":0,"max_hp_loss":0,"event_name":"Dead Adventurer","floor":8,"gold_loss":0}],"is_beta":false,"boss_relics":[],"items_purged_floors":[],"is_endless":false,"potions_floor_spawned":[2,7],"killed_by":"Exordium Wildlife","ascension_level":3}