{"gold_per_floor":[109,22,37,37,49,76,76,109,109,109,137,137,150,167,167,262,312,327,327,426,526,539,539,550,550,550,580,592,622,635,652,652,755,755,767,767,767,779,16,16,32,32,58,91,111,129,146,161,161,161],"floor_reached":51,"playtime":1957,"items_purged":["Defend_B"],"score":736,"play_id":"55697121-7faf-47b0-aa57-556f8ef5641b","local_time":"20181130231613","is_ascension_mode":false,"campfire_choices":[{"data":"Defragment","floor":7.0,"key":"SMITH"},{"data":"Lockon","floor":10.0,"key":"SMITH"},{"data":"Zap","floor":12.0,"key":"SMITH"},{"data":"Go for the Eyes","floor":15.0,"key":"SMITH"},{"data":"Electrodynamics","floor":23.0,"key":"SMITH"},{"data":"Ball Lightning","floor":25.0,"key":"SMITH"},{"data":"Chaos","floor":32.0,"key":"SMITH"},{"floor":40,"key":"RECALL"},{"floor":42,"key":"REST"},{"floor":49,"key":"REST"}],"neow_cost":"NONE","seed_source_timestamp":0,"circlet_count":0,"master_deck":["Strike_B+1","Strike_B","Strike_B","Defend_B","Defend_B","Defend_B","Zap+1","Dualcast+1","Lockon+1","Defragment+1","Defragment+1","Cold Snap+1","Go for the Eyes+1","Chill","Electrodynamics+1","Ball Lightning+1","Conserve Battery+1","Glacier+1","Coolheaded+1","Chaos+1","Echo Form","Defragment+1","Conserve Battery","Echo Form"],"special_seed":0,"relics":["Cracked Core","Dodecahedron","The Courier","Bottled Tornado","Odd Mushroom","Tiny House","StoneCalendar","Gambling Chip","Red Mask","Pantograph","Fusion Hammer","Membership Card","Whetstone","Bag of Preparation","Cables","Molten Egg 2","Meat on the Bone","Bronze Scales","Dream Catcher","PreservedInsect","Bird Faced Urn"],"potions_floor_usage":[50],"damage_taken":[{"damage":2.0,"enemies":"2 Louse","floor":1.0,"turns":2.0},{"damage":1.0,"enemies":"Cultist","floor":3.0,"turns":3.0},{"damage":0.0,"enemies":"Small Slimes","floor":5.0,"turns":3.0},{"damage":8.0,"enemies":"Gremlin Nob","floor":6.0,"turns":3.0},{"damage":20.0,"enemies":"3 Sentries","floor":8.0,"turns":6.0},{"damage":18.0,"enemies":"The Mushroom Lair","floor":11.0,"turns":4.0},{"damage":0.0,"enemies":"Exordium Wildlife","floor":13.0,"turns":3.0},{"damage":0.0,"enemies":"3 Louse","floor":14.0,"turns":2.0},{"damage":1.0,"enemies":"Slime Boss","floor":16.0,"turns":12.0},{"damage":0.0,"enemies":"Chosen","floor":18.0,"turns":3.0},{"damage":0.0,"enemies":"Colosseum Slavers","floor":21.0,"turns":3.0},{"damage":4.0,"enemies":"Colosseum Nobs","floor":21.0,"turns":4.0},{"damage":6.0,"enemies":"Spheric Guardian","floor":22.0,"turns":3.0},{"damage":18.0,"enemies":"Centurion and Healer","floor":24.0,"turns":3.0},{"damage":0.0,"enemies":"Masked Bandits","floor":27.0,"turns":3.0},{"damage":0.0,"enemies":"3 Cultists","floor":28.0,"turns":5.0},{"damage":3.0,"enemies":"Book of Stabbing","floor":29.0,"turns":5.0},{"damage":0.0,"enemies":"Snecko","floor":30.0,"turns":7.0},{"damage":0.0,"enemies":"Snake Plant","floor":31.0,"turns":3.0},{"damage":29.0,"enemies":"Champ","floor":33.0,"turns":10.0},{"damage":0.0,"enemies":"3 Shapes","floor":35.0,"turns":3.0},{"damage":0.0,"enemies":"Orb Walker","floor":38.0,"turns":4.0},{"damage":0,"enemies":"Sphere and 2 Shapes","floor":41,"turns":3},{"damage":0,"enemies":"Giant Head","floor":44,"turns":5},{"damage":0,"enemies":"Transient","floor":45,"turns":5},{"damage":0,"enemies":"3 Darklings","floor":46,"turns":4},{"damage":10,"enemies":"Jaw Worm Horde","floor":47,"turns":6},{"damage":0,"enemies":"Spire Growth","floor":48,"turns":5},{"damage":10,"enemies":"Time Eater","floor":50,"turns":9}],"seed_played":"527872877316325055","potions_obtained":[{"floor":1.0,"key":"Poison Potion"},{"floor":3.0,"key":"Poison Potion"},{"floor":6.0,"key":"Fire Potion"},{"floor":13.0,"key":"GamblersBrew"},{"floor":21.0,"key":"Fire Potion"},{"floor":22.0,"key":"Fire Potion"},{"floor":28.0,"key":"GamblersBrew"},{"floor":29.0,"key":"LiquidBronze"}],"is_trial":false,"path_per_floor":["M","$","M","?","M","E","R","E","T","R","?","R","M","M","R","B",null,"M","$","?","?","?","M","R","M","R","T","?","M","E","M","M","R","B",null,"M","M","?","?","M","$","R","M","R","T","E","M","M","M","M","R","B",null],"character_chosen":"DEFECT","items_purchased":["Defragment","Coolheaded","Membership Card","Whetstone","Bag of Preparation","Cables","Molten Egg 2","Meat on the Bone","Bronze Scales","Dream Catcher","Conserve Battery"],"campfire_rested":2,"item_purchase_floors":[2,2,39,39,39,39,39,39,39,39,39],"current_hp_per_floor":[73,73,72,72,72,64,64,44,44,44,26,26,26,26,26,25,80,80,80,80,76,70,70,52,52,52,52,52,49,49,49,49,45,80,80,80,80,80,80,80,80,80,80,80,80,80,80,80,80,80],"gold":161,"neow_bonus":"UPGRADE_CARD","is_prod":false,"is_daily":false,"chose_seed":false,"campfire_upgraded":7,"win_rate":0,"timestamp":1543619773,"path_taken":["M","$","M","?","?","E","R","E","T","R","?","R","M","M","R","BOSS","M","$","?","?","?","R","M","R","T","?","M","E","M","M","R","BOSS","M","?","?","?","$","R","M","R","T","E","M","M","M","M","R","BOSS"],"build_version":"2018-11-15","purchased_purges":1,"victory":true,"max_hp_per_floor":[75,75,75,75,75,75,75,75,75,75,75,75,75,75,75,75,80,80,80,80,80,80,80,80,80,80,80,80,80,80,80,80,80,80,80,80,80,80,80,80,80,80,80,80,80,80,80,80,80,80],"card_choices":[{"not_picked":["Rip and Tear","Steam"],"picked":"Lockon","floor":1.0},{"not_picked":["Gash","Hologram","Doom and Gloom"],"picked":"SKIP","floor":3.0},{"not_picked":["Sweeping Beam","Beam Cell"],"picked":"Defragment","floor":5.0},{"not_picked":["Storm","Streamline","Sweeping Beam"],"picked":"SKIP","floor":6.0},{"not_picked":["Gash","Hologram","Barrage"],"picked":"SKIP","floor":8.0},{"not_picked":["Gash","Hologram"],"picked":"Cold Snap","floor":11.0},{"not_picked":["Leap","Self Repair"],"picked":"Go for the Eyes","floor":13.0},{"not_picked":["Fusion","Beam Cell"],"picked":"Chill","floor":14.0},{"not_picked":["Multi-Cast","Reboot"],"picked":"Electrodynamics","floor":16.0},{"not_picked":["Leap","Static Discharge"],"picked":"Ball Lightning","floor":17.0},{"not_picked":["Consume","Beam Cell","Rebound"],"picked":"SKIP","floor":18.0},{"not_picked":["Coolheaded","Melter"],"picked":"Conserve Battery+1","floor":22.0},{"not_picked":["Turbo+1","Storm"],"picked":"Glacier+1","floor":24.0},{"not_picked":["Self Repair+1","Steam"],"picked":"Coolheaded+1","floor":27.0},{"not_picked":["Blizzard","Ball Lightning"],"picked":"Chaos","floor":28.0},{"not_picked":["Barrage","Beam Cell","Tempest"],"picked":"SKIP","floor":29.0},{"not_picked":["Reinforced Body","Undo","Machine Learning"],"picked":"SKIP","floor":30.0},{"not_picked":["Turbo","Streamline","Leap"],"picked":"SKIP","floor":31.0},{"not_picked":["Seek","All For One"],"picked":"Echo Form","floor":33.0},{"not_picked":["Compile Driver","Steam"],"picked":"Defragment+1","floor":35.0},{"not_picked":["Heatsinks","Lockon+1","Ball Lightning+1"],"picked":"SKIP","floor":38.0},{"not_picked":["Stack","Hologram","Barrage+1"],"picked":"SKIP","floor":41},{"not_picked":["Redo+1","Glacier"],"picked":"Echo Form","floor":44},{"not_picked":["Rebound+1","Stack+1","Barrage+1"],"picked":"SKIP","floor":45},{"not_picked":["Coolheaded+1","Hologram","Compile Driver+1"],"picked":"SKIP","floor":46},{"not_picked":["Turbo+1","Static Discharge+1","Go for the Eyes+1"],"picked":"SKIP","floor":47},{"not_picked":["Reprogram+1","Barrage+1","Fission"],"picked":"SKIP","floor":48}],"player_experience":839113,"relics_obtained":[{"floor":6.0,"key":"Dodecahedron"},{"floor":8.0,"key":"The Courier"},{"floor":9.0,"key":"Bottled Tornado"},{"floor":11.0,"key":"Odd Mushroom"},{"floor":21.0,"key":"StoneCalendar"},{"floor":26.0,"key":"Gambling Chip"},{"floor":27.0,"key":"Red Mask"},{"floor":29.0,"key":"Pantograph"},{"floor":43,"key":"PreservedInsect"},{"floor":44,"key":"Bird Faced Urn"}],"event_choices":[{"damage_healed":0.0,"max_hp_gain":0.0,"max_hp_loss":0.0,"gold_gain":0.0,"event_name":"Accursed Blacksmith","player_choice":"Forge","floor":4.0,"gold_loss":0.0,"damage_taken":0.0,"cards_upgraded":["Defragment"]},{"damage_healed":0.0,"max_hp_gain":0.0,"max_hp_loss":0.0,"gold_gain":0.0,"event_name":"Mushrooms","player_choice":"Fought Mushrooms","floor":11.0,"gold_loss":0.0,"damage_taken":0.0},{"damage_healed":0.0,"max_hp_gain":0.0,"max_hp_loss":0.0,"gold_gain":99.0,"event_name":"Nest","player_choice":"Stole From Cult","floor":20.0,"gold_loss":0.0,"damage_taken":0.0},{"damage_healed":0.0,"max_hp_gain":0.0,"max_hp_loss":0.0,"gold_gain":0.0,"event_name":"Colosseum","player_choice":"Fight","floor":21.0,"gold_loss":0.0,"damage_taken":0.0},{"damage_healed":0.0,"max_hp_gain":0.0,"max_hp_loss":0.0,"gold_gain":0.0,"event_name":"Colosseum","player_choice":"Fought Nobs","floor":21.0,"gold_loss":0.0,"damage_taken":0.0},{"damage_healed":0.0,"max_hp_gain":0.0,"max_hp_loss":0.0,"gold_gain":0.0,"event_name":"Cursed Tome","player_choice":"Ignored","floor":21.0,"gold_loss":0.0,"damage_taken":0.0},{"damage_healed":0.0,"max_hp_gain":0.0,"max_hp_loss":0.0,"gold_gain":0.0,"event_name":"Masked Bandits","player_choice":"Fought Bandits","floor":27.0,"gold_loss":0.0,"damage_taken":0.0},{"cards_removed":["Coolheaded"],"damage_healed":0.0,"max_hp_gain":0.0,"max_hp_loss":0.0,"gold_gain":0.0,"event_name":"Falling","player_choice":"Removed Skill","floor":36.0,"gold_loss":0.0,"damage_taken":0.0},{"cards_removed":["Strike_B"],"damage_healed":0.0,"max_hp_gain":0.0,"max_hp_loss":0.0,"gold_gain":0.0,"event_name":"Purifier","player_choice":"Purged","floor":37.0,"gold_loss":0.0,"damage_taken":0.0}],"is_beta":false,"boss_relics":[{"not_picked":["Velvet Choker","Empty Cage"],"picked":"Tiny House"},{"not_picked":["Snecko Eye","Runic Pyramid"],"picked":"Fusion Hammer"}],"items_purged_floors":[39],"is_endless":false,"potions_floor_spawned":[1,3,6,13,14,21,21,22,28,29,38,48],"ascension_level":0}