{"gold_per_floor":[113,124,138,149,224,224,251,251,251,269,269,279,34,68,68,170,170,180,194,210,228,228,255,275,275,275,303,303,159,177,191,191,286,286,298,318,318,335,6,6,21,21,48,48,58,69,69,69,69,69],"floor_reached":51,"playtime":3389,"items_purged":["Writhe"],"score":964,"play_id":"4b9122ac-f4dd-4245-b311-fff304335ab8","local_time":"20181026231020","is_ascension_mode":true,"campfire_choices":[{"data":"Dagger Throw","floor":6,"key":"SMITH"},{"floor":11,"key":"REST"},{"data":"Unload","floor":15,"key":"SMITH"},{"data":"1","floor":28,"key":"LIFT"},{"data":"2","floor":32,"key":"LIFT"},{"data":"3","floor":40,"key":"LIFT"},{"data":"Calculated Gamble","floor":42,"key":"SMITH"},{"data":"Concentrate","floor":47,"key":"SMITH"},{"floor":49,"key":"REST"}],"neow_cost":"NONE","seed_source_timestamp":89347109517420,"circlet_count":0,"master_deck":["Defend_G+1","Defend_G+1","Defend_G+1","Defend_G+1","Strike_G+1","Strike_G+1","Strike_G+1","Strike_G+1","Survivor+1","Neutralize+1","Backflip+1","Dagger Throw+1","Prepared+1","Slice+1","Unload+1","Calculated Gamble+1","Backstab+1","Sucker Punch+1","Die Die Die+1","PiercingWail+1","Deflect+1","Slice+1","Dagger Throw+1","Backflip+1","Expertise+1","Blur+1","Quick Slash+1","Quick Slash+1","RitualDagger+1","Terror+1","Concentrate+1","Outmaneuver+1","Acrobatics+1","Unload+1","Tactician+1","Riddle With Holes+1","Endless Agony+1","Outmaneuver+1","Calculated Gamble+1","Cloak And Dagger+1","Deflect+1","Expertise+1","Deflect+1","PiercingWail+1","Distraction+1","Backflip+1"],"relics":["Empty Cage","Anchor","Dodecahedron","Meat on the Bone","Prayer Wheel","Runic Dome","MutagenicStrength","War Paint","Girya","Bottled Flame","Bag of Marbles","WristBlade","Bag of Preparation","Pen Nib","Mark of the Bloom"],"potions_floor_usage":[7,7,16,16,16,19,23,27,33,33,50],"damage_taken":[{"damage":7,"enemies":"Jaw Worm","floor":1,"turns":5},{"damage":5,"enemies":"Small Slimes","floor":2,"turns":7},{"damage":9,"enemies":"2 Louse","floor":3,"turns":3},{"damage":0,"enemies":"Exordium Wildlife","floor":4,"turns":4},{"damage":25,"enemies":"Gremlin Nob","floor":7,"turns":5},{"damage":1,"enemies":"Looter","floor":10,"turns":3},{"damage":0,"enemies":"Blue Slaver","floor":12,"turns":2},{"damage":22,"enemies":"3 Sentries","floor":14,"turns":9},{"damage":15,"enemies":"Slime Boss","floor":16,"turns":10},{"damage":17,"enemies":"Chosen","floor":18,"turns":5},{"damage":0,"enemies":"Spheric Guardian","floor":19,"turns":3},{"damage":12,"enemies":"Shelled Parasite and Fungi","floor":20,"turns":6},{"damage":22,"enemies":"Chosen and Byrds","floor":21,"turns":7},{"damage":10,"enemies":"Slavers","floor":23,"turns":6},{"damage":18,"enemies":"Centurion and Healer","floor":24,"turns":7},{"damage":14,"enemies":"Book of Stabbing","floor":27,"turns":6},{"damage":3,"enemies":"Snake Plant","floor":30,"turns":2},{"damage":6,"enemies":"Shelled Parasite and Fungi","floor":31,"turns":3},{"damage":35,"enemies":"Automaton","floor":33,"turns":11},{"damage":0,"enemies":"3 Shapes","floor":35,"turns":2},{"damage":0,"enemies":"Orb Walker","floor":36,"turns":1},{"damage":29,"enemies":"Transient","floor":38,"turns":5},{"damage":0,"enemies":"Jaw Worm Horde","floor":41,"turns":1},{"damage":6,"enemies":"Sphere and 2 Shapes","floor":45,"turns":3},{"damage":13,"enemies":"Transient","floor":46,"turns":5},{"damage":19,"enemies":"Awakened One","floor":50,"turns":7}],"seed_played":"5029013485150917574","potions_obtained":[{"floor":2,"key":"PowerPotion"},{"floor":3,"key":"EntropicBrew"},{"floor":4,"key":"Swift Potion"},{"floor":12,"key":"SteroidPotion"},{"floor":16,"key":"PowerPotion"},{"floor":20,"key":"PowerPotion"},{"floor":24,"key":"GhostInAJar"},{"floor":31,"key":"GhostInAJar"},{"floor":33,"key":"GhostInAJar"},{"floor":36,"key":"Regen Potion"},{"floor":41,"key":"GhostInAJar"}],"is_trial":false,"path_per_floor":["M","M","M","M","?","R","E","?","T","M","R","M","$","E","R","B",null,"M","M","M","M","?","E","M","?","T","E","R","$","M","M","R","B",null,"M","M","?","M","$","R","M","R","T","$","M","M","R","?","R","B"],"character_chosen":"THE_SILENT","items_purchased":["Meat on the Bone","Bag of Marbles","Bag of Preparation","Strength Potion","Deflect"],"campfire_rested":2,"item_purchase_floors":[13,29,39,39,39],"current_hp_per_floor":[56,51,42,42,31,31,6,29,29,28,49,49,49,39,39,36,62,45,45,45,35,35,37,31,25,25,23,23,23,32,38,38,15,56,56,56,70,41,41,41,41,41,41,41,47,46,46,46,46,27],"gold":69,"neow_bonus":"BOSS_RELIC","is_prod":false,"is_daily":false,"chose_seed":false,"campfire_upgraded":4,"win_rate":0,"timestamp":1540620620,"path_taken":["M","M","M","M","?","R","E","?","T","M","R","M","$","E","R","BOSS","M","M","M","M","?","E","M","?","T","E","R","?","M","M","R","BOSS","M","M","?","M","$","R","M","R","T","?","M","?","R","?","R","BOSS"],"build_version":"2018-10-25v2","purchased_purges":1,"victory":true,"max_hp_per_floor":[70,70,70,70,70,70,70,70,70,70,70,70,70,70,70,70,70,70,70,70,70,70,70,70,70,70,70,70,70,70,70,70,70,70,70,70,70,70,70,70,70,70,70,70,70,70,70,70,70,70],"card_choices":[{"not_picked":["Bane","Expertise"],"picked":"Backflip","floor":1},{"not_picked":["Deadly Poison","Catalyst"],"picked":"Dagger Throw","floor":2},{"not_picked":["Distraction","Quick Slash"],"picked":"Prepared","floor":3},{"not_picked":["Night Terror","Flechettes"],"picked":"Slice","floor":4},{"not_picked":["Venomology","Bane"],"picked":"Unload","floor":7},{"not_picked":["Cloak And Dagger","Well Laid Plans"],"picked":"Calculated Gamble","floor":10},{"not_picked":["Blade Dance","Slice"],"picked":"Backstab","floor":12},{"not_picked":["Blade Dance","Setup"],"picked":"Sucker Punch","floor":14},{"not_picked":["Storm of Steel","Bullet Time"],"picked":"Die Die Die","floor":16},{"not_picked":["Dagger Spray","Blade Dance"],"picked":"PiercingWail+1","floor":18},{"not_picked":["Catalyst","Footwork"],"picked":"Deflect","floor":18},{"not_picked":["Deadly Poison","Cloak And Dagger"],"picked":"Slice+1","floor":19},{"not_picked":["Sucker Punch","Flechettes"],"picked":"Dagger Throw","floor":19},{"not_picked":["Acrobatics","Slice"],"picked":"Backflip+1","floor":20},{"not_picked":["Catalyst","Crippling Poison"],"picked":"Expertise+1","floor":20},{"not_picked":["Eviscerate","Prepared"],"picked":"Blur","floor":21},{"not_picked":["Underhanded Strike","Riddle With Holes","Bane"],"picked":"SKIP","floor":21},{"not_picked":["Dagger Throw","Reflex"],"picked":"Quick Slash+1","floor":23},{"not_picked":["Masterful Stab","Grand Finale"],"picked":"Quick Slash+1","floor":24},{"not_picked":["Eviscerate","Slice","Outmaneuver"],"picked":"SKIP","floor":24},{"not_picked":["Underhanded Strike+1","Crippling Poison+1"],"picked":"Terror","floor":27},{"not_picked":["Well Laid Plans","Flechettes"],"picked":"Concentrate","floor":30},{"not_picked":["Finisher","All Out Attack"],"picked":"Outmaneuver","floor":30},{"not_picked":["Underhanded Strike","Deflect"],"picked":"Acrobatics","floor":31},{"not_picked":["All Out Attack","Deadly Poison","Distraction"],"picked":"SKIP","floor":31},{"not_picked":["Corpse Explosion","Storm of Steel"],"picked":"Unload","floor":33},{"not_picked":["Backflip","Quick Slash"],"picked":"Tactician","floor":35},{"not_picked":["Dagger Spray","Poisoned Stab+1"],"picked":"Riddle With Holes+1","floor":35},{"not_picked":["Poisoned Stab+1","Sucker Punch+1"],"picked":"Endless Agony+1","floor":36},{"not_picked":["Deadly Poison+1","Grand Finale"],"picked":"Outmaneuver+1","floor":36},{"not_picked":["Deadly Poison+1","Poisoned Stab+1"],"picked":"Calculated Gamble","floor":38},{"not_picked":["Backflip","Blade Dance"],"picked":"Cloak And Dagger+1","floor":38},{"not_picked":["Dagger Throw+1","Deadly Poison"],"picked":"Expertise+1","floor":41},{"not_picked":["Flying Knee","Outmaneuver"],"picked":"Deflect+1","floor":41},{"not_picked":["Infinite Blades","Bane+1"],"picked":"PiercingWail","floor":45},{"not_picked":["Corpse Explosion","Well Laid Plans+1","Dodge and Roll"],"picked":"SKIP","floor":45},{"not_picked":["Dagger Spray","Flying Knee+1"],"picked":"Distraction+1","floor":46},{"not_picked":["Poisoned Stab","Eviscerate"],"picked":"Backflip+1","floor":46}],"player_experience":60964,"relics_obtained":[{"floor":7,"key":"Anchor"},{"floor":9,"key":"Dodecahedron"},{"floor":14,"key":"Prayer Wheel"},{"floor":23,"key":"War Paint"},{"floor":26,"key":"Girya"},{"floor":27,"key":"Bottled Flame"},{"floor":43,"key":"Pen Nib"}],"event_choices":[{"damage_healed":0,"gold_gain":75,"player_choice":"Gather Gold","damage_taken":11,"max_hp_gain":0,"max_hp_loss":0,"event_name":"World of Goop","floor":5,"gold_loss":0},{"damage_healed":23,"gold_gain":0,"player_choice":"Banana","damage_taken":0,"max_hp_gain":0,"max_hp_loss":0,"event_name":"Big Fish","floor":8,"gold_loss":0},{"damage_healed":0,"gold_gain":0,"player_choice":"Inject Mutagens","damage_taken":0,"relics_obtained":["MutagenicStrength"],"max_hp_gain":0,"max_hp_loss":0,"event_name":"Drug Dealer","floor":22,"gold_loss":0},{"damage_healed":0,"gold_gain":0,"player_choice":"Joined the Cult","damage_taken":6,"max_hp_gain":0,"max_hp_loss":0,"event_name":"Nest","floor":25,"gold_loss":0,"cards_obtained":["RitualDagger"]},{"damage_healed":18,"gold_gain":0,"player_choice":"Writhe","damage_taken":0,"max_hp_gain":0,"max_hp_loss":0,"event_name":"Winding Halls","floor":37,"gold_loss":0,"cards_obtained":["Writhe"]},{"damage_healed":0,"gold_gain":0,"player_choice":"Upgrade","damage_taken":0,"relics_obtained":["Mark of the Bloom"],"max_hp_gain":0,"max_hp_loss":0,"event_name":"MindBloom","floor":48,"gold_loss":0,"cards_upgraded":["Defend_G","Defend_G","Defend_G","Strike_G","Strike_G","Strike_G","Strike_G","Survivor","Neutralize","Backflip","Prepared","Slice","Backstab","Sucker Punch","Die Die Die","Deflect","Dagger Throw","RitualDagger","Terror","Outmaneuver","Acrobatics","Unload","Tactician","Calculated Gamble","Deflect","PiercingWail"]}],"is_beta":false,"boss_relics":[{"not_picked":["Runic Pyramid","Pandora\u0027s Box"],"picked":"Runic Dome"},{"not_picked":["Eternal Feather","Astrolabe"],"picked":"WristBlade"}],"items_purged_floors":[39],"is_endless":false,"potions_floor_spawned":[2,3,4,12,16,18,20,24,31,33,36,41,45],"ascension_level":8}