{"gold_per_floor":[119,119,119,294,294,294,324,343,390,390,419,419,431,431,431,526,526,546,349,349,422,422,422,6,6,6,17,17,17,32,32,32,132,132,150,150,150,150,175,175,175,175,175,105,105,121,135,152,152,152],"floor_reached":51,"playtime":2181,"items_purged":["Strike_G","Strike_G"],"score":670,"play_id":"c6a04a2e-28d3-4218-ab0a-f947bf3846ec","local_time":"20190127001851","is_ascension_mode":false,"campfire_choices":[{"data":"Dagger Spray","floor":6,"key":"SMITH"},{"floor":10,"key":"REST"},{"floor":12,"key":"REST"},{"floor":15,"key":"REST"},{"data":"Noxious Fumes","floor":23,"key":"SMITH"},{"data":"Noxious Fumes","floor":25,"key":"SMITH"},{"data":"Tools of the Trade","floor":29,"key":"SMITH"},{"floor":32,"key":"REST"},{"data":"Noxious Fumes","floor":40,"key":"SMITH"},{"data":"Sucker Punch","floor":42,"key":"SMITH"},{"data":"Well Laid Plans","floor":49,"key":"SMITH"}],"neow_cost":"NONE","seed_source_timestamp":529600541016773,"circlet_count":0,"master_deck":["Defend_G+1","Defend_G","Defend_G","Defend_G","Defend_G+1","Strike_G","Strike_G","Survivor+1","Neutralize","Dagger Spray+1","Sucker Punch+1","Tools of the Trade+1","Unload","Skewer+1","Noxious Fumes+1","Backflip","Noxious Fumes+1","Dodge and Roll+1","Quick Slash","Doppelganger+1","Clumsy","Writhe","Injury","Noxious Fumes+1","Blur+1","Well Laid Plans+1","Crippling Poison+1"],"relics":["Ring of the Serpent","War Paint","Oddly Smooth Stone","Juzu Bracelet","Kunai","Toxic Egg 2","Bottled Tornado","Torii","Calling Bell","Blood Vial","Singing Bowl","Bird Faced Urn","Vajra","Bronze Scales"],"potions_floor_usage":[16,16,16,16,33,33,50,50,50],"damage_taken":[{"damage":5,"enemies":"Small Slimes","floor":1,"turns":4},{"damage":46,"enemies":"Gremlin Nob","floor":7,"turns":7},{"damage":0,"enemies":"2 Louse","floor":8,"turns":2},{"damage":35,"enemies":"Lagavulin","floor":11,"turns":10},{"damage":0,"enemies":"Jaw Worm","floor":13,"turns":4},{"damage":14,"enemies":"Slime Boss","floor":16,"turns":12},{"damage":11,"enemies":"Spheric Guardian","floor":18,"turns":10},{"damage":1,"enemies":"Shell Parasite","floor":27,"turns":6},{"damage":18,"enemies":"3 Cultists","floor":30,"turns":5},{"damage":11,"enemies":"Colosseum Slavers","floor":31,"turns":4},{"damage":33,"enemies":"Automaton","floor":33,"turns":11},{"damage":9,"enemies":"Orb Walker","floor":35,"turns":4},{"damage":15,"enemies":"3 Darklings","floor":46,"turns":4},{"damage":11,"enemies":"Sphere and 2 Shapes","floor":47,"turns":6},{"damage":17,"enemies":"Writhing Mass","floor":48,"turns":6},{"damage":70,"enemies":"Donu and Deca","floor":50,"turns":9}],"seed_played":"4615998103287639444","potions_obtained":[{"floor":1,"key":"EntropicBrew"},{"floor":13,"key":"Weak Potion"},{"floor":16,"key":"PowerPotion"},{"floor":33,"key":"Weak Potion"},{"floor":46,"key":"AttackPotion"},{"floor":47,"key":"Explosive Potion"}],"is_trial":false,"path_per_floor":["M","?","?","?","?","R","E","M","T","R","E","R","M","?","R","B",null,"M","$","?","T","?","R","$","R","T","M","?","R","M","?","R","B",null,"M","?","?","?","T","R","?","R","T","$","?","M","M","M","R","B",null],"character_chosen":"THE_SILENT","items_purchased":["Noxious Fumes","Backflip","Noxious Fumes","Bottled Tornado","Blur+1"],"campfire_rested":4,"item_purchase_floors":[19,19,24,24,44],"current_hp_per_floor":[65,65,65,65,65,65,19,19,19,40,5,26,26,26,47,33,70,59,59,59,59,52,52,52,52,52,51,51,51,33,22,43,10,70,61,61,70,70,70,70,70,70,70,70,72,61,64,59,59,1],"gold":152,"neow_bonus":"UPGRADE_CARD","is_prod":false,"is_daily":false,"chose_seed":false,"campfire_upgraded":7,"win_rate":0,"timestamp":1548519531,"path_taken":["M","?","?","?","?","R","E","M","T","R","E","R","M","?","R","BOSS","M","$","?","?","?","R","$","R","T","M","?","R","M","?","R","BOSS","M","?","?","?","?","R","?","R","T","$","?","M","M","M","R","BOSS"],"build_version":"2019-01-23","purchased_purges":2,"victory":true,"max_hp_per_floor":[70,70,70,70,70,70,70,70,70,70,70,70,70,70,70,70,70,70,70,70,70,70,70,70,70,70,70,70,70,70,70,70,70,70,70,70,70,70,70,70,70,70,70,70,72,72,74,74,74,74],"card_choices":[{"not_picked":["Masterful Stab","Dash"],"picked":"Dagger Spray","floor":1},{"not_picked":["Cloak And Dagger","Acrobatics"],"picked":"Sucker Punch","floor":7},{"not_picked":["Terror","Outmaneuver"],"picked":"Leg Sweep","floor":8},{"not_picked":["Outmaneuver","Die Die Die"],"picked":"Tools of the Trade","floor":11},{"not_picked":["Poisoned Stab","Masterful Stab","Eviscerate"],"picked":"SKIP","floor":13},{"not_picked":["Doppelganger","Glass Knife"],"picked":"Unload","floor":16},{"not_picked":["Acrobatics","Cloak And Dagger+1"],"picked":"Skewer","floor":18},{"not_picked":["Deflect+1","Prepared+1"],"picked":"Dodge and Roll+1","floor":27},{"not_picked":["Deadly Poison+1","Sucker Punch"],"picked":"Quick Slash","floor":30},{"not_picked":["Phantasmal Killer+1","Tools of the Trade"],"picked":"Doppelganger+1","floor":33},{"not_picked":["Riddle With Holes+1","Finisher"],"picked":"Noxious Fumes","floor":35},{"not_picked":["Jack Of All Trades+1","PanicButton+1","Swift Strike"],"picked":"Singing Bowl","floor":45},{"not_picked":["Dagger Spray","Slice"],"picked":"Well Laid Plans","floor":46},{"not_picked":["Flying Knee+1","Outmaneuver+1","Leg Sweep+1"],"picked":"Singing Bowl","floor":47},{"not_picked":["Flying Knee","Sucker Punch+1"],"picked":"Crippling Poison+1","floor":48}],"player_experience":145466,"relics_obtained":[{"floor":7,"key":"Oddly Smooth Stone"},{"floor":9,"key":"Juzu Bracelet"},{"floor":11,"key":"Kunai"},{"floor":21,"key":"Toxic Egg 2"},{"floor":26,"key":"Torii"},{"floor":34,"key":"Blood Vial"},{"floor":34,"key":"Singing Bowl"},{"floor":34,"key":"Bird Faced Urn"},{"floor":39,"key":"Vajra"},{"floor":43,"key":"Bronze Scales"}],"event_choices":[{"damage_healed":0,"gold_gain":0,"player_choice":"Ignored","damage_taken":0,"max_hp_gain":0,"max_hp_loss":0,"event_name":"Shining Light","floor":2,"gold_loss":0},{"damage_healed":0,"gold_gain":0,"player_choice":"Box","damage_taken":0,"relics_obtained":["War Paint"],"max_hp_gain":0,"max_hp_loss":0,"event_name":"Big Fish","floor":3,"gold_loss":0,"cards_obtained":["Regret"]},{"damage_healed":0,"gold_gain":175,"player_choice":"AGREE","damage_taken":0,"max_hp_gain":0,"max_hp_loss":0,"event_name":"Liars Game","floor":4,"gold_loss":0,"cards_obtained":["Doubt"]},{"cards_removed":["Regret"],"damage_healed":0,"gold_gain":0,"player_choice":"Forget","damage_taken":0,"max_hp_gain":0,"max_hp_loss":0,"event_name":"Living Wall","floor":5,"gold_loss":0},{"cards_removed":["Doubt"],"damage_healed":0,"gold_gain":0,"player_choice":"Removed Curses","damage_taken":0,"max_hp_gain":0,"max_hp_loss":0,"event_name":"Fountain of Cleansing","floor":14,"gold_loss":0},{"damage_healed":0,"gold_gain":0,"player_choice":"Ignored","damage_taken":0,"max_hp_gain":0,"max_hp_loss":0,"event_name":"Ghosts","floor":20,"gold_loss":0},{"damage_healed":0,"gold_gain":0,"player_choice":"","damage_taken":7,"max_hp_gain":0,"max_hp_loss":0,"event_name":"Knowing Skull","floor":22,"potions_obtained":[],"gold_loss":0,"cards_obtained":[]},{"damage_healed":0,"gold_gain":0,"player_choice":"Ignored","damage_taken":0,"max_hp_gain":0,"max_hp_loss":0,"event_name":"N\u0027loth","floor":28,"gold_loss":0},{"damage_healed":0,"gold_gain":0,"player_choice":"Fight","damage_taken":0,"max_hp_gain":0,"max_hp_loss":0,"event_name":"Colosseum","floor":31,"gold_loss":0},{"damage_healed":0,"gold_gain":0,"player_choice":"Fled From Nobs","damage_taken":0,"max_hp_gain":0,"max_hp_loss":0,"event_name":"Colosseum","floor":31,"gold_loss":0},{"cards_removed":["Strike_G"],"damage_healed":0,"gold_gain":0,"player_choice":"Removed Attack","damage_taken":0,"max_hp_gain":0,"max_hp_loss":0,"event_name":"Falling","floor":36,"gold_loss":0},{"cards_removed":["Leg Sweep"],"damage_healed":9,"gold_gain":0,"player_choice":"Offered Uncommon","damage_taken":0,"max_hp_gain":0,"max_hp_loss":0,"event_name":"Bonfire Elementals","floor":37,"gold_loss":0},{"damage_healed":0,"gold_gain":0,"player_choice":"Ignored","damage_taken":0,"max_hp_gain":0,"max_hp_loss":0,"event_name":"Mysterious Sphere","floor":38,"gold_loss":0},{"damage_healed":0,"gold_gain":0,"player_choice":"Forge","damage_taken":0,"max_hp_gain":0,"max_hp_loss":0,"event_name":"Accursed Blacksmith","floor":41,"gold_loss":0,"cards_upgraded":["Skewer"]},{"damage_healed":0,"gold_gain":0,"player_choice":"Memory 1","damage_taken":0,"max_hp_gain":0,"max_hp_loss":0,"event_name":"SensoryStone","floor":45,"gold_loss":0}],"is_beta":false,"boss_relics":[{"not_picked":["Eternal Feather","Busted Crown"],"picked":"Ring of the Serpent"},{"not_picked":["Runic Dome","Pandora\u0027s Box"],"picked":"Calling Bell"}],"items_purged_floors":[19,24],"is_endless":false,"potions_floor_spawned":[1,13,16,31,33,46,47],"ascension_level":0}