{"gold_per_floor":[113,113,131,131,1,39,39,39,66,66,102,22,56,76,76,166,166,185,141,141,57,73,73,73],"floor_reached":24,"playtime":1660,"items_purged":["Pain"],"score":447,"play_id":"38a0fd57-fdf9-4beb-ba30-97404c5c3c8b","local_time":"20190209181845","is_ascension_mode":true,"campfire_choices":[{"data":"Zap","floor":8,"key":"SMITH"},{"floor":15,"key":"REST"},{"data":"Electrodynamics","floor":23,"key":"SMITH"}],"neow_cost":"NONE","seed_source_timestamp":331047974038689,"circlet_count":0,"master_deck":["AscendersBane","Strike_B","Defend_B","Defend_B","Defend_B","Defend_B","Zap+1","Dualcast","Defragment","Core Surge","Ball Lightning","Static Discharge","Undo","Conserve Battery","Electrodynamics+1","Scrape+1","Rip and Tear+1","Rainbow+1","Compile Driver+1","Capacitor","Defragment"],"relics":["Cracked Core","NeowsBlessing","WarpedTongs","Golden Idol","Matryoshka","Potion Belt","Juzu Bracelet","Dream Catcher","Boot","Strawberry","Oddly Smooth Stone","Astrolabe"],"potions_floor_usage":[11,16,22,24],"damage_taken":[{"damage":0,"enemies":"Small Slimes","floor":1,"turns":1},{"damage":0,"enemies":"Cultist","floor":3,"turns":1},{"damage":0,"enemies":"Lagavulin","floor":6,"turns":1},{"damage":20,"enemies":"3 Sentries","floor":11,"turns":4},{"damage":25,"enemies":"Lagavulin","floor":13,"turns":6},{"damage":0,"enemies":"Jaw Worm","floor":14,"turns":2},{"damage":14,"enemies":"The Guardian","floor":16,"turns":12},{"damage":6,"enemies":"Shell Parasite","floor":18,"turns":7},{"damage":0,"enemies":"Spheric Guardian","floor":22,"turns":3},{"damage":45,"enemies":"Book of Stabbing","floor":24,"turns":4}],"seed_played":"-6638101119151099726","potions_obtained":[{"floor":6,"key":"Energy Potion"},{"floor":11,"key":"AttackPotion"},{"floor":13,"key":"Weak Potion"},{"floor":14,"key":"GamblersBrew"},{"floor":22,"key":"SmokeBomb"}],"is_trial":false,"path_per_floor":["M","?","M","?","$","E","$","R","T","T","E","$","E","M","R","B",null,"M","$","?","$","M","R","E"],"character_chosen":"DEFECT","items_purchased":["Explosive Potion","Static Discharge","Capacitor","Defragment"],"campfire_rested":1,"item_purchase_floors":[5,12,19,21],"current_hp_per_floor":[64,64,64,64,64,64,64,64,64,64,51,51,26,26,47,33,62,56,56,42,42,42,42,0],"gold":73,"neow_bonus":"THREE_ENEMY_KILL","is_prod":false,"is_daily":false,"chose_seed":false,"campfire_upgraded":2,"win_rate":0,"timestamp":1549765125,"path_taken":["M","?","?","?","$","E","$","R","T","?","E","?","E","M","R","BOSS","M","$","?","?","M","R","E"],"build_version":"2019-01-23","purchased_purges":1,"victory":false,"max_hp_per_floor":[71,71,71,64,64,64,64,64,64,64,71,71,71,71,71,71,71,71,71,71,71,71,71,71],"card_choices":[{"not_picked":["Go for the Eyes","Leap"],"picked":"Defragment","floor":1},{"not_picked":["Stack","Undo"],"picked":"Core Surge","floor":3},{"not_picked":["Reinforced Body","Lockon"],"picked":"Ball Lightning","floor":6},{"not_picked":["Turbo","Redo","Compile Driver"],"picked":"SKIP","floor":11},{"not_picked":["Storm","Compile Driver"],"picked":"Undo","floor":13},{"not_picked":["Blizzard","Undo","Storm"],"picked":"SKIP","floor":14},{"not_picked":["Compile Driver","Chill"],"picked":"Conserve Battery","floor":15},{"not_picked":["Fission","Amplify"],"picked":"Electrodynamics","floor":16},{"not_picked":["Lockon","Rebound"],"picked":"Compile Driver+1","floor":18},{"not_picked":["Sweeping Beam","Turbo","Defragment"],"picked":"SKIP","floor":22}],"player_experience":515267,"relics_obtained":[{"floor":6,"key":"Matryoshka"},{"floor":9,"key":"Potion Belt"},{"floor":9,"key":"Juzu Bracelet"},{"floor":10,"key":"Dream Catcher"},{"floor":10,"key":"Boot"},{"floor":11,"key":"Strawberry"},{"floor":13,"key":"Oddly Smooth Stone"}],"event_choices":[{"damage_healed":0,"gold_gain":0,"player_choice":"Rummage","damage_taken":0,"relics_obtained":["WarpedTongs"],"max_hp_gain":0,"max_hp_loss":0,"event_name":"Accursed Blacksmith","floor":2,"gold_loss":0,"cards_obtained":["Pain"]},{"damage_healed":0,"gold_gain":0,"player_choice":"Lose Max HP","damage_taken":0,"relics_obtained":["Golden Idol"],"max_hp_gain":0,"max_hp_loss":7,"event_name":"Golden Idol","floor":4,"gold_loss":0},{"damage_healed":0,"gold_gain":0,"player_choice":"POTION ","damage_taken":14,"max_hp_gain":0,"max_hp_loss":0,"event_name":"Knowing Skull","floor":20,"potions_obtained":["Energy Potion"],"gold_loss":0,"cards_obtained":[]}],"is_beta":false,"boss_relics":[{"not_picked":["Runic Pyramid","Fusion Hammer"],"picked":"Astrolabe"}],"items_purged_floors":[5],"is_endless":false,"potions_floor_spawned":[6,11,13,14,22],"killed_by":"Book of Stabbing","ascension_level":18}