{"gold_per_floor":[119,119,135,152,4,4,14,14,14,14,33,46,80,94,94,197,197,211,223,236,236,236,236,255,289,289,93,93,93,124,135,135,238,238,251,264,364,126,140,140,157,157,208,220,220,220,220,238,238,238],"floor_reached":51,"playtime":1610,"items_purged":[],"score":716,"play_id":"c99c4171-e418-433b-aa03-c62e0e9a3aa7","local_time":"20190126233045","is_ascension_mode":false,"campfire_choices":[{"data":"Dualcast","floor":6.0,"key":"SMITH"},{"data":"Zap","floor":8.0,"key":"SMITH"},{"data":"Electrodynamics","floor":15.0,"key":"SMITH"},{"data":"Coolheaded","floor":23.0,"key":"SMITH"},{"data":"Conserve Battery","floor":29.0,"key":"SMITH"},{"data":"Ball Lightning","floor":32.0,"key":"SMITH"},{"data":"Thunder Strike","floor":40,"key":"SMITH"},{"data":"Undo","floor":42,"key":"SMITH"},{"floor":45,"key":"RECALL"},{"floor":47,"key":"REST"},{"floor":49,"key":"REST"}],"neow_cost":"NONE","seed_source_timestamp":2863928828345671,"circlet_count":0,"master_deck":["Strike_B+1","Strike_B+1","Strike_B+1","Strike_B+1","Defend_B+1","Defend_B+1","Defend_B+1","Defend_B+1","Zap+1","Dualcast+1","Coolheaded+1","Conserve Battery+1","Electrodynamics+1","Ball Lightning+1","Undo+1","Chill+1","Conserve Battery+1","Thunder Strike+1","Steam+1","Coolheaded+1","Capacitor+1","Cold Snap+1","Tempest+1"],"special_seed":0,"relics":["Cracked Core","Bronze Scales","Lantern","The Courier","Bird Faced Urn","Sozu","DataDisk","Dream Catcher","Matryoshka","Toxic Egg 2","Thread and Needle","Strawberry","Bag of Preparation","Vajra","Regal Pillow"],"potions_floor_usage":[39,50,50],"damage_taken":[{"damage":6.0,"enemies":"Jaw Worm","floor":1.0,"turns":3.0},{"damage":0.0,"enemies":"Cultist","floor":3.0,"turns":4.0},{"damage":0.0,"enemies":"Small Slimes","floor":4.0,"turns":4.0},{"damage":0.0,"enemies":"Exordium Wildlife","floor":7.0,"turns":3.0},{"damage":6.0,"enemies":"Red Slaver","floor":11.0,"turns":2.0},{"damage":1.0,"enemies":"2 Fungi Beasts","floor":12.0,"turns":3.0},{"damage":11.0,"enemies":"Lagavulin","floor":13.0,"turns":7.0},{"damage":0.0,"enemies":"Exordium Wildlife","floor":14.0,"turns":3.0},{"damage":26.0,"enemies":"Hexaghost","floor":16.0,"turns":9.0},{"damage":1.0,"enemies":"Chosen","floor":18.0,"turns":4.0},{"damage":4.0,"enemies":"3 Byrds","floor":19.0,"turns":3.0},{"damage":0.0,"enemies":"Snecko","floor":20.0,"turns":5.0},{"damage":8.0,"enemies":"Snake Plant","floor":24.0,"turns":3.0},{"damage":6.0,"enemies":"Book of Stabbing","floor":25.0,"turns":5.0},{"damage":0.0,"enemies":"Gremlin Leader","floor":30.0,"turns":5.0},{"damage":0.0,"enemies":"Sentry and Sphere","floor":31.0,"turns":4.0},{"damage":45.0,"enemies":"Champ","floor":33.0,"turns":16.0},{"damage":0.0,"enemies":"3 Shapes","floor":35.0,"turns":3.0},{"damage":0.0,"enemies":"Orb Walker","floor":36.0,"turns":4.0},{"damage":8,"enemies":"Mind Bloom Boss Battle","floor":37,"turns":6},{"damage":7,"enemies":"Transient","floor":39,"turns":5},{"damage":0,"enemies":"Spire Growth","floor":41,"turns":4},{"damage":0,"enemies":"Writhing Mass","floor":44,"turns":7},{"damage":0,"enemies":"Jaw Worm Horde","floor":48,"turns":5},{"damage":38,"enemies":"Time Eater","floor":50,"turns":12}],"seed_played":"3453391347858551781","potions_obtained":[{"floor":3.0,"key":"SteroidPotion"},{"floor":12.0,"key":"SteroidPotion"},{"floor":16.0,"key":"Energy Potion"}],"is_trial":false,"path_per_floor":["M","?","M","M","$","R","M","R","T","$","M","M","E","M","R","B",null,"M","M","M","?","?","R","M","E","T","$","?","R","E","M","R","B",null,"M","M","?","$","M","R","M","R","T","M","R","?","R","M","R","B",null],"character_chosen":"DEFECT","items_purchased":["Lantern","Matryoshka","Strawberry","Bag of Preparation"],"campfire_rested":2,"item_purchase_floors":[5,27,38,38],"current_hp_per_floor":[69,69,69,69,69,69,69,69,69,69,63,62,51,53,53,29,75,75,73,75,75,75,75,67,63,63,63,63,63,65,65,65,22,75,75,75,67,74,71,71,75,75,75,79,79,79,82,82,82,46],"gold":238,"neow_bonus":"RANDOM_COMMON_RELIC","is_prod":false,"is_daily":false,"chose_seed":false,"campfire_upgraded":8,"win_rate":0,"timestamp":1548545445,"path_taken":["M","?","M","M","$","R","M","R","T","?","?","M","E","M","R","BOSS","M","M","M","?","?","R","M","E","T","$","?","R","E","M","R","BOSS","M","M","?","$","M","R","M","R","T","M","R","?","R","?","R","BOSS"],"build_version":"2019-01-23","purchased_purges":0,"victory":true,"max_hp_per_floor":[75,75,75,75,75,75,75,75,75,75,75,75,75,75,75,75,75,75,75,75,75,75,75,75,75,75,75,75,75,75,75,75,75,75,75,75,75,82,82,82,82,82,82,82,82,82,82,82,82,82],"card_choices":[{"not_picked":["Redo","Loop","Lockon"],"picked":"SKIP","floor":1.0},{"not_picked":["Stack","Streamline"],"picked":"Coolheaded","floor":3.0},{"not_picked":["Go for the Eyes","Leap","Reinforced Body"],"picked":"SKIP","floor":4.0},{"not_picked":["Stack","Recycle","Leap"],"picked":"SKIP","floor":7.0},{"not_picked":["Stack","Beam Cell","Leap"],"picked":"SKIP","floor":11.0},{"not_picked":["Turbo","Gash"],"picked":"Conserve Battery","floor":12.0},{"not_picked":["Sweeping Beam","Auto Shields"],"picked":"Electrodynamics","floor":13.0},{"not_picked":["Rebound","Chaos"],"picked":"Ball Lightning","floor":14.0},{"not_picked":["Beam Cell","Rebound+1","Go for the Eyes"],"picked":"SKIP","floor":18.0},{"not_picked":["Barrage","Sweeping Beam+1"],"picked":"Undo","floor":19.0},{"not_picked":["Cold Snap","Leap","Streamline"],"picked":"SKIP","floor":20.0},{"not_picked":["Compile Driver","Beam Cell","Redo"],"picked":"SKIP","floor":24.0},{"not_picked":["Core Surge","Creative AI","Go for the Eyes"],"picked":"SKIP","floor":25.0},{"not_picked":["Coolheaded","Sunder+1"],"picked":"Chill","floor":30.0},{"not_picked":["Barrage","Ball Lightning"],"picked":"Conserve Battery+1","floor":31.0},{"not_picked":["All For One","Machine Learning"],"picked":"Thunder Strike","floor":33.0},{"not_picked":["Barrage+1","Skim+1"],"picked":"Steam+1","floor":35.0},{"not_picked":["Genetic Algorithm+1","Ball Lightning"],"picked":"Coolheaded+1","floor":36.0},{"not_picked":["Hologram+1","Coolheaded+1"],"picked":"Capacitor+1","floor":37},{"not_picked":["Reprogram+1","Turbo+1","Steam+1"],"picked":"SKIP","floor":39},{"not_picked":["Static Discharge","Steam+1","Amplify+1"],"picked":"SKIP","floor":41},{"not_picked":["Turbo+1","Rebound","Barrage"],"picked":"SKIP","floor":44},{"not_picked":["FTL","Rebound+1"],"picked":"Cold Snap+1","floor":47},{"not_picked":["Gash+1","Undo+1"],"picked":"Tempest+1","floor":48}],"player_experience":1001116,"relics_obtained":[{"floor":9.0,"key":"The Courier"},{"floor":13.0,"key":"Bird Faced Urn"},{"floor":25.0,"key":"DataDisk"},{"floor":26.0,"key":"Dream Catcher"},{"floor":30.0,"key":"Toxic Egg 2"},{"floor":37,"key":"Thread and Needle"},{"floor":43,"key":"Vajra"},{"floor":43,"key":"Regal Pillow"}],"event_choices":[{"damage_healed":0.0,"max_hp_gain":0.0,"max_hp_loss":0.0,"gold_gain":0.0,"event_name":"WeMeetAgain","player_choice":"Ignored","floor":2.0,"gold_loss":0.0,"damage_taken":0.0},{"damage_healed":0.0,"max_hp_gain":0.0,"max_hp_loss":0.0,"gold_gain":0.0,"event_name":"Ghosts","player_choice":"Ignored","floor":21.0,"gold_loss":0.0,"damage_taken":0.0},{"damage_healed":0.0,"max_hp_gain":0.0,"max_hp_loss":0.0,"gold_gain":0.0,"event_name":"Back to Basics","player_choice":"Simplicity","floor":22.0,"gold_loss":0.0,"damage_taken":0.0,"cards_upgraded":["Strike_B","Strike_B","Strike_B","Strike_B","Defend_B","Defend_B","Defend_B","Defend_B"]},{"damage_healed":0.0,"max_hp_gain":0.0,"max_hp_loss":0.0,"gold_gain":0.0,"event_name":"Cursed Tome","player_choice":"Ignored","floor":28.0,"gold_loss":0.0,"damage_taken":0.0},{"damage_healed":0,"gold_gain":0,"player_choice":"Fight","damage_taken":0,"max_hp_gain":0,"max_hp_loss":0,"event_name":"MindBloom","floor":37,"gold_loss":0},{"damage_healed":0,"gold_gain":0,"player_choice":"Ignored","damage_taken":0,"max_hp_gain":0,"max_hp_loss":0,"event_name":"NoteForYourself","floor":46,"gold_loss":0}],"is_beta":false,"boss_relics":[{"not_picked":["Ectoplasm","Tiny House"],"picked":"Sozu"},{"not_picked":[]}],"items_purged_floors":[],"is_endless":false,"potions_floor_spawned":[3,12,16,24,25,33,39,41,48],"ascension_level":0}