{"gold_per_floor":[111,72,247,247,91,217,217,9,9,9,40,59,59,88,88,193,495,509,520,70,70,70,70,80,80,106,125,125,125,125,141,441,441],"floor_reached":33,"playtime":1626,"items_purged":["Doubt"],"score":335,"play_id":"57098992-bb78-4a9c-8a8b-5fdaf786bf02","local_time":"20190117200550","is_ascension_mode":true,"campfire_choices":[{"data":"Bash","floor":7,"key":"SMITH"},{"data":"Hemokinesis","floor":10,"key":"SMITH"},{"floor":15,"key":"REST"},{"data":"Apotheosis","floor":23,"key":"SMITH"},{"floor":25,"key":"REST"},{"floor":32,"key":"DIG"}],"neow_cost":"NONE","seed_source_timestamp":698643216997157,"circlet_count":0,"master_deck":["Strike_R","Strike_R+1","Strike_R","Strike_R","Strike_R","Defend_R","Defend_R+1","Defend_R","Defend_R","Bash+1","Pommel Strike","Cleave","Cleave","Hemokinesis+1","Perfected Strike","Flame Barrier","Run Through","Demon Form","Reaper","Wild Strike+1","Thunderclap+1","Apotheosis+1","Inflame","Seeing Red","Twin Strike+1","ReplayTheSpireMod:Restless Dread","Pommel Strike+1"],"relics":["Burning Blood","Pondfish Scales","Lee\u0027s Waffle","Red Skull","Simple Rune","Bag of Preparation","Philosopher\u0027s Stone","infinitespire:EmpoweringShard","MutagenicStrength","Dream Catcher","ReplayFunnel","Old Coin"],"potions_floor_usage":[16,33],"damage_taken":[{"damage":18,"enemies":"Jaw Worm","floor":1,"turns":4},{"damage":48,"enemies":"Lagavulin","floor":6,"turns":6},{"damage":29,"enemies":"3 Sentries","floor":11,"turns":5},{"damage":16,"enemies":"Small Slimes","floor":12,"turns":3},{"damage":17,"enemies":"Lagavulin","floor":14,"turns":5},{"damage":57,"enemies":"Fading Forest","floor":16,"turns":11},{"damage":15,"enemies":"Chosen","floor":18,"turns":4},{"damage":35,"enemies":"3 Byrds","floor":19,"turns":4},{"damage":36,"enemies":"Snake Plant","floor":24,"turns":4},{"damage":0,"enemies":"Shelled Parasite and Fungi","floor":27,"turns":2},{"damage":27,"enemies":"Cultist and Chosen","floor":31,"turns":4},{"damage":55,"enemies":"Pondfish","floor":33,"turns":4}],"seed_played":"-1767613303784345435","potions_obtained":[{"floor":14,"key":"Strength Potion"},{"floor":24,"key":"Elixir"},{"floor":27,"key":"Milkshake"}],"is_trial":false,"path_per_floor":["M","$","?","?","$","E","R","$","T","R","E","M","$","E","R","B",null,"M","M","$","?","$","R","M","R","T","M","?","?","?","M","R","B"],"character_chosen":"IRONCLAD","items_purchased":["Cleave","Hemokinesis","Lee\u0027s Waffle","Apotheosis","infinitespire:EmpoweringShard","Inflame"],"campfire_rested":2,"item_purchase_floors":[2,5,8,20,20,20],"current_hp_per_floor":[76,76,76,76,76,34,34,95,95,95,72,62,62,51,79,28,95,86,61,61,61,61,61,34,62,62,68,68,68,49,53,53,0],"gold":441,"neow_bonus":"TEN_PERCENT_HP_BONUS","is_prod":false,"is_daily":false,"chose_seed":false,"campfire_upgraded":3,"win_rate":0,"timestamp":1547726750,"path_taken":["M","$","?","?","?","E","R","$","T","R","E","?","?","E","R","BOSS","M","M","$","?","$","R","M","R","T","M","?","?","?","M","R","BOSS"],"build_version":"2019-01-10","purchased_purges":1,"victory":false,"max_hp_per_floor":[88,88,88,88,88,88,88,95,95,95,95,95,95,95,95,95,95,95,95,95,95,95,95,95,95,95,95,95,95,100,100,100,100],"card_choices":[{"not_picked":["Reckless Charge","Blood for Blood"],"picked":"Pommel Strike","floor":1},{"not_picked":["Rampage","ReplayTheSpireMod:Strike From Hell"],"picked":"Perfected Strike","floor":6},{"not_picked":["Dual Wield","True Grit"],"picked":"Flame Barrier","floor":11},{"not_picked":["Armaments","Disarm"],"picked":"Run Through","floor":12},{"not_picked":["Clothesline","Thunderclap"],"picked":"Demon Form","floor":14},{"not_picked":["hubris:StunningStrike","Fiend Fire"],"picked":"Reaper","floor":16},{"not_picked":["hubris:SharpeningStone","Combust"],"picked":"Wild Strike+1","floor":18},{"not_picked":["Iron Wave","infinitespire:OneForAll"],"picked":"Thunderclap+1","floor":19},{"not_picked":["Clothesline","Sentinel"],"picked":"Seeing Red","floor":24},{"not_picked":["ReplayTheSpireMod:LeadingStrike","Power Through"],"picked":"Twin Strike+1","floor":27},{"not_picked":["ReplayTheSpireMod:Limb From Limb","Carnage"],"picked":"Pommel Strike+1","floor":31}],"player_experience":126169,"relics_obtained":[{"floor":6,"key":"Pondfish Scales"},{"floor":9,"key":"Red Skull"},{"floor":11,"key":"Simple Rune"},{"floor":14,"key":"Bag of Preparation"},{"floor":26,"key":"Dream Catcher"},{"floor":32,"key":"Old Coin"}],"event_choices":[{"damage_healed":0,"gold_gain":175,"player_choice":"AGREE","damage_taken":0,"max_hp_gain":0,"max_hp_loss":0,"event_name":"Liars Game","floor":3,"gold_loss":0,"cards_obtained":["Doubt"]},{"damage_healed":0,"gold_gain":0,"player_choice":"Ignored","damage_taken":0,"max_hp_gain":0,"max_hp_loss":0,"event_name":"Shining Light","floor":4,"gold_loss":0},{"damage_healed":0,"gold_gain":0,"player_choice":"Inject Mutagens","damage_taken":0,"relics_obtained":["MutagenicStrength"],"max_hp_gain":0,"max_hp_loss":0,"event_name":"Drug Dealer","floor":21,"gold_loss":0},{"damage_healed":0,"gold_gain":0,"player_choice":"Ignored","damage_taken":0,"max_hp_gain":0,"max_hp_loss":0,"event_name":"Cursed Tome","floor":29,"gold_loss":0},{"damage_healed":0,"gold_gain":0,"player_choice":"Shed Blood","damage_taken":24,"max_hp_gain":5,"max_hp_loss":0,"event_name":"Forgotten Altar","floor":30,"gold_loss":0}],"is_beta":false,"boss_relics":[{"not_picked":["hubris:TerracottaHorce","Eternal Feather"],"picked":"Philosopher\u0027s Stone"}],"items_purged_floors":[5],"is_endless":false,"potions_floor_spawned":[14,24,27],"killed_by":"Pondfish","ascension_level":2}