{"gold_per_floor":[118,118,136,136,116,116,147,159,159,179,61,75,104,69,69,143,143,157,157,167,184,99,99,151,151],"floor_reached":25,"playtime":780,"items_purged":["Strike_B"],"score":425,"play_id":"bac8ac95-229b-4bfd-a3c4-f1b39107e565","local_time":"20190121222801","is_ascension_mode":true,"campfire_choices":[{"data":"Hologram","floor":6,"key":"SMITH"},{"data":"Loop","floor":15,"key":"SMITH"},{"floor":23,"key":"REST"}],"neow_cost":"NONE","seed_source_timestamp":1034352868782000,"circlet_count":0,"master_deck":["AscendersBane","Strike_B","Strike_B","Defend_B","Defend_B","Defend_B","Defend_B","Zap+1","Dualcast","Hologram+1","Sunder+1","Steam","Sweeping Beam","Loop+1","Coolheaded","Amplify","Machine Learning","Loop","Capacitor","Scrape","Gash","Ball Lightning","White Noise+1","Storm"],"relics":["Cracked Core","NeowsBlessing","Mummified Hand","Matryoshka","Lantern","Orrery","Mercury Hourglass","Omamori","Art of War"],"potions_floor_usage":[13,16,16],"damage_taken":[{"damage":0,"enemies":"2 Louse","floor":1,"turns":1},{"damage":0,"enemies":"Jaw Worm","floor":3,"turns":1},{"damage":0,"enemies":"Lagavulin","floor":7,"turns":1},{"damage":0,"enemies":"Cultist","floor":8,"turns":4},{"damage":0,"enemies":"3 Louse","floor":10,"turns":3},{"damage":6,"enemies":"Blue Slaver","floor":12,"turns":3},{"damage":21,"enemies":"Gremlin Nob","floor":13,"turns":4},{"damage":59,"enemies":"Hexaghost","floor":16,"turns":11},{"damage":6,"enemies":"Chosen","floor":18,"turns":7},{"damage":22,"enemies":"2 Thieves","floor":20,"turns":4},{"damage":24,"enemies":"Chosen and Byrds","floor":21,"turns":5},{"damage":23,"enemies":"Gremlin Leader","floor":25,"turns":2}],"seed_played":"-2496380107023926108","potions_obtained":[{"floor":1,"key":"Strength Potion"},{"floor":5,"key":"Fire Potion"},{"floor":12,"key":"PowerPotion"},{"floor":13,"key":"Regen Potion"},{"floor":18,"key":"SpeedPotion"}],"is_trial":false,"path_per_floor":["M","?","M","?","?","R","E","M","T","M","$","M","E","?","R","B",null,"M","?","M","M","?","R","T","E"],"character_chosen":"DEFECT","items_purchased":["Loop"],"campfire_rested":1,"item_purchase_floors":[11],"current_hp_per_floor":[64,57,57,57,57,57,57,57,57,57,57,51,30,47,47,3,54,48,48,26,2,2,23,23,0],"gold":151,"neow_bonus":"THREE_ENEMY_KILL","is_prod":false,"is_daily":false,"chose_seed":false,"campfire_upgraded":2,"win_rate":0,"timestamp":1548138481,"path_taken":["M","?","M","?","?","R","E","M","T","M","$","?","E","?","R","BOSS","M","?","M","?","?","R","?","E"],"build_version":"2019-01-17v2","purchased_purges":1,"victory":false,"max_hp_per_floor":[71,71,71,71,71,71,71,71,71,71,71,71,71,71,71,71,71,71,71,71,71,71,71,71,71],"card_choices":[{"not_picked":["Static Discharge","Coolheaded"],"picked":"Hologram","floor":1},{"not_picked":["Conserve Battery","Undo"],"picked":"Sunder","floor":3},{"not_picked":["Gash","Double Energy"],"picked":"Steam","floor":7},{"not_picked":["Go for the Eyes","Doom and Gloom"],"picked":"Sweeping Beam","floor":8},{"not_picked":["Turbo","Redo","Stack"],"picked":"SKIP","floor":10},{"not_picked":["Doom and Gloom","Redo"],"picked":"Coolheaded","floor":12},{"not_picked":["Reinforced Body","Stack"],"picked":"Amplify","floor":13},{"not_picked":["Hyperbeam","Rainbow"],"picked":"Machine Learning","floor":16},{"not_picked":["Cold Snap","Compile Driver"],"picked":"Loop","floor":17},{"not_picked":["Redo","Go for the Eyes"],"picked":"Capacitor","floor":17},{"not_picked":["Streamline","Sweeping Beam"],"picked":"Scrape","floor":17},{"not_picked":["Rebound","Turbo"],"picked":"Gash","floor":17},{"not_picked":["BootSequence","Darkness"],"picked":"Ball Lightning","floor":18},{"not_picked":["Rebound","Gash"],"picked":"White Noise+1","floor":20},{"not_picked":["Aggregate+1","Melter"],"picked":"Storm","floor":21}],"player_experience":1159503,"relics_obtained":[{"floor":7,"key":"Mummified Hand"},{"floor":9,"key":"Matryoshka"},{"floor":13,"key":"Lantern"},{"floor":24,"key":"Omamori"},{"floor":24,"key":"Art of War"}],"event_choices":[{"cards_removed":["Strike_B"],"damage_healed":0,"gold_gain":0,"player_choice":"Card Removal","damage_taken":7,"max_hp_gain":0,"max_hp_loss":0,"event_name":"Golden Wing","floor":2,"gold_loss":0},{"damage_healed":0,"gold_gain":0,"player_choice":"Grow","damage_taken":0,"max_hp_gain":0,"max_hp_loss":0,"event_name":"Living Wall","floor":4,"gold_loss":0,"cards_upgraded":["Sunder"]},{"damage_healed":0,"gold_gain":0,"player_choice":"Bought 1 Potion","damage_taken":0,"max_hp_gain":0,"max_hp_loss":0,"event_name":"The Woman in Blue","floor":5,"gold_loss":0},{"damage_healed":17,"gold_gain":0,"player_choice":"Healed","damage_taken":0,"max_hp_gain":0,"max_hp_loss":0,"event_name":"The Cleric","floor":14,"gold_loss":35},{"damage_healed":0,"gold_gain":0,"player_choice":"Forge","damage_taken":0,"max_hp_gain":0,"max_hp_loss":0,"event_name":"Accursed Blacksmith","floor":19,"gold_loss":0,"cards_upgraded":["Zap"]},{"damage_healed":0,"gold_gain":0,"player_choice":"Obtained Relic","damage_taken":0,"relics_obtained":["Mercury Hourglass"],"max_hp_gain":0,"max_hp_loss":0,"event_name":"Addict","floor":22,"gold_loss":85}],"is_beta":false,"boss_relics":[{"not_picked":["Lizard Tail","White Beast Statue"],"picked":"Orrery"}],"items_purged_floors":[11],"is_endless":false,"potions_floor_spawned":[1,8,12,13,18],"killed_by":"Gremlin Leader","ascension_level":16}