{"gold_per_floor":[116,126,126,138,63,88,39,54,54,54,129,184,216,227,227,227],"floor_reached":16,"playtime":662,"items_purged":["Strike_G"],"score":179,"play_id":"4bceb01f-ab38-41cc-a645-952733bf00f3","local_time":"20190123205238","is_ascension_mode":true,"campfire_choices":[{"floor":10.0,"key":"REST"},{"floor":15.0,"key":"REST"}],"neow_cost":"NONE","seed_source_timestamp":0,"circlet_count":0,"master_deck":["Defend_G","Defend_G","Defend_G","Defend_G","Defend_G","Strike_G","Strike_G","Strike_G","Strike_G","Survivor","Neutralize","Dagger Spray","Infinite Blades","PiercingWail","Leg Sweep","Dodge and Roll","Cloak And Dagger"],"special_seed":0,"relics":["Ring of the Snake","Juzu Bracelet","Pear","PreservedInsect","Incense Burner"],"potions_floor_usage":[],"damage_taken":[{"damage":0.0,"enemies":"Cultist","floor":1.0,"turns":3.0},{"damage":0.0,"enemies":"2 Louse","floor":2.0,"turns":2.0},{"damage":7.0,"enemies":"Jaw Worm","floor":4.0,"turns":4.0},{"damage":49.0,"enemies":"Lagavulin","floor":6.0,"turns":10.0},{"damage":23.0,"enemies":"Gremlin Gang","floor":8.0,"turns":4.0},{"damage":10.0,"enemies":"3 Sentries","floor":13.0,"turns":5.0},{"damage":2.0,"enemies":"Red Slaver","floor":14.0,"turns":6.0},{"damage":0,"enemies":"Hexaghost","floor":16,"turns":1}],"seed_played":"-9134777847340729134","potions_obtained":[{"floor":2.0,"key":"LiquidBronze"},{"floor":4.0,"key":"SpeedPotion"},{"floor":6.0,"key":"Energy Potion"},{"floor":8.0,"key":"Explosive Potion"}],"is_trial":false,"path_per_floor":["M","M","?","M","$","E","$","M","T","R","?","T","E","M","R","B"],"character_chosen":"THE_SILENT","items_purchased":["Dodge and Roll"],"campfire_rested":2,"item_purchase_floors":[7],"current_hp_per_floor":[63,63,80,73,73,24,24,1,11,38,27,27,17,15,42,42],"gold":227,"neow_bonus":"ONE_RANDOM_RARE_CARD","is_prod":false,"is_daily":false,"chose_seed":false,"campfire_upgraded":0,"win_rate":0,"timestamp":1548305558,"path_taken":["M","?","?","M","$","E","$","M","T","R","?","?","E","M","R","BOSS"],"build_version":"2019-01-23","purchased_purges":1,"victory":false,"max_hp_per_floor":[70,70,80,80,80,80,80,80,90,90,90,90,90,90,90,90],"card_choices":[{"not_picked":["Bane","Flying Knee"],"picked":"Dagger Spray","floor":1.0},{"not_picked":["Sucker Punch","Underhanded Strike"],"picked":"Infinite Blades","floor":2.0},{"not_picked":["Dagger Spray","Bane"],"picked":"PiercingWail","floor":4.0},{"not_picked":["Deadly Poison","Backflip"],"picked":"Leg Sweep","floor":6.0},{"not_picked":["Leg Sweep","Bane","Phantasmal Killer"],"picked":"SKIP","floor":8.0},{"not_picked":["Deflect","Blur","Bane"],"picked":"SKIP","floor":13.0},{"not_picked":["Underhanded Strike","Sucker Punch"],"picked":"Cloak And Dagger","floor":14.0}],"player_experience":1162977,"relics_obtained":[{"floor":6.0,"key":"Juzu Bracelet"},{"floor":9.0,"key":"Pear"},{"floor":12.0,"key":"PreservedInsect"},{"floor":13.0,"key":"Incense Burner"}],"event_choices":[{"cards_removed":["Venomology"],"damage_healed":7.0,"max_hp_gain":10.0,"max_hp_loss":0.0,"gold_gain":0.0,"event_name":"Bonfire Elementals","player_choice":"Offered Rare","floor":3.0,"gold_loss":0.0,"damage_taken":0.0},{"damage_healed":0.0,"max_hp_gain":0.0,"max_hp_loss":0.0,"gold_gain":75.0,"event_name":"World of Goop","player_choice":"Gather Gold","floor":11.0,"gold_loss":0.0,"damage_taken":11.0}],"is_beta":false,"boss_relics":[],"items_purged_floors":[5],"is_endless":false,"potions_floor_spawned":[2,4,6,8],"killed_by":"Hexaghost","ascension_level":8}