{"gold_per_floor":[114,22,34,51,2,29,29,45,99,113,124,124,134,152,152,152],"floor_reached":16,"playtime":983,"items_purged":[],"score":148,"play_id":"4fbdd783-cae2-4b47-bde3-861e94dee649","local_time":"20180727175803","is_ascension_mode":true,"campfire_choices":[{"data":"White Noise","floor":12,"key":"SMITH"},{"data":"Zap","floor":15,"key":"SMITH"}],"neow_cost":"NONE","seed_source_timestamp":89439927518765,"circlet_count":0,"master_deck":["Strike_B","Strike_B","Strike_B","Strike_B","Defend_B","Defend_B","Defend_B","Defend_B","Zap+1","Dualcast","BootSequence","Leap","Reinforced Body","White Noise+1","Ball Lightning","Conserve Battery","Steam","Glacier","Redo","Steam","BootSequence","Auto Shields"],"relics":["Coffee Dripper","Darkstone Periapt","Ancient Tea Set","Happy Flower"],"potions_floor_usage":[6,11,16],"damage_taken":[{"damage":0,"enemies":"Cultist","floor":1,"turns":4},{"damage":0,"enemies":"Small Slimes","floor":3,"turns":3},{"damage":15,"enemies":"2 Louse","floor":4,"turns":4},{"damage":27,"enemies":"Lagavulin","floor":6,"turns":7},{"damage":11,"enemies":"Exordium Thugs","floor":8,"turns":7},{"damage":0,"enemies":"3 Louse","floor":10,"turns":6},{"damage":0,"enemies":"2 Fungi Beasts","floor":11,"turns":4},{"damage":2,"enemies":"Red Slaver","floor":13,"turns":5},{"damage":0,"enemies":"Large Slime","floor":14,"turns":4},{"damage":16,"enemies":"Slime Boss","floor":16,"turns":6}],"seed_played":"-9139960843971308699","potions_obtained":[{"floor":1,"key":"Weak Potion"},{"floor":8,"key":"Swift Potion"},{"floor":13,"key":"Block Potion"}],"is_trial":false,"path_per_floor":["M","$","M","M","$","E","?","M","T","M","M","R","M","M","R"],"character_chosen":"DEFECT","items_purchased":["Leap","Reinforced Body","Conserve Battery"],"campfire_rested":0,"item_purchase_floors":[2,2,5],"current_hp_per_floor":[68,68,68,53,53,26,26,15,15,15,15,15,13,13,13,0],"gold":152,"neow_bonus":"BOSS_RELIC","is_prod":false,"is_daily":false,"chose_seed":false,"campfire_upgraded":2,"win_rate":0,"timestamp":1532728683,"path_taken":["M","$","?","M","$","E","?","M","T","?","M","R","M","M","R","BOSS"],"build_version":"2018-07-26","purchased_purges":0,"victory":false,"max_hp_per_floor":[75,75,75,75,75,75,75,75,75,75,75,75,75,75,75,75],"card_choices":[{"not_picked":["Rebound","Double Energy"],"picked":"BootSequence","floor":1},{"not_picked":["Conserve Battery","Leap"],"picked":"White Noise","floor":3},{"not_picked":["Core Surge","Gash"],"picked":"Ball Lightning","floor":4},{"not_picked":["Loop","Compile Driver"],"picked":"Steam","floor":6},{"not_picked":["Barrage","Gash"],"picked":"Glacier","floor":8},{"not_picked":["Leap","Machine Learning"],"picked":"Redo","floor":10},{"not_picked":["Steam Power","Beam Cell"],"picked":"Steam","floor":11},{"not_picked":["Go for the Eyes","Barrage"],"picked":"BootSequence","floor":13},{"not_picked":["Reprogram","Compile Driver"],"picked":"Auto Shields","floor":14}],"player_experience":509437,"relics_obtained":[{"floor":6,"key":"Darkstone Periapt"},{"floor":9,"key":"Happy Flower"}],"event_choices":[{"event_name":"Dead Adventurer","player_choice":"Searched \u00271\u0027 times","floor":7,"damage_taken":0}],"is_beta":false,"boss_relics":[],"items_purged_floors":[],"is_endless":false,"potions_floor_spawned":[1,8,13],"killed_by":"Slime Boss","ascension_level":8}