{"gold_per_floor":[112,37,57,57,71,71,96,96,122,152,302,302,319,336,336,411,411,423,395,13,13,13,13],"floor_reached":23,"playtime":783,"items_purged":[],"score":368,"play_id":"f03d3971-3f2f-4ffb-a16c-5ac4ab489f80","local_time":"20190203115631","is_ascension_mode":true,"campfire_choices":[{"data":"Hologram","floor":6,"key":"SMITH"},{"floor":15,"key":"REST"}],"neow_cost":"NONE","seed_source_timestamp":827573155037400,"circlet_count":0,"master_deck":["AscendersBane","Strike_B","Strike_B","Defend_B","Defend_B","Defend_B","Defend_B","Zap+1","Dualcast","Ball Lightning","Glacier","Hologram+1","FTL","Ball Lightning","Doubt","Steam","BootSequence","Creative AI","Cold Snap","Writhe"],"relics":["Cracked Core","Dream Catcher","Juzu Bracelet","Art of War","Oddly Smooth Stone","Busted Crown","Incense Burner","Happy Flower"],"potions_floor_usage":[1,7,7,23],"damage_taken":[{"damage":1,"enemies":"Cultist","floor":1,"turns":3},{"damage":4,"enemies":"2 Louse","floor":3,"turns":3},{"damage":2,"enemies":"Jaw Worm","floor":5,"turns":3},{"damage":19,"enemies":"Lagavulin","floor":7,"turns":6},{"damage":21,"enemies":"Gremlin Nob","floor":10,"turns":4},{"damage":5,"enemies":"Red Slaver","floor":13,"turns":4},{"damage":0,"enemies":"Exordium Thugs","floor":14,"turns":5},{"damage":21,"enemies":"Slime Boss","floor":16,"turns":12},{"damage":14,"enemies":"Shell Parasite","floor":18,"turns":6},{"damage":7,"enemies":"2 Thieves","floor":19,"turns":4},{"damage":47,"enemies":"Slavers","floor":23,"turns":4}],"seed_played":"-9036228237564216676","potions_obtained":[{"floor":0,"key":"Fruit Juice"},{"floor":0,"key":"Poison Potion"},{"floor":3,"key":"Dexterity Potion"},{"floor":19,"key":"Block Potion"}],"is_trial":false,"path_per_floor":["M","?","M","?","M","R","E","?","T","E","?","T","M","M","R","B",null,"M","M","$","?","?","E"],"character_chosen":"DEFECT","items_purchased":["Incense Burner","Cold Snap"],"campfire_rested":1,"item_purchase_floors":[20,20],"current_hp_per_floor":[68,68,64,64,62,62,43,43,43,22,22,22,17,17,39,18,62,48,41,41,41,41,0],"gold":13,"neow_bonus":"THREE_SMALL_POTIONS","is_prod":false,"is_daily":false,"chose_seed":false,"campfire_upgraded":1,"win_rate":0,"timestamp":1549223791,"path_taken":["M","?","M","?","M","R","E","?","T","E","?","?","M","M","R","BOSS","M","M","$","?","?","E"],"build_version":"2019-01-23","purchased_purges":0,"victory":false,"max_hp_per_floor":[76,76,76,76,76,76,76,76,76,76,76,76,76,76,76,76,76,76,76,76,76,76,76],"card_choices":[{"not_picked":["Rebound","Gash"],"picked":"Ball Lightning","floor":1},{"not_picked":["Storm","Stack"],"picked":"Glacier","floor":3},{"not_picked":["Chill","Steam"],"picked":"Hologram","floor":5},{"not_picked":["Chill","Machine Learning"],"picked":"FTL","floor":7},{"not_picked":["White Noise","Redo"],"picked":"Ball Lightning","floor":10},{"not_picked":["Force Field","Redo","Barrage"],"picked":"SKIP","floor":13},{"not_picked":["Genetic Algorithm","Hologram"],"picked":"Steam","floor":14},{"not_picked":["Compile Driver","Barrage"],"picked":"BootSequence","floor":15},{"not_picked":["Thunder Strike","Amplify"],"picked":"Creative AI","floor":16},{"not_picked":["Turbo+1"],"picked":"SKIP","floor":18},{"not_picked":["Gash"],"picked":"SKIP","floor":19}],"player_experience":1231358,"relics_obtained":[{"floor":7,"key":"Dream Catcher"},{"floor":9,"key":"Juzu Bracelet"},{"floor":10,"key":"Art of War"},{"floor":12,"key":"Oddly Smooth Stone"}],"event_choices":[{"cards_removed":["Strike_B"],"damage_healed":0,"gold_gain":0,"player_choice":"Card Removal","damage_taken":0,"max_hp_gain":0,"max_hp_loss":0,"event_name":"The Cleric","floor":2,"gold_loss":75},{"damage_healed":0,"gold_gain":0,"player_choice":"Grow","damage_taken":0,"max_hp_gain":0,"max_hp_loss":0,"event_name":"Living Wall","floor":4,"gold_loss":0,"cards_upgraded":["Zap"]},{"cards_removed":["Strike_B"],"damage_healed":0,"gold_gain":0,"player_choice":"Offered Basic","damage_taken":0,"max_hp_gain":0,"max_hp_loss":0,"event_name":"Bonfire Elementals","floor":8,"gold_loss":0},{"damage_healed":0,"gold_gain":150,"player_choice":"AGREE","damage_taken":0,"max_hp_gain":0,"max_hp_loss":0,"event_name":"Liars Game","floor":11,"gold_loss":0,"cards_obtained":["Doubt"]},{"damage_healed":0,"gold_gain":0,"player_choice":"Ignored","damage_taken":0,"max_hp_gain":0,"max_hp_loss":0,"event_name":"Beggar","floor":21,"gold_loss":0},{"damage_healed":0,"gold_gain":0,"player_choice":"Opened","damage_taken":0,"relics_obtained":["Happy Flower"],"max_hp_gain":0,"max_hp_loss":0,"event_name":"The Mausoleum","floor":22,"gold_loss":0,"cards_obtained":["Writhe"]}],"is_beta":false,"boss_relics":[{"not_picked":["Runic Pyramid","Black Star"],"picked":"Busted Crown"}],"items_purged_floors":[],"is_endless":false,"potions_floor_spawned":[3,5,19],"killed_by":"Slavers","ascension_level":17}