{"gold_per_floor":[116,129,139,153,164,164,196,213,288,288,299,299,314,346,346,417,417,433,449,461,51,77,77,91,111,111,128,142,142,161,192,192,269,269,288,288,304,322,16,41,61,86,112,131,162,162,162,174,174,174],"floor_reached":51,"playtime":4395,"items_purged":[],"score":1352,"play_id":"6b8af545-ef20-44b8-bb5e-75d1f04b53ee","local_time":"20181123212001","is_ascension_mode":true,"campfire_choices":[{"data":"Neutralize","floor":6.0,"key":"SMITH"},{"floor":12.0,"key":"REST"},{"data":"Dagger Spray","floor":15.0,"key":"SMITH"},{"floor":23,"key":"REST"},{"floor":29,"key":"REST"},{"floor":32,"key":"REST"},{"data":"1","floor":47,"key":"LIFT"},{"data":"2","floor":49,"key":"LIFT"}],"neow_cost":"NONE","seed_source_timestamp":278392840878923,"circlet_count":0,"master_deck":["AscendersBane","Survivor","Neutralize+1","Dagger Throw","Quick Slash","Deadly Poison","After Image","Dagger Spray+1","Acrobatics","All Out Attack","Doppelganger","PiercingWail","Cloak And Dagger","Blade Dance","Tactician","Blade Dance","Leg Sweep","Accuracy","Dagger Throw","Quick Slash","Outmaneuver","Slice","Terror","Dodge and Roll","Dash","Accuracy","Backflip","Riddle With Holes","Noxious Fumes+1","Leg Sweep+1","Calculated Gamble+1","Glass Knife","Dodge and Roll+1","Backflip+1","Night Terror+1","PiercingWail+1","Concentrate+1","Parasite","Blur+1","Dash+1","Blade Dance+1"],"special_seed":0,"relics":["Busted Crown","Shuriken","Darkstone Periapt","Oddly Smooth Stone","Gambling Chip","Pandora\u0027s Box","Membership Card","FossilizedHelix","Red Mask","Toxic Egg 2","PreservedInsect","Fusion Hammer","Paper Crane","Happy Flower","Shovel","Girya","Snake Skull","Frozen Egg 2"],"potions_floor_usage":[30,33,33,40,42,50],"damage_taken":[{"damage":0.0,"enemies":"Cultist","floor":1.0,"turns":5.0},{"damage":4.0,"enemies":"Jaw Worm","floor":2.0,"turns":4.0},{"damage":1.0,"enemies":"2 Louse","floor":3.0,"turns":2.0},{"damage":10.0,"enemies":"Gremlin Gang","floor":4.0,"turns":4.0},{"damage":1.0,"enemies":"Blue Slaver","floor":5.0,"turns":5.0},{"damage":18.0,"enemies":"Gremlin Nob","floor":7.0,"turns":4.0},{"damage":16.0,"enemies":"Lots of Slimes","floor":8.0,"turns":5.0},{"damage":0.0,"enemies":"Looter","floor":11.0,"turns":3.0},{"damage":8.0,"enemies":"3 Louse","floor":13.0,"turns":3.0},{"damage":7.0,"enemies":"Lagavulin","floor":14.0,"turns":7.0},{"damage":8.0,"enemies":"Hexaghost","floor":16.0,"turns":11.0},{"damage":0.0,"enemies":"Chosen","floor":18.0,"turns":3.0},{"damage":10.0,"enemies":"2 Thieves","floor":19.0,"turns":3.0},{"damage":21.0,"enemies":"Cultist and Chosen","floor":20.0,"turns":5.0},{"damage":20,"enemies":"Masked Bandits","floor":22,"turns":5},{"damage":7,"enemies":"Centurion and Healer","floor":24,"turns":5},{"damage":0,"enemies":"Snecko","floor":25,"turns":4},{"damage":0,"enemies":"Shelled Parasite and Fungi","floor":27,"turns":5},{"damage":6,"enemies":"Snake Plant","floor":28,"turns":4},{"damage":3,"enemies":"3 Cultists","floor":30,"turns":5},{"damage":0,"enemies":"Gremlin Leader","floor":31,"turns":6},{"damage":3,"enemies":"Automaton","floor":33,"turns":9},{"damage":0,"enemies":"Orb Walker","floor":35,"turns":3},{"damage":0,"enemies":"3 Shapes","floor":37,"turns":5},{"damage":0,"enemies":"3 Darklings","floor":38,"turns":5},{"damage":0,"enemies":"Nemesis","floor":40,"turns":5},{"damage":0,"enemies":"Maw","floor":41,"turns":6},{"damage":2,"enemies":"Reptomancer","floor":42,"turns":6},{"damage":0,"enemies":"Writhing Mass","floor":44,"turns":6},{"damage":0,"enemies":"Giant Head","floor":45,"turns":8},{"damage":8,"enemies":"Transient","floor":48,"turns":5},{"damage":25,"enemies":"Awakened One","floor":50,"turns":14}],"seed_played":"2629921742708990884","potions_obtained":[{"floor":4.0,"key":"Poison Potion"},{"floor":7.0,"key":"Energy Potion"},{"floor":8.0,"key":"SpeedPotion"},{"floor":13.0,"key":"Regen Potion"},{"floor":14.0,"key":"AttackPotion"},{"floor":16.0,"key":"Dexterity Potion"},{"floor":19.0,"key":"SteroidPotion"},{"floor":30,"key":"Fire Potion"},{"floor":31,"key":"PowerPotion"},{"floor":33,"key":"AttackPotion"},{"floor":35,"key":"PowerPotion"},{"floor":40,"key":"SneckoOil"},{"floor":45,"key":"PowerPotion"},{"floor":48,"key":"SpeedPotion"}],"is_trial":false,"path_per_floor":["M","M","M","M","M","R","E","M","T","?","M","R","M","E","R","B",null,"M","M","M","$","?","R","M","M","T","M","M","R","M","E","R","B",null,"M","?","M","M","$","E","M","E","T","M","E","?","R","M","R","B",null],"character_chosen":"THE_SILENT","items_purchased":["Membership Card","FossilizedHelix","Dash","Accuracy","Paper Crane","Happy Flower","Night Terror+1","PiercingWail+1"],"campfire_rested":4,"item_purchase_floors":[21,21,21,21,39,39,39,39],"current_hp_per_floor":[63,59,58,48,47,47,29,13,13,13,13,34,26,34,34,26,59,59,49,28,28,8,29,22,22,22,22,16,37,34,34,55,52,66,66,70,70,70,70,70,70,68,68,74,74,74,74,66,66,41],"gold":174,"neow_bonus":"BOSS_RELIC","is_prod":false,"is_daily":false,"chose_seed":false,"campfire_upgraded":2,"win_rate":0,"timestamp":1543036801,"path_taken":["M","M","M","M","M","R","E","M","T","?","M","R","M","E","R","BOSS","M","M","?","$","?","R","M","M","T","M","M","R","M","E","R","BOSS","M","?","?","M","$","E","M","E","T","?","E","?","R","?","R","BOSS"],"build_version":"2018-11-15","purchased_purges":0,"victory":true,"max_hp_per_floor":[70,70,70,70,70,70,70,70,70,70,70,70,70,70,70,70,70,70,70,70,70,70,70,70,70,70,70,70,70,70,70,70,70,70,70,70,70,70,70,70,70,70,70,76,76,76,76,76,76,76],"card_choices":[{"not_picked":[],"picked":"Dagger Throw","floor":1.0},{"not_picked":[],"picked":"Quick Slash","floor":2.0},{"not_picked":["Calculated Gamble"],"picked":"SKIP","floor":3.0},{"not_picked":[],"picked":"Deadly Poison","floor":4.0},{"not_picked":["Slice"],"picked":"SKIP","floor":5.0},{"not_picked":[],"picked":"After Image","floor":7.0},{"not_picked":[],"picked":"Dagger Spray","floor":8.0},{"not_picked":[],"picked":"Acrobatics","floor":11.0},{"not_picked":[],"picked":"All Out Attack","floor":13.0},{"not_picked":["Poisoned Stab"],"picked":"SKIP","floor":14.0},{"not_picked":[],"picked":"Doppelganger","floor":16.0},{"not_picked":[],"picked":"Slice","floor":18.0},{"not_picked":[],"picked":"Terror","floor":19.0},{"not_picked":[],"picked":"Dodge and Roll","floor":20.0},{"not_picked":[],"picked":"Backflip","floor":24},{"not_picked":["Dagger Spray"],"picked":"SKIP","floor":25},{"not_picked":[],"picked":"Riddle With Holes","floor":27},{"not_picked":[],"picked":"Noxious Fumes+1","floor":28},{"not_picked":[],"picked":"Leg Sweep+1","floor":30},{"not_picked":[],"picked":"Calculated Gamble+1","floor":31},{"not_picked":[],"picked":"Glass Knife","floor":33},{"not_picked":[],"picked":"Dodge and Roll+1","floor":35},{"not_picked":["Endless Agony"],"picked":"SKIP","floor":37},{"not_picked":[],"picked":"Backflip+1","floor":38},{"not_picked":["Deflect+1"],"picked":"SKIP","floor":40},{"not_picked":["Quick Slash"],"picked":"SKIP","floor":41},{"not_picked":[],"picked":"Concentrate+1","floor":42},{"not_picked":[],"picked":"Blur+1","floor":44},{"not_picked":[],"picked":"Dash+1","floor":45},{"not_picked":["Outmaneuver+1"],"picked":"SKIP","floor":48}],"player_experience":129635,"relics_obtained":[{"floor":7.0,"key":"Shuriken"},{"floor":9.0,"key":"Darkstone Periapt"},{"floor":10.0,"key":"Oddly Smooth Stone"},{"floor":14.0,"key":"Gambling Chip"},{"floor":22,"key":"Red Mask"},{"floor":26,"key":"Toxic Egg 2"},{"floor":31,"key":"PreservedInsect"},{"floor":40,"key":"Shovel"},{"floor":42,"key":"Girya"},{"floor":43,"key":"Snake Skull"},{"floor":45,"key":"Frozen Egg 2"}],"event_choices":[{"damage_healed":0.0,"max_hp_gain":0.0,"max_hp_loss":0.0,"gold_gain":0.0,"event_name":"Wheel of Change","player_choice":"Relic","floor":10.0,"gold_loss":0.0,"damage_taken":0.0},{"damage_healed":0,"gold_gain":0,"player_choice":"Fought Bandits","damage_taken":0,"max_hp_gain":0,"max_hp_loss":0,"event_name":"Masked Bandits","floor":22,"gold_loss":0},{"damage_healed":4,"gold_gain":0,"player_choice":"Full Heal","damage_taken":0,"max_hp_gain":0,"max_hp_loss":0,"event_name":"Wheel of Change","floor":36,"gold_loss":0},{"damage_healed":0,"gold_gain":0,"player_choice":"1 cards matched","damage_taken":0,"max_hp_gain":0,"max_hp_loss":0,"event_name":"Match and Keep!","floor":46,"gold_loss":0,"cards_obtained":["Blade Dance"]}],"is_beta":false,"boss_relics":[{"not_picked":["Lizard Tail","Snecko Eye"],"picked":"Pandora\u0027s Box"},{"not_picked":["Tiny House","Eternal Feather"],"picked":"Fusion Hammer"}],"items_purged_floors":[],"is_endless":false,"potions_floor_spawned":[4,7,8,13,14,16,19,20,22,30,31,33,35,40,45,48],"ascension_level":13}