{"gold_per_floor":[15,165,181,256,32,32,32,59,59,59,72,72,72,98,98,98],"floor_reached":16,"playtime":9276,"items_purged":["Doubt"],"score":242,"play_id":"fbf0c82c-ad31-409f-8d6a-37cdca266ee9","local_time":"20190202202125","is_ascension_mode":true,"campfire_choices":[{"data":"Buffer","floor":6,"key":"SMITH"},{"floor":10,"key":"REST"},{"data":"Hyperbeam","floor":12,"key":"SMITH"},{"data":"Hologram","floor":15,"key":"SMITH"}],"neow_cost":"NO_GOLD","seed_source_timestamp":762976869940700,"circlet_count":0,"master_deck":["AscendersBane","Strike_B","Strike_B","Strike_B","Strike_B","Defend_B","Defend_B","Defend_B","Defend_B","Dualcast","Hyperbeam+1","Beam Cell","White Noise","Buffer+1","Steam","Hologram+1","Self Repair"],"relics":["Cracked Core","Anchor","Blue Candle","Matryoshka","Bottled Flame"],"potions_floor_usage":[8,14],"damage_taken":[{"damage":12,"enemies":"Small Slimes","floor":1,"turns":3},{"damage":14,"enemies":"Jaw Worm","floor":3,"turns":4},{"damage":20,"enemies":"3 Sentries","floor":8,"turns":5},{"damage":1,"enemies":"Cultist","floor":11,"turns":3},{"damage":0,"enemies":"Gremlin Nob","floor":14,"turns":2},{"damage":39,"enemies":"The Guardian","floor":16,"turns":11}],"seed_played":"2308086739823814436","potions_obtained":[{"floor":3,"key":"Regen Potion"},{"floor":8,"key":"Fire Potion"}],"is_trial":false,"path_per_floor":["M","?","M","?","$","R","?","E","T","R","M","R","T","E","R","B"],"character_chosen":"DEFECT","items_purchased":["Buffer"],"campfire_rested":1,"item_purchase_floors":[5],"current_hp_per_floor":[52,52,38,27,27,27,27,21,21,42,41,41,41,41,41,2],"gold":98,"neow_bonus":"THREE_RARE_CARDS","is_prod":false,"is_daily":false,"chose_seed":false,"campfire_upgraded":3,"win_rate":0,"timestamp":1549167685,"path_taken":["M","?","M","?","?","R","?","E","T","R","?","R","?","E","R","BOSS"],"build_version":"2019-01-23","purchased_purges":1,"victory":false,"max_hp_per_floor":[71,71,71,71,71,71,71,71,71,71,71,71,71,71,71,71],"card_choices":[{"not_picked":["Core Surge","Seek"],"picked":"Hyperbeam","floor":0},{"not_picked":["Gash","Go for the Eyes"],"picked":"Beam Cell","floor":1},{"not_picked":["Compile Driver","Streamline"],"picked":"White Noise","floor":3},{"not_picked":["Beam Cell","Barrage"],"picked":"Steam","floor":8},{"not_picked":["Chill","Rip and Tear"],"picked":"Hologram","floor":11},{"not_picked":["Capacitor","Gash"],"picked":"Self Repair","floor":14}],"player_experience":1220718,"relics_obtained":[{"floor":8,"key":"Anchor"},{"floor":9,"key":"Blue Candle"},{"floor":13,"key":"Matryoshka"},{"floor":14,"key":"Bottled Flame"}],"event_choices":[{"damage_healed":0,"gold_gain":150,"player_choice":"AGREE","damage_taken":0,"max_hp_gain":0,"max_hp_loss":0,"event_name":"Liars Game","floor":2,"gold_loss":0,"cards_obtained":["Doubt"]},{"damage_healed":0,"gold_gain":75,"player_choice":"Gather Gold","damage_taken":11,"max_hp_gain":0,"max_hp_loss":0,"event_name":"World of Goop","floor":4,"gold_loss":0},{"cards_removed":["Zap"],"damage_healed":0,"gold_gain":0,"player_choice":"Purged","damage_taken":0,"max_hp_gain":0,"max_hp_loss":0,"event_name":"Purifier","floor":7,"gold_loss":0}],"is_beta":false,"boss_relics":[],"items_purged_floors":[5],"is_endless":false,"potions_floor_spawned":[3,8],"killed_by":"The Guardian","ascension_level":17}