{"gold_per_floor":[115,133,133,145,21,21,53,53,53,71,17,42,56,66,66,140,140,150,5,5,21,39,39,51,51,78,118,130],"floor_reached":28,"playtime":1867,"items_purged":["Strike_R","Strike_R"],"score":438,"play_id":"dd3c50a5-b647-4949-bfdc-90f4913753d3","local_time":"20190204095433","is_ascension_mode":true,"campfire_choices":[{"data":"True Grit","floor":6.0,"key":"SMITH"},{"data":"Combust","floor":8.0,"key":"SMITH"},{"data":"Rampage","floor":15.0,"key":"SMITH"},{"floor":23.0,"key":"REST"},{"floor":25,"key":"REST"}],"neow_cost":"NONE","seed_source_timestamp":0,"circlet_count":0,"master_deck":["AscendersBane","Strike_R","Strike_R","Strike_R","Defend_R","Defend_R","Defend_R","Defend_R","Bash+1","Heavy Blade","True Grit+1","Anger","Combust+1","Rampage+1","Spot Weakness","Ghostly Armor","Headbutt","Disarm","Demon Form","Pommel Strike","Disarm","Bludgeon","Whirlwind","Flame Barrier","Regret","Metallicize"],"special_seed":0,"relics":["Burning Blood","Mummified Hand","The Courier","Bottled Tornado","Cursed Key","MawBank","Self Forming Clay"],"potions_floor_usage":[],"damage_taken":[{"damage":10.0,"enemies":"Small Slimes","floor":1.0,"turns":4.0},{"damage":1.0,"enemies":"Cultist","floor":2.0,"turns":3.0},{"damage":6.0,"enemies":"2 Louse","floor":4.0,"turns":4.0},{"damage":11.0,"enemies":"3 Sentries","floor":7.0,"turns":6.0},{"damage":15.0,"enemies":"Large Slime","floor":10.0,"turns":5.0},{"damage":19.0,"enemies":"Lagavulin","floor":12.0,"turns":6.0},{"damage":2.0,"enemies":"Exordium Wildlife","floor":13.0,"turns":3.0},{"damage":4.0,"enemies":"Looter","floor":14.0,"turns":3.0},{"damage":20.0,"enemies":"The Guardian","floor":16.0,"turns":10.0},{"damage":26.0,"enemies":"Spheric Guardian","floor":18.0,"turns":4.0},{"damage":2.0,"enemies":"3 Byrds","floor":21.0,"turns":3.0},{"damage":30.0,"enemies":"Snake Plant","floor":22.0,"turns":3.0},{"damage":32.0,"enemies":"Centurion and Healer","floor":24.0,"turns":4.0},{"damage":45,"enemies":"Book of Stabbing","floor":27,"turns":6},{"damage":11,"enemies":"Snecko","floor":28,"turns":3}],"seed_played":"-2040273328095504436","potions_obtained":[{"floor":1.0,"key":"Weak Potion"},{"floor":3.0,"key":"Regen Potion"},{"floor":3.0,"key":"PowerPotion"},{"floor":7.0,"key":"SkillPotion"},{"floor":13.0,"key":"Weak Potion"},{"floor":16.0,"key":"BloodPotion"},{"floor":18.0,"key":"FairyPotion"},{"floor":21.0,"key":"SpeedPotion"}],"is_trial":false,"path_per_floor":["M","M","?","M","$","R","E","R","T","M","$","E","M","M","R","B",null,"M","$","?","M","M","R","M","R","T","E","M"],"character_chosen":"IRONCLAD","items_purchased":["FearPotion","Spot Weakness","Disarm"],"campfire_rested":2,"item_purchase_floors":[5,11,19],"current_hp_per_floor":[64,69,69,69,69,69,64,64,64,55,55,42,46,48,48,34,65,45,45,45,49,32,54,28,50,50,11,0],"gold":130,"neow_bonus":"UPGRADE_CARD","is_prod":false,"is_daily":false,"chose_seed":false,"campfire_upgraded":3,"win_rate":0,"timestamp":1549270473,"path_taken":["M","M","?","M","?","R","E","R","T","M","$","E","?","M","R","BOSS","M","$","?","M","M","R","?","R","T","E","?"],"build_version":"2019-01-23","purchased_purges":2,"victory":false,"max_hp_per_floor":[75,75,75,75,75,75,75,75,75,75,75,75,75,75,75,75,75,75,75,75,75,75,75,75,75,75,75,75],"card_choices":[{"not_picked":["Corruption","Flex"],"picked":"Heavy Blade","floor":1.0},{"not_picked":["Power Through","Sentinel"],"picked":"True Grit","floor":2.0},{"not_picked":["Ghostly Armor","Blood for Blood"],"picked":"Anger","floor":4.0},{"not_picked":["Armaments","Clash"],"picked":"Combust","floor":7.0},{"not_picked":["Infernal Blade","Warcry"],"picked":"Rampage","floor":10.0},{"not_picked":["Cleave","Rage"],"picked":"Ghostly Armor","floor":12.0},{"not_picked":["Intimidate","Flex"],"picked":"Headbutt","floor":13.0},{"not_picked":["Iron Wave","Pommel Strike"],"picked":"Disarm","floor":14.0},{"not_picked":["Dark Embrace","Reaper"],"picked":"Demon Form","floor":16.0},{"not_picked":["Headbutt","Thunderclap"],"picked":"Pommel Strike","floor":18.0},{"not_picked":["Rage","Shrug It Off"],"picked":"Flame Barrier","floor":21.0},{"not_picked":["Clash","Infernal Blade","Perfected Strike"],"picked":"SKIP","floor":22.0},{"not_picked":["Headbutt","Hemokinesis","Thunderclap"],"picked":"SKIP","floor":24},{"not_picked":["Wild Strike","Intimidate+1"],"picked":"Metallicize","floor":27}],"player_experience":372587,"relics_obtained":[{"floor":7.0,"key":"Mummified Hand"},{"floor":9.0,"key":"The Courier"},{"floor":12.0,"key":"Bottled Tornado"},{"floor":26,"key":"MawBank"},{"floor":27,"key":"Self Forming Clay"}],"event_choices":[{"damage_healed":0.0,"max_hp_gain":0.0,"max_hp_loss":0.0,"gold_gain":0.0,"event_name":"Lab","player_choice":"Got Potions","floor":3.0,"gold_loss":0.0,"damage_taken":0.0},{"damage_healed":0.0,"max_hp_gain":0.0,"max_hp_loss":0.0,"gold_gain":0.0,"event_name":"Match and Keep!","player_choice":"2 cards matched","floor":20.0,"gold_loss":0.0,"damage_taken":0.0,"cards_obtained":["Bludgeon","Whirlwind"]},{"damage_healed":0.0,"max_hp_gain":0.0,"max_hp_loss":0.0,"gold_gain":0.0,"event_name":"Match and Keep!","player_choice":"2 cards matched","floor":20.0,"gold_loss":0.0,"damage_taken":0.0,"cards_obtained":["Bludgeon","Whirlwind"]}],"is_beta":false,"boss_relics":[{"not_picked":["Sozu","Busted Crown"],"picked":"Cursed Key"}],"items_purged_floors":[5,19],"is_endless":false,"potions_floor_spawned":[1,7,13,16,18,21],"killed_by":"Snecko","ascension_level":15}