{"gold_per_floor":[113,113,128,128,143,143,170,170,170,170,205,205,220,236,236,334,334,353,353,373,12,12,12,46,63,63,63,27,39,39,51,51,51],"floor_reached":33,"playtime":881,"items_purged":[],"score":275,"play_id":"80a6f7f1-729d-43f5-bbee-da11b1b8b425","local_time":"20181104153337","is_ascension_mode":false,"campfire_choices":[{"data":"Go for the Eyes","floor":6.0,"key":"SMITH"},{"data":"Dualcast","floor":10.0,"key":"SMITH"},{"data":"Cold Snap","floor":12.0,"key":"SMITH"},{"data":"Strike_B","floor":15.0,"key":"SMITH"},{"data":"Seek","floor":23.0,"key":"SMITH"},{"floor":32,"key":"REST"}],"neow_cost":"NONE","seed_source_timestamp":1802609371615377,"circlet_count":0,"master_deck":["Strike_B+1","Strike_B","Strike_B","Defend_B","Defend_B","Defend_B","Defend_B","Zap+1","Dualcast+1","Cold Snap+1","Go for the Eyes+1","Conserve Battery","Lockon+1","Melter+1","Seek+1","Sunder+1","White Noise","Beam Cell+1","Chill","Chill","Fusion+1"],"special_seed":0,"relics":["Cursed Key","Molten Egg 2","Blue Candle","Black Star","Ice Cream","Emotion Chip","Prayer Wheel"],"potions_floor_usage":[],"damage_taken":[{"damage":5.0,"enemies":"Small Slimes","floor":1.0,"turns":3.0},{"damage":1.0,"enemies":"Jaw Worm","floor":3.0,"turns":2.0},{"damage":0.0,"enemies":"Cultist","floor":5.0,"turns":3.0},{"damage":23.0,"enemies":"Gremlin Nob","floor":7.0,"turns":5.0},{"damage":10.0,"enemies":"3 Sentries","floor":11.0,"turns":9.0},{"damage":0.0,"enemies":"Exordium Thugs","floor":13.0,"turns":5.0},{"damage":2.0,"enemies":"Blue Slaver","floor":14.0,"turns":3.0},{"damage":20.0,"enemies":"Slime Boss","floor":16.0,"turns":7.0},{"damage":0.0,"enemies":"Spheric Guardian","floor":18.0,"turns":2.0},{"damage":0.0,"enemies":"Chosen","floor":20.0,"turns":4.0},{"damage":19.0,"enemies":"Slavers","floor":24.0,"turns":5.0},{"damage":2.0,"enemies":"Centurion and Healer","floor":25.0,"turns":5.0},{"damage":11,"enemies":"Shelled Parasite and Fungi","floor":29,"turns":5},{"damage":11,"enemies":"Chosen and Byrds","floor":31,"turns":5},{"damage":37,"enemies":"Champ","floor":33,"turns":9}],"seed_played":"5071817382522806087","potions_obtained":[{"floor":1.0,"key":"SpeedPotion"},{"floor":3.0,"key":"Explosive Potion"},{"floor":29,"key":"Poison Potion"}],"is_trial":false,"path_per_floor":["M","?","M","T","M","R","E","T","T","R","E","R","M","M","R","B",null,"M","?","M","$","?","R","E","M","T","T","$","M","$","M","R","B"],"character_chosen":"DEFECT","items_purchased":["Ice Cream","Beam Cell+1","Chill"],"campfire_rested":1,"item_purchase_floors":[21,21,28],"current_hp_per_floor":[70,70,69,69,69,69,46,46,46,46,36,36,36,34,34,14,75,75,75,75,75,75,75,56,54,54,54,54,43,43,32,54,17],"gold":51,"neow_bonus":"BOSS_RELIC","is_prod":false,"is_daily":false,"chose_seed":false,"campfire_upgraded":5,"win_rate":0,"timestamp":1541345617,"path_taken":["M","?","M","?","M","R","E","?","T","R","E","R","M","?","R","BOSS","M","?","?","$","?","R","E","M","T","?","?","M","$","M","R","BOSS"],"build_version":"2018-11-01","purchased_purges":0,"victory":false,"max_hp_per_floor":[75,75,75,75,75,75,75,75,75,75,75,75,75,75,75,75,75,75,75,75,75,75,75,75,75,75,75,75,75,75,75,75,75],"card_choices":[{"not_picked":["Reprogram","Coolheaded"],"picked":"Cold Snap","floor":1.0},{"not_picked":["Coolheaded","Streamline"],"picked":"Go for the Eyes","floor":3.0},{"not_picked":["Turbo","Reprogram","Gash"],"picked":"SKIP","floor":5.0},{"not_picked":["Beam Cell","Streamline"],"picked":"Conserve Battery","floor":7.0},{"not_picked":["Coolheaded","Fission"],"picked":"Lockon+1","floor":11.0},{"not_picked":["Heatsinks","Steam Power"],"picked":"Melter+1","floor":13.0},{"not_picked":["Fusion","Storm","Hello World"],"picked":"SKIP","floor":14.0},{"not_picked":["Reboot","Amplify"],"picked":"Seek","floor":16.0},{"not_picked":["Gash+1","Self Repair"],"picked":"Sunder+1","floor":18.0},{"not_picked":["Compile Driver+1","Leap","Lockon+1"],"picked":"SKIP","floor":20.0},{"not_picked":["Thunder Strike+1","Sweeping Beam+1"],"picked":"Chill","floor":24.0},{"not_picked":["Static Discharge+1","Barrage+1","Reprogram+1"],"picked":"SKIP","floor":25.0},{"not_picked":["Go for the Eyes+1","Sweeping Beam+1","Turbo"],"picked":"SKIP","floor":25.0},{"not_picked":["Coolheaded","FTL+1"],"picked":"Fusion+1","floor":29},{"not_picked":["Double Energy","Amplify","Streamline+1"],"picked":"SKIP","floor":29},{"not_picked":["Hologram","Double Energy+1","Streamline+1"],"picked":"SKIP","floor":31},{"not_picked":["Lockon+1","Sweeping Beam+1","Hologram"],"picked":"SKIP","floor":31}],"player_experience":760728,"relics_obtained":[{"floor":7.0,"key":"Molten Egg 2"},{"floor":11.0,"key":"Blue Candle"},{"floor":24.0,"key":"Emotion Chip"},{"floor":24.0,"key":"Prayer Wheel"}],"event_choices":[{"damage_healed":0.0,"max_hp_gain":0.0,"max_hp_loss":0.0,"gold_gain":0.0,"event_name":"Living Wall","player_choice":"Grow","floor":2.0,"gold_loss":0.0,"damage_taken":0.0,"cards_upgraded":["Zap"]},{"damage_healed":0.0,"max_hp_gain":0.0,"max_hp_loss":0.0,"gold_gain":0.0,"cards_transformed":["Strike_B"],"event_name":"Transmorgrifier","player_choice":"Transformed","floor":19.0,"gold_loss":0.0,"damage_taken":0.0,"cards_obtained":["White Noise"]},{"damage_healed":0.0,"max_hp_gain":0.0,"max_hp_loss":0.0,"gold_gain":0.0,"event_name":"Ghosts","player_choice":"Ignored","floor":22.0,"gold_loss":0.0,"damage_taken":0.0}],"is_beta":false,"boss_relics":[{"not_picked":["Snecko Eye","Fusion Hammer"],"picked":"Black Star"}],"items_purged_floors":[],"is_endless":false,"potions_floor_spawned":[1,3,29,31],"killed_by":"Champ","ascension_level":0}