{"gold_per_floor":[211,230,247,264,274,290,290,322,345,345,360,392,406,420,420,516,516,527,19,19,29,39,39,39,74,74,74,85,85,104,115,115,216,216,227,238,238,256,274,308,308,340,340,369,369,108,128,140,140,140],"floor_reached":51,"playtime":4292,"items_purged":["Strike_B","Strike_B"],"score":1178,"play_id":"f7540e16-6af1-4d2a-b7c1-590ac7319c59","local_time":"20190101000211","is_ascension_mode":true,"campfire_choices":[{"data":"Chaos","floor":7.0,"key":"SMITH"},{"data":"Defragment","floor":10.0,"key":"SMITH"},{"data":"Dualcast","floor":15.0,"key":"SMITH"},{"data":"Zap","floor":23.0,"key":"SMITH"},{"data":"Multi-Cast","floor":27.0,"key":"SMITH"},{"data":"Go for the Eyes","floor":29.0,"key":"SMITH"},{"data":"Ghostly","floor":32.0,"key":"SMITH"},{"data":"Ghostly","floor":41,"key":"SMITH"},{"data":"Ghostly","floor":45,"key":"SMITH"},{"data":"Ghostly","floor":49,"key":"SMITH"}],"neow_cost":"NONE","seed_source_timestamp":1255403724729932,"circlet_count":0,"master_deck":["Strike_B","Defend_B","Defend_B","Defend_B","Defend_B","Zap+1","Dualcast+1","Go for the Eyes+1","Sunder","Ball Lightning","Chaos+1","Conserve Battery","Defragment+1","Rebound","Cold Snap","Multi-Cast+1","BootSequence","Ghostly+1","Ghostly+1","Ghostly+1","Ghostly","Ghostly+1","Steam+1","Defragment+1","Fission","Darkness+1","Conserve Battery+1","Conserve Battery+1","Leap+1","Buffer+1","Steam+1","Buffer+1","Conserve Battery","Skim+1"],"special_seed":0,"relics":["Cracked Core","Bag of Marbles","Art of War","Unceasing Top","Philosopher\u0027s Stone","OrangePellets","Frozen Egg 2","Bag of Preparation","Gambling Chip","Runic Pyramid","Omamori","Kunai","Mercury Hourglass","Pantograph"],"potions_floor_usage":[50,50,50],"damage_taken":[{"damage":3.0,"enemies":"2 Louse","floor":1.0,"turns":3.0},{"damage":2.0,"enemies":"Jaw Worm","floor":2.0,"turns":4.0},{"damage":0.0,"enemies":"Cultist","floor":3.0,"turns":2.0},{"damage":0.0,"enemies":"Large Slime","floor":4.0,"turns":4.0},{"damage":0.0,"enemies":"3 Louse","floor":5.0,"turns":2.0},{"damage":3.0,"enemies":"Looter","floor":6.0,"turns":3.0},{"damage":10.0,"enemies":"Lagavulin","floor":8.0,"turns":5.0},{"damage":6.0,"enemies":"Exordium Thugs","floor":11.0,"turns":2.0},{"damage":6.0,"enemies":"3 Sentries","floor":12.0,"turns":4.0},{"damage":0.0,"enemies":"Lots of Slimes","floor":13.0,"turns":1.0},{"damage":6.0,"enemies":"Red Slaver","floor":14.0,"turns":3.0},{"damage":23.0,"enemies":"The Guardian","floor":16.0,"turns":10.0},{"damage":16.0,"enemies":"3 Byrds","floor":18.0,"turns":4.0},{"damage":1.0,"enemies":"Spheric Guardian","floor":21.0,"turns":4.0},{"damage":0.0,"enemies":"Snecko","floor":22.0,"turns":5.0},{"damage":0.0,"enemies":"Slavers","floor":25.0,"turns":6.0},{"damage":0.0,"enemies":"Shelled Parasite and Fungi","floor":28.0,"turns":3.0},{"damage":0.0,"enemies":"Cultist and Chosen","floor":30.0,"turns":5.0},{"damage":0.0,"enemies":"3 Cultists","floor":31.0,"turns":5.0},{"damage":0.0,"enemies":"Automaton","floor":33.0,"turns":8.0},{"damage":0.0,"enemies":"3 Darklings","floor":35.0,"turns":6.0},{"damage":2.0,"enemies":"Orb Walker","floor":36.0,"turns":3.0},{"damage":0.0,"enemies":"3 Darklings","floor":38.0,"turns":5.0},{"damage":0.0,"enemies":"Transient","floor":39.0,"turns":5.0},{"damage":0,"enemies":"Giant Head","floor":40,"turns":6},{"damage":5,"enemies":"Reptomancer","floor":42,"turns":8},{"damage":0,"enemies":"Giant Head","floor":44,"turns":10},{"damage":0,"enemies":"Writhing Mass","floor":47,"turns":4},{"damage":0,"enemies":"3 Darklings","floor":48,"turns":5},{"damage":0,"enemies":"Awakened One","floor":50,"turns":13}],"seed_played":"6735630398217582212","potions_obtained":[{"floor":4.0,"key":"EssenceOfSteel"},{"floor":5.0,"key":"Explosive Potion"},{"floor":6.0,"key":"Poison Potion"},{"floor":11.0,"key":"LiquidBronze"},{"floor":12.0,"key":"Swift Potion"},{"floor":13.0,"key":"FearPotion"},{"floor":14.0,"key":"Fruit Juice"},{"floor":18.0,"key":"Ancient Potion"},{"floor":25.0,"key":"AttackPotion"},{"floor":28.0,"key":"Energy Potion"},{"floor":33.0,"key":"EssenceOfSteel"},{"floor":35.0,"key":"GamblersBrew"},{"floor":36.0,"key":"EssenceOfSteel"}],"is_trial":false,"path_per_floor":["M","M","M","M","M","M","R","E","T","R","M","E","M","M","R","B",null,"M","$","?","M","M","R","?","E","T","R","M","R","M","M","R","B",null,"M","M","?","M","M","E","R","E","T","E","R","$","M","M","R","B",null],"character_chosen":"DEFECT","items_purchased":["OrangePellets","Frozen Egg 2","Buffer+1","Conserve Battery"],"campfire_rested":0,"item_purchase_floors":[19,19,46,46],"current_hp_per_floor":[72,70,70,70,70,67,67,57,57,57,51,45,45,44,44,21,65,49,49,40,39,39,39,39,39,39,39,39,39,39,39,39,39,40,40,38,38,38,38,38,38,33,33,33,33,33,33,33,33,40],"gold":140,"neow_bonus":"HUNDRED_GOLD","is_prod":false,"is_daily":false,"chose_seed":false,"campfire_upgraded":10,"win_rate":0,"timestamp":1546329731,"path_taken":["M","M","M","M","M","M","R","E","T","R","M","E","M","M","R","BOSS","M","$","?","M","M","R","?","E","T","R","M","R","?","M","R","BOSS","M","M","?","M","M","E","R","E","T","E","R","$","M","M","R","BOSS"],"build_version":"2018-12-20","purchased_purges":2,"victory":true,"max_hp_per_floor":[75,75,75,75,75,75,75,75,75,75,75,75,75,80,80,80,80,80,80,40,40,40,40,40,40,40,40,40,40,40,40,40,40,40,40,40,40,40,40,40,40,40,40,40,40,40,40,40,40,40],"card_choices":[{"not_picked":["Hologram","Coolheaded"],"picked":"Go for the Eyes","floor":1.0},{"not_picked":["Beam Cell","Tempest"],"picked":"Sunder","floor":2.0},{"not_picked":["Streamline","Doom and Gloom"],"picked":"Ball Lightning","floor":3.0},{"not_picked":["Skim","Turbo"],"picked":"Chaos","floor":4.0},{"not_picked":["Thunder Strike","Fusion"],"picked":"Conserve Battery","floor":5.0},{"not_picked":["Rip and Tear","Hologram","Doom and Gloom"],"picked":"SKIP","floor":6.0},{"not_picked":["Loop","Reinforced Body"],"picked":"Defragment","floor":8.0},{"not_picked":["Consume","Recycle","Stack"],"picked":"SKIP","floor":11.0},{"not_picked":["Barrage","Redo"],"picked":"Rebound","floor":12.0},{"not_picked":["Beam Cell","Rebound"],"picked":"Cold Snap","floor":13.0},{"not_picked":["Reprogram","Hello World","Redo"],"picked":"SKIP","floor":14.0},{"not_picked":["Seek","Echo Form"],"picked":"Multi-Cast","floor":16.0},{"not_picked":["Conserve Battery","Aggregate"],"picked":"BootSequence","floor":18.0},{"not_picked":["Conserve Battery","Stack"],"picked":"Steam+1","floor":21.0},{"not_picked":["Consume","Heatsinks+1"],"picked":"Defragment+1","floor":22.0},{"not_picked":["Storm+1","Turbo","Aggregate"],"picked":"SKIP","floor":25.0},{"not_picked":["Force Field","Stack","Chaos"],"picked":"SKIP","floor":28.0},{"not_picked":["Double Energy","Hologram","Streamline"],"picked":"SKIP","floor":30.0},{"not_picked":["Storm+1","Redo","Rebound"],"picked":"SKIP","floor":31.0},{"not_picked":["Meteor Strike","Thunder Strike"],"picked":"Fission","floor":33.0},{"not_picked":["Steam","Hologram"],"picked":"Darkness+1","floor":35.0},{"not_picked":["Ball Lightning","Consume"],"picked":"Conserve Battery+1","floor":36.0},{"not_picked":["Hologram","Chill"],"picked":"Conserve Battery+1","floor":38.0},{"not_picked":["Hologram","Hello World+1"],"picked":"Leap+1","floor":39.0},{"not_picked":["Hello World+1","FTL"],"picked":"Buffer+1","floor":40},{"not_picked":["Turbo","Ball Lightning+1","Rebound"],"picked":"SKIP","floor":42},{"not_picked":["Tempest","Barrage"],"picked":"Steam+1","floor":44},{"not_picked":["Redo","Tempest+1"],"picked":"Skim+1","floor":47},{"not_picked":["Steam+1","Sweeping Beam","Redo+1"],"picked":"SKIP","floor":48}],"player_experience":309568,"relics_obtained":[{"floor":8.0,"key":"Bag of Marbles"},{"floor":9.0,"key":"Art of War"},{"floor":12.0,"key":"Unceasing Top"},{"floor":25.0,"key":"Bag of Preparation"},{"floor":26.0,"key":"Gambling Chip"},{"floor":40,"key":"Omamori"},{"floor":42,"key":"Kunai"},{"floor":43,"key":"Mercury Hourglass"},{"floor":44,"key":"Pantograph"}],"event_choices":[{"damage_healed":0.0,"max_hp_gain":0.0,"max_hp_loss":40.0,"gold_gain":0.0,"event_name":"Ghosts","player_choice":"Became a Ghost","floor":20.0,"gold_loss":0.0,"damage_taken":0.0,"cards_obtained":["Ghostly","Ghostly","Ghostly","Ghostly","Ghostly"]},{"cards_removed":["Strike_B"],"damage_healed":0.0,"max_hp_gain":0.0,"max_hp_loss":0.0,"gold_gain":0.0,"event_name":"Purifier","player_choice":"Purged","floor":24.0,"gold_loss":0.0,"damage_taken":0.0},{"damage_healed":0.0,"max_hp_gain":0.0,"max_hp_loss":0.0,"gold_gain":0.0,"event_name":"SensoryStone","player_choice":"Memory 1","floor":37.0,"gold_loss":0.0,"damage_taken":0.0}],"is_beta":false,"boss_relics":[{"not_picked":["Black Star","Cursed Key"],"picked":"Philosopher\u0027s Stone"},{"not_picked":["Runic Dome","Eternal Feather"],"picked":"Runic Pyramid"}],"items_purged_floors":[19,46],"is_endless":false,"potions_floor_spawned":[4,5,6,11,12,13,14,18,25,28,33,35,36,47,48],"ascension_level":5}