{"gold_per_floor":[110,110,16,30,41,41,70,86,135,135,146,179,179,179,179,179],"floor_reached":16,"playtime":1131,"items_purged":[],"score":220,"play_id":"69f69805-fc14-4a27-999c-37ba1a8465f3","local_time":"20190206152440","is_ascension_mode":true,"campfire_choices":[{"data":"Skewer","floor":6,"key":"SMITH"},{"floor":10,"key":"REST"},{"floor":15,"key":"REST"}],"neow_cost":"NONE","seed_source_timestamp":104684917566400,"circlet_count":0,"master_deck":["AscendersBane","Defend_G","Defend_G","Defend_G","Defend_G","Defend_G","Strike_G","Strike_G","Strike_G","Strike_G","Strike_G","Survivor","Neutralize+1","PiercingWail","Noxious Fumes","Bane","Skewer+1","Blur","Backstab"],"relics":["Ring of the Snake","Singing Bowl","Boot","PreservedInsect"],"potions_floor_usage":[2,7,7,16,16],"damage_taken":[{"damage":13,"enemies":"Jaw Worm","floor":1,"turns":5},{"damage":1,"enemies":"Cultist","floor":4,"turns":4},{"damage":1,"enemies":"Small Slimes","floor":5,"turns":4},{"damage":25,"enemies":"Lagavulin","floor":7,"turns":7},{"damage":4,"enemies":"Looter","floor":8,"turns":3},{"damage":11,"enemies":"Large Slime","floor":11,"turns":7},{"damage":32,"enemies":"Gremlin Nob","floor":12,"turns":4},{"damage":31,"enemies":"The Guardian","floor":16,"turns":13}],"seed_played":"1183009931520881255","potions_obtained":[{"floor":2,"key":"Fire Potion"},{"floor":2,"key":"Fruit Juice"},{"floor":4,"key":"Strength Potion"},{"floor":8,"key":"SneckoOil"},{"floor":11,"key":"GamblersBrew"}],"is_trial":false,"path_per_floor":["M","?","$","M","M","R","E","M","T","R","M","E","?","?","R","B"],"character_chosen":"THE_SILENT","items_purchased":["Noxious Fumes","Bane"],"campfire_rested":2,"item_purchase_floors":[3,3],"current_hp_per_floor":[46,51,51,50,49,49,26,24,24,46,35,5,5,5,28,0],"gold":179,"neow_bonus":"UPGRADE_CARD","is_prod":false,"is_daily":false,"chose_seed":false,"campfire_upgraded":1,"win_rate":0,"timestamp":1549463080,"path_taken":["M","?","$","M","M","R","E","M","T","R","?","E","?","?","R","BOSS"],"build_version":"2019-01-23","purchased_purges":0,"victory":false,"max_hp_per_floor":[66,71,71,71,71,71,73,75,75,75,75,77,77,77,77,77],"card_choices":[{"not_picked":["Backflip","Blur"],"picked":"PiercingWail","floor":1},{"not_picked":["Calculated Gamble","Poisoned Stab"],"picked":"Skewer","floor":4},{"not_picked":["Poisoned Stab","Terror"],"picked":"Blur","floor":5},{"not_picked":["Riddle With Holes","Deadly Poison","Flechettes"],"picked":"Singing Bowl","floor":7},{"not_picked":["Flying Knee","Bane","Acrobatics"],"picked":"Singing Bowl","floor":8},{"not_picked":["Blur","Tactician"],"picked":"Backstab","floor":11},{"not_picked":["Calculated Gamble","Outmaneuver","Setup"],"picked":"Singing Bowl","floor":12}],"player_experience":447994,"relics_obtained":[{"floor":7,"key":"Singing Bowl"},{"floor":9,"key":"Boot"},{"floor":12,"key":"PreservedInsect"}],"event_choices":[{"damage_healed":0,"gold_gain":0,"player_choice":"Got Potions","damage_taken":0,"max_hp_gain":0,"max_hp_loss":0,"event_name":"Lab","floor":2,"gold_loss":0},{"damage_healed":0,"gold_gain":0,"player_choice":"Ignored","damage_taken":0,"max_hp_gain":0,"max_hp_loss":0,"event_name":"Liars Game","floor":13,"gold_loss":0},{"damage_healed":0,"gold_gain":0,"player_choice":"Fled","damage_taken":0,"max_hp_gain":0,"max_hp_loss":0,"event_name":"Scrap Ooze","floor":14,"gold_loss":0}],"is_beta":false,"boss_relics":[],"items_purged_floors":[],"is_endless":false,"potions_floor_spawned":[4,5,8,11],"killed_by":"The Guardian","ascension_level":20}