{"gold_per_floor":[117,131,177,143,143,178,178,24,24,47,74,74,74,174,174,272,272,285,299,398,64,74,74,74,74,74,108,108,108,123,133,133,234,234,247,247],"floor_reached":36,"playtime":869,"items_purged":[],"score":386,"play_id":"a6b10e41-b09a-41ad-82f6-145493a204ba","local_time":"20181219230751","is_ascension_mode":false,"campfire_choices":[{"data":"Defragment","floor":7.0,"key":"SMITH"},{"data":"Defragment","floor":12.0,"key":"SMITH"},{"data":"Zap","floor":15.0,"key":"SMITH"},{"data":"Echo Form","floor":23,"key":"SMITH"},{"data":"Chaos","floor":24,"key":"SMITH"},{"data":"Electrodynamics","floor":25,"key":"SMITH"},{"floor":29,"key":"REST"},{"floor":32,"key":"REST"}],"neow_cost":"NONE","seed_source_timestamp":1814248584440665,"circlet_count":0,"master_deck":["Strike_B+1","Strike_B","Strike_B","Strike_B","Defend_B","Defend_B","Defend_B","Defend_B","Zap+1","Dualcast+1","Defragment+1","Capacitor+1","Electrodynamics+1","Defragment+1","Undo","Echo Form+1","Chaos+1","Cold Snap+1","Rainbow","Buffer","Leap+1"],"special_seed":0,"relics":["Cracked Core","Smiling Mask","Blood Vial","Kunai","Odd Mushroom","Sundial","Inserter","WingedGreaves","Molten Egg 2","Gremlin Horn","FaceOfCleric","Sozu"],"potions_floor_usage":[33],"damage_taken":[{"damage":1.0,"enemies":"Cultist","floor":1.0,"turns":3.0},{"damage":1.0,"enemies":"2 Louse","floor":2.0,"turns":3.0},{"damage":31.0,"enemies":"Lagavulin","floor":6.0,"turns":7.0},{"damage":0.0,"enemies":"The Mushroom Lair","floor":10.0,"turns":2.0},{"damage":17.0,"enemies":"Gremlin Nob","floor":11.0,"turns":4.0},{"damage":10.0,"enemies":"Hexaghost","floor":16.0,"turns":8.0},{"damage":7.0,"enemies":"Chosen","floor":18.0,"turns":6.0},{"damage":10,"enemies":"3 Byrds","floor":19,"turns":3},{"damage":3,"enemies":"Snecko","floor":22,"turns":4},{"damage":42,"enemies":"Slavers","floor":27,"turns":4},{"damage":0,"enemies":"3 Cultists","floor":30,"turns":2},{"damage":20,"enemies":"Snake Plant","floor":31,"turns":4},{"damage":43,"enemies":"Collector","floor":33,"turns":8},{"damage":3,"enemies":"3 Shapes","floor":35,"turns":3},{"damage":27,"enemies":"3 Darklings","floor":36,"turns":3}],"seed_played":"-6131331155295783350","potions_obtained":[{"floor":1.0,"key":"Ancient Potion"},{"floor":2.0,"key":"Regen Potion"},{"floor":6.0,"key":"SteroidPotion"},{"floor":22,"key":"Poison Potion"},{"floor":27,"key":"FocusPotion"}],"is_trial":false,"path_per_floor":["M","M","T","$","?","E","R","$","T","?","E","R","$","?","R","B",null,"M","M","?","$","M","R","R","R","T","E","?","R","M","M","R","B",null,"M","M"],"character_chosen":"DEFECT","items_purchased":["Capacitor","Defragment","Undo","Chaos","WingedGreaves"],"campfire_rested":2,"item_purchase_floors":[4,8,8,21,21],"current_hp_per_floor":[74,73,73,73,58,27,27,27,27,29,14,14,14,14,14,21,75,68,60,60,60,59,59,59,59,59,19,19,41,44,27,50,10,78,76,51],"gold":247,"neow_bonus":"UPGRADE_CARD","is_prod":false,"is_daily":false,"chose_seed":false,"campfire_upgraded":6,"win_rate":0,"timestamp":1545260871,"path_taken":["M","M","?","$","?","E","R","$","T","?","E","R","$","?","R","BOSS","M","?","?","?","M","R","R","R","T","E","?","R","?","M","R","BOSS","M","M"],"build_version":"2018-12-13","purchased_purges":0,"victory":false,"max_hp_per_floor":[75,75,75,75,75,75,75,75,75,75,75,75,75,75,75,75,75,75,75,75,75,75,75,75,75,75,75,75,75,76,77,77,78,78,79,79],"card_choices":[{"not_picked":["Steam","Turbo"],"picked":"Defragment","floor":1.0},{"not_picked":["Steam Power","Gash","Go for the Eyes"],"picked":"SKIP","floor":2.0},{"not_picked":["Coolheaded","Steam Power"],"picked":"Electrodynamics","floor":6.0},{"not_picked":["Static Discharge","Gash","Multi-Cast"],"picked":"SKIP","floor":11.0},{"not_picked":["Electrodynamics","Amplify"],"picked":"Echo Form","floor":16.0},{"not_picked":["Leap","Beam Cell","Coolheaded"],"picked":"SKIP","floor":18.0},{"not_picked":["Coolheaded","FTL","Scrape"],"picked":"SKIP","floor":19},{"not_picked":["Rebound","Reinforced Body"],"picked":"Cold Snap+1","floor":22},{"not_picked":["Barrage+1","Blizzard+1"],"picked":"Rainbow","floor":27},{"not_picked":["Undo","Stack","Rebound+1"],"picked":"SKIP","floor":30},{"not_picked":["Reprogram+1","Rebound+1","Turbo+1"],"picked":"SKIP","floor":31},{"not_picked":["Meteor Strike+1","Rainbow"],"picked":"Buffer","floor":33},{"not_picked":["Streamline+1","Rebound+1"],"picked":"Leap+1","floor":35}],"player_experience":897390,"relics_obtained":[{"floor":3.0,"key":"Smiling Mask"},{"floor":6.0,"key":"Blood Vial"},{"floor":9.0,"key":"Kunai"},{"floor":10.0,"key":"Odd Mushroom"},{"floor":11.0,"key":"Sundial"},{"floor":26,"key":"Molten Egg 2"},{"floor":27,"key":"Gremlin Horn"}],"event_choices":[{"damage_healed":0.0,"max_hp_gain":0.0,"max_hp_loss":0.0,"gold_gain":0.0,"event_name":"Shining Light","player_choice":"Entered Light","floor":5.0,"gold_loss":0.0,"damage_taken":15.0,"cards_upgraded":["Capacitor","Strike_B"]},{"damage_healed":0.0,"max_hp_gain":0.0,"max_hp_loss":0.0,"gold_gain":0.0,"event_name":"Mushrooms","player_choice":"Fought Mushrooms","floor":10.0,"gold_loss":0.0,"damage_taken":0.0},{"damage_healed":0.0,"max_hp_gain":0.0,"max_hp_loss":0.0,"gold_gain":100.0,"event_name":"Golden Shrine","player_choice":"Pray","floor":14.0,"gold_loss":0.0,"damage_taken":0.0},{"damage_healed":0,"gold_gain":99,"player_choice":"Stole From Cult","damage_taken":0,"max_hp_gain":0,"max_hp_loss":0,"event_name":"Nest","floor":20,"gold_loss":0},{"damage_healed":0,"gold_gain":0,"player_choice":"Trade","damage_taken":0,"relics_obtained":["FaceOfCleric"],"max_hp_gain":0,"max_hp_loss":0,"event_name":"FaceTrader","floor":28,"gold_loss":0}],"is_beta":false,"boss_relics":[{"not_picked":["Coffee Dripper","Pandora\u0027s Box"],"picked":"Inserter"},{"not_picked":["Busted Crown","Tiny House"],"picked":"Sozu"}],"items_purged_floors":[],"is_endless":false,"potions_floor_spawned":[1,2,6,22,27,30,31,35],"killed_by":"3 Darklings","ascension_level":0}