{"gold_per_floor":[115,115,115,40,55,55,76,76,76,90,90,20,35,55,55,183,183,183,9,9,9,9,9,9,9,9,9,9,9,9,9,9,9],"floor_reached":33,"playtime":782,"items_purged":["Strike_B","Strike_B"],"score":263,"play_id":"3c826a50-81b6-4af3-be01-2c4f556620ca","local_time":"20190204013727","is_ascension_mode":false,"campfire_choices":[{"data":"Glacier","floor":6,"key":"SMITH"},{"floor":8,"key":"RECALL"},{"data":"Ball Lightning","floor":11,"key":"SMITH"},{"data":"Streamline","floor":15,"key":"SMITH"},{"data":"Electrodynamics","floor":23,"key":"SMITH"},{"floor":27,"key":"REST"},{"floor":32,"key":"REST"}],"neow_cost":"NONE","seed_source_timestamp":202760837468957,"circlet_count":0,"master_deck":["Strike_B","Defend_B","Defend_B","Defend_B","Defend_B","Zap+1","Dualcast","Defragment+1","Glacier+1","Ball Lightning+1","Lockon","Streamline+1","Go for the Eyes","Electrodynamics+1","Sunder","Melter","Reprogram","Conserve Battery","Ball Lightning","Ball Lightning","Leap","Leap"],"relics":["Cracked Core","Golden Idol","Ectoplasm","Lantern","Pen Nib"],"potions_floor_usage":[28,33,33,33],"damage_taken":[{"damage":6,"enemies":"Jaw Worm","floor":1,"turns":3},{"damage":1,"enemies":"Cultist","floor":5,"turns":4},{"damage":0,"enemies":"Small Slimes","floor":7,"turns":2},{"damage":5,"enemies":"Looter","floor":10,"turns":2},{"damage":0,"enemies":"Large Slime","floor":13,"turns":3},{"damage":9,"enemies":"Exordium Thugs","floor":14,"turns":4},{"damage":11,"enemies":"Slime Boss","floor":16,"turns":8},{"damage":2,"enemies":"Shell Parasite","floor":18,"turns":4},{"damage":12,"enemies":"3 Byrds","floor":21,"turns":4},{"damage":12,"enemies":"Centurion and Healer","floor":22,"turns":4},{"damage":37,"enemies":"Book of Stabbing","floor":24,"turns":6},{"damage":7,"enemies":"3 Cultists","floor":25,"turns":4},{"damage":0,"enemies":"Sentry and Sphere","floor":28,"turns":1},{"damage":13,"enemies":"Snecko","floor":29,"turns":4},{"damage":0,"enemies":"Snake Plant","floor":30,"turns":2},{"damage":5,"enemies":"Cultist and Chosen","floor":31,"turns":6},{"damage":37,"enemies":"Collector","floor":33,"turns":7}],"seed_played":"-2073450029322018930","potions_obtained":[{"floor":1,"key":"PowerPotion"},{"floor":7,"key":"Dexterity Potion"},{"floor":10,"key":"SmokeBomb"},{"floor":31,"key":"Poison Potion"}],"is_trial":false,"path_per_floor":["M","?","?","$","M","R","M","R","T","M","R","$","M","M","R","B",null,"M","$","?","M","M","R","E","M","T","R","M","M","M","M","R","B"],"character_chosen":"DEFECT","items_purchased":["Lockon","Melter"],"campfire_rested":2,"item_purchase_floors":[12,19],"current_hp_per_floor":[69,69,51,51,50,50,50,50,50,45,45,45,45,36,36,25,75,73,73,73,61,49,49,12,5,5,27,27,14,14,9,31,0],"gold":9,"neow_bonus":"UPGRADE_CARD","is_prod":false,"is_daily":false,"chose_seed":false,"campfire_upgraded":4,"win_rate":0,"timestamp":1549215447,"path_taken":["M","?","?","$","M","R","M","R","T","M","R","?","?","M","R","BOSS","M","$","?","M","?","R","E","M","T","R","M","M","M","M","R","BOSS"],"build_version":"2019-01-23","purchased_purges":2,"victory":false,"max_hp_per_floor":[75,75,75,75,75,75,75,75,75,75,75,75,75,75,75,75,75,75,75,75,75,75,75,75,75,75,75,75,75,75,75,75,75],"card_choices":[{"not_picked":["Glacier","Redo"],"picked":"Defragment","floor":1},{"not_picked":["Aggregate","Beam Cell"],"picked":"Glacier","floor":5},{"not_picked":["Auto Shields","Steam"],"picked":"Ball Lightning","floor":7},{"not_picked":["Redo","Fusion","Reprogram"],"picked":"SKIP","floor":10},{"not_picked":["Stack","Double Energy"],"picked":"Streamline","floor":13},{"not_picked":["Conserve Battery","Redo"],"picked":"Go for the Eyes","floor":14},{"not_picked":["Meteor Strike","Thunder Strike"],"picked":"Electrodynamics","floor":16},{"not_picked":["Steam Power","Consume"],"picked":"Sunder","floor":18},{"not_picked":["Redo","Compile Driver"],"picked":"Conserve Battery","floor":21},{"not_picked":["Steam","Barrage"],"picked":"Ball Lightning","floor":22},{"not_picked":["Barrage","Scrape"],"picked":"Ball Lightning","floor":24},{"not_picked":["Beam Cell","Ball Lightning+1"],"picked":"Leap","floor":25},{"not_picked":["Ball Lightning","Compile Driver","Redo"],"picked":"SKIP","floor":29},{"not_picked":["Rip and Tear+1","Storm"],"picked":"Leap","floor":30},{"not_picked":["Beam Cell","Go for the Eyes","Ball Lightning"],"picked":"SKIP","floor":31}],"player_experience":190980,"relics_obtained":[{"floor":24,"key":"Lantern"},{"floor":26,"key":"Pen Nib"}],"event_choices":[{"damage_healed":0,"gold_gain":0,"player_choice":"Grow","damage_taken":0,"max_hp_gain":0,"max_hp_loss":0,"event_name":"Living Wall","floor":2,"gold_loss":0,"cards_upgraded":["Defragment"]},{"damage_healed":0,"gold_gain":0,"player_choice":"Take Damage","damage_taken":18,"relics_obtained":["Golden Idol"],"max_hp_gain":0,"max_hp_loss":0,"event_name":"Golden Idol","floor":3,"gold_loss":0},{"damage_healed":0,"gold_gain":0,"cards_transformed":["Strike_B"],"player_choice":"Transformed","damage_taken":0,"max_hp_gain":0,"max_hp_loss":0,"event_name":"Transmorgrifier","floor":20,"gold_loss":0,"cards_obtained":["Reprogram"]}],"is_beta":false,"boss_relics":[{"not_picked":["Fusion Hammer","Calling Bell"],"picked":"Ectoplasm"}],"items_purged_floors":[4,19],"is_endless":false,"potions_floor_spawned":[1,7,10,13,24,28,31],"killed_by":"Collector","ascension_level":0}