{"gold_per_floor":[115,0,11,111,111,174,174,199,223,240,240,269,12,26,26,124,154,169,183,183,282,9,9,22,55,82,82,34,34,53,53,53,153,153,166,46,57,1056,1073,1106,1106,1106,1106,1185,1196,1212,1231,175,175,175],"floor_reached":50,"playtime":2760,"items_purged":[],"score":684,"play_id":"fed696ac-ae84-4514-9ecb-30ad656cf446","local_time":"20180705152528","is_ascension_mode":true,"campfire_choices":[{"floor":7,"key":"REST"},{"floor":11,"key":"REST"},{"floor":15,"key":"REST"},{"floor":23,"key":"REST"},{"floor":27,"key":"REST"},{"floor":32,"key":"REST"},{"floor":41,"key":"REST"},{"floor":49,"key":"REST"}],"neow_cost":"","seed_source_timestamp":13259496324588,"circlet_count":0,"master_deck":["Strike_B+1","Strike_B+1","Strike_B+1","Strike_B+1","Defend_B+1","Defend_B+1","Defend_B+1","Defend_B+1","Zap","Dualcast","Ball Lightning","Defragment+1","Melter","Chaos","Coolheaded","Double Energy","Genetic Algorithm","Gash","Go for the Eyes","Electrodynamics","Ball Lightning","Loop","Tempest","Electrodynamics","Leap","Ball Lightning+1","Ball Lightning","Conserve Battery","Storm","Seek","Auto Shields","Defragment","Gash","Ball Lightning+1","Normality","Normality","Sweeping Beam+1","Defragment","Writhe","Undo","Force Field+1","Multi-Cast","Tempest","Gash"],"relics":["Cracked Core","Tiny Chest","Boot","Orichalcum","Lantern","Darkstone Periapt","Tiny House","Cables","Vajra","Ancient Tea Set","Symbiotic Virus","Black Star","Bottled Lightning","Toolbox","Bag of Preparation","Smiling Mask","Mummified Hand","Sundial","Bottled Flame"],"potions_floor_usage":[8,8,25,25,33,39,40,46,50],"damage_taken":[{"damage":1,"enemies":"Cultist","floor":1,"turns":3},{"damage":7,"enemies":"Jaw Worm","floor":3,"turns":3},{"damage":36,"enemies":"3 Sentries","floor":6,"turns":5},{"damage":14,"enemies":"Gremlin Nob","floor":8,"turns":3},{"damage":0,"enemies":"Small Slimes","floor":10,"turns":3},{"damage":7,"enemies":"3 Sentries","floor":12,"turns":6},{"damage":13,"enemies":"2 Fungi Beasts","floor":14,"turns":3},{"damage":26,"enemies":"The Guardian","floor":16,"turns":12},{"damage":30,"enemies":"Chosen","floor":18,"turns":4},{"damage":6,"enemies":"Spheric Guardian","floor":19,"turns":3},{"damage":20,"enemies":"Slaver and Parasite","floor":24,"turns":4},{"damage":9,"enemies":"Gremlin Leader","floor":25,"turns":4},{"damage":7,"enemies":"Snake Plant","floor":30,"turns":3},{"damage":51,"enemies":"Collector","floor":33,"turns":6},{"damage":21,"enemies":"Orb Walker","floor":35,"turns":3},{"damage":12,"enemies":"3 Darklings","floor":37,"turns":2},{"damage":3,"enemies":"Sphere and 2 Shapes","floor":39,"turns":3},{"damage":37,"enemies":"Nemesis","floor":40,"turns":5},{"damage":12,"enemies":"4 Shapes","floor":45,"turns":2},{"damage":29,"enemies":"3 Darklings","floor":46,"turns":4},{"damage":0,"enemies":"Sphere and 2 Shapes","floor":47,"turns":2},{"damage":80,"enemies":"Time Eater","floor":50,"turns":8}],"seed_played":"-7287616154122580043","potions_obtained":[{"floor":3,"key":"GamblersBrew"},{"floor":6,"key":"Fire Potion"},{"floor":12,"key":"SteroidPotion"},{"floor":17,"key":"FairyPotion"},{"floor":19,"key":"Swift Potion"},{"floor":24,"key":"Block Potion"},{"floor":25,"key":"SpeedPotion"},{"floor":33,"key":"Poison Potion"},{"floor":37,"key":"EssenceOfSteel"},{"floor":40,"key":"SpeedPotion"},{"floor":46,"key":"LiquidBronze"}],"is_trial":false,"path_per_floor":["M","$","M","?","?","E","R","E","T","M","R","E","$","M","R","B",null,"M","M","?","?","$","R","M","E","T","R","$","T","M","?","R","B",null,"M","$","M","?","M","E","R","?","T","T","M","M","M","$","R"],"character_chosen":"DEFECT","items_purchased":["Defragment","Melter","Darkstone Periapt","Cables","Leap","Conserve Battery","Defragment","Gash","Mummified Hand","Multi-Cast","Sundial","Tempest","Gash","Bottled Flame"],"campfire_rested":8,"item_purchase_floors":[2,2,13,22,22,28,36,36,48,48,48,48,48,48],"current_hp_per_floor":[74,74,67,67,67,31,53,39,39,39,61,54,54,41,63,37,80,50,44,44,44,44,68,48,39,39,63,63,63,56,56,80,29,80,59,59,47,59,56,19,46,75,75,75,63,34,34,34,63,0],"gold":175,"neow_bonus":"","is_prod":false,"is_daily":false,"chose_seed":false,"campfire_upgraded":0,"win_rate":0,"timestamp":1530818728,"path_taken":["M","$","M","?","?","E","R","E","T","?","R","E","$","?","R","BOSS","M","M","?","?","$","R","M","E","T","R","$","?","?","?","R","BOSS","M","$","M","?","?","E","R","?","T","?","?","M","M","$","R","BOSS"],"build_version":"2018-06-28","purchased_purges":0,"victory":false,"max_hp_per_floor":[75,75,75,75,75,75,75,75,75,75,75,75,75,75,75,75,80,80,80,80,80,80,80,80,80,80,80,80,80,80,80,80,80,80,80,80,80,92,92,92,92,98,98,98,98,98,98,98,98,98],"card_choices":[{"not_picked":["Sweeping Beam","Steam"],"picked":"Ball Lightning","floor":1},{"not_picked":["Beam Cell","Ball Lightning"],"picked":"Chaos","floor":3},{"not_picked":["FTL","Ball Lightning"],"picked":"Coolheaded","floor":6},{"not_picked":["Hologram","Gash"],"picked":"Double Energy","floor":8},{"not_picked":["Conserve Battery","Stack"],"picked":"Genetic Algorithm","floor":10},{"not_picked":["All For One","Lockon"],"picked":"Gash","floor":12},{"not_picked":["Cold Snap","Beam Cell"],"picked":"Go for the Eyes","floor":14},{"not_picked":["Core Surge","Buffer"],"picked":"Electrodynamics","floor":16},{"not_picked":["Leap","Barrage"],"picked":"Ball Lightning","floor":17},{"not_picked":["Rebound","Coolheaded"],"picked":"Loop","floor":18},{"not_picked":["Melter","Turbo"],"picked":"Tempest","floor":19},{"not_picked":["Conserve Battery+1","Sunder"],"picked":"Ball Lightning+1","floor":24},{"not_picked":["Scrape","Turbo"],"picked":"Ball Lightning","floor":25},{"not_picked":["Stack","Barrage"],"picked":"Storm","floor":30},{"not_picked":["Reboot","Biased Cognition"],"picked":"Seek","floor":33},{"not_picked":["Aggregate","Compile Driver+1"],"picked":"Auto Shields","floor":35},{"not_picked":["Skim","Redo"],"picked":"Ball Lightning+1","floor":37},{"not_picked":["Coolheaded","Lockon+1"],"picked":"Sweeping Beam+1","floor":39},{"not_picked":["Go for the Eyes","Rip and Tear+1"],"picked":"Defragment","floor":40},{"not_picked":["Coolheaded+1","Streamline+1"],"picked":"Undo","floor":45},{"not_picked":["Barrage+1","Streamline+1","Beam Cell"],"picked":"SKIP","floor":46},{"not_picked":["Hello World+1","Coolheaded+1"],"picked":"Force Field+1","floor":47}],"player_experience":231680,"relics_obtained":[{"floor":6,"key":"Tiny Chest"},{"floor":8,"key":"Boot"},{"floor":9,"key":"Orichalcum"},{"floor":12,"key":"Lantern"},{"floor":25,"key":"Vajra"},{"floor":26,"key":"Ancient Tea Set"},{"floor":29,"key":"Symbiotic Virus"},{"floor":40,"key":"Bottled Lightning"},{"floor":40,"key":"Toolbox"},{"floor":43,"key":"Bag of Preparation"},{"floor":44,"key":"Smiling Mask"}],"event_choices":[{"event_name":"Wheel of Change","player_choice":"Gold","floor":4,"damage_taken":0},{"event_name":"The Cleric","player_choice":"Leave","floor":5,"damage_taken":0},{"event_name":"The Library","player_choice":"Read","floor":20,"damage_taken":0},{"event_name":"Nest","player_choice":"Stole From Cult","floor":21,"damage_taken":0},{"event_name":"Back to Basics","player_choice":"Simplicity","floor":31,"damage_taken":0},{"event_name":"MindBloom","player_choice":"Gold","floor":38,"damage_taken":0},{"event_name":"Winding Halls","player_choice":"Writhe","floor":42,"damage_taken":0}],"boss_relics":[{"not_picked":["Eternal Feather","Snecko Eye"],"picked":"Tiny House"},{"not_picked":["White Beast Statue","Runic Pyramid"],"picked":"Black Star"}],"items_purged_floors":[],"is_endless":false,"potions_floor_spawned":[3,6,12,19,24,25,33,37,40,46],"killed_by":"Time Eater","ascension_level":3}