{"gold_per_floor":[219,219,91,109,109,137,137,148,148,148,160,160,175,3,3,99,99,116,116,131,6,6,6,34,34,61,61,73,172,185,196,196,293,293,310,17,30,30,0,0,28,47,124,124],"floor_reached":44,"playtime":4318,"items_purged":["Strike_B","Strike_B","Gash","Strike_B"],"score":708,"play_id":"dce676c7-fea9-4ba4-854f-bdaebd4010ea","local_time":"20180807184207","is_ascension_mode":true,"campfire_choices":[{"floor":7.0,"key":"REST"},{"data":"Ball Lightning","floor":10.0,"key":"SMITH"},{"floor":12.0,"key":"REST"},{"data":"Thunder Strike","floor":15.0,"key":"SMITH"},{"floor":23.0,"key":"REST"},{"floor":27.0,"key":"REST"},{"floor":32.0,"key":"REST"},{"data":"Echo Form","floor":40.0,"key":"SMITH"}],"neow_cost":"NONE","seed_source_timestamp":88584407793137,"circlet_count":0,"master_deck":["Strike_B","Defend_B","Defend_B","Defend_B","Defend_B","Zap","Dualcast","Hologram","Ball Lightning+1","Consume","Hologram","White Noise","Auto Shields","Thunder Strike+1","Echo Form+1","Leap+1","Conserve Battery+1","Streamline+1","Tempest+1","Creative AI","Gash","Zap"],"special_seed":0,"relics":["Cracked Core","Regal Pillow","Orichalcum","Question Card","Snecko Eye","Potion Belt","Blood Vial","Inserter","DataDisk","Red Mask","Singing Bowl","Toxic Egg 2"],"potions_floor_usage":[44],"damage_taken":[{"damage":4.0,"enemies":"Small Slimes","floor":1.0,"turns":4.0},{"damage":4.0,"enemies":"2 Louse","floor":4.0,"turns":2.0},{"damage":27.0,"enemies":"Lagavulin","floor":6.0,"turns":5.0},{"damage":1.0,"enemies":"Cultist","floor":8.0,"turns":3.0},{"damage":34.0,"enemies":"Lots of Slimes","floor":11.0,"turns":4.0},{"damage":15.0,"enemies":"Exordium Wildlife","floor":13.0,"turns":3.0},{"damage":20.0,"enemies":"Slime Boss","floor":16.0,"turns":6.0},{"damage":13.0,"enemies":"Spheric Guardian","floor":18.0,"turns":4.0},{"damage":17.0,"enemies":"2 Thieves","floor":20.0,"turns":3.0},{"damage":37.0,"enemies":"Gremlin Leader","floor":24.0,"turns":4.0},{"damage":19.0,"enemies":"Snake Plant","floor":28.0,"turns":4.0},{"damage":12.0,"enemies":"Centurion and Healer","floor":30.0,"turns":6.0},{"damage":33.0,"enemies":"Chosen and Byrds","floor":31.0,"turns":6.0},{"damage":0.0,"enemies":"Collector","floor":33.0,"turns":8.0},{"damage":0.0,"enemies":"3 Shapes","floor":35.0,"turns":3.0},{"damage":4.0,"enemies":"Orb Walker","floor":37.0,"turns":3.0},{"damage":21.0,"enemies":"Nemesis","floor":41.0,"turns":5.0},{"damage":34.0,"enemies":"3 Darklings","floor":42.0,"turns":5.0}],"seed_played":"-2795653061657006596","potions_obtained":[{"floor":6.0,"key":"Block Potion"},{"floor":8.0,"key":"Weak Potion"},{"floor":18.0,"key":"Strength Potion"},{"floor":28.0,"key":"Swift Potion"},{"floor":33.0,"key":"Dexterity Potion"},{"floor":37.0,"key":"Block Potion"},{"floor":42.0,"key":"Energy Potion"}],"is_trial":false,"path_per_floor":["M","?","$","M","?","E","R","M","T","R","M","R","M","$","R","B",null,"M","$","M","$","?","R","E","$","T","R","M","?","M","M","R","B",null,"M","$","M","?","?","R","E","M","T"],"character_chosen":"DEFECT","items_purchased":["Ball Lightning","Thunder Strike","DataDisk"],"campfire_rested":5,"item_purchase_floors":[3,14,36],"current_hp_per_floor":[64,64,64,60,57,30,67,66,66,66,32,69,54,54,54,41,67,61,61,44,44,44,75,38,38,38,75,56,56,46,15,52,54,70,72,72,70,70,70,70,53,23,23,0],"gold":124,"neow_bonus":"HUNDRED_GOLD","is_prod":false,"is_daily":false,"chose_seed":false,"campfire_upgraded":3,"win_rate":0,"timestamp":1533681727,"path_taken":["M","?","$","M","?","E","R","M","T","R","?","R","M","$","R","BOSS","M","$","?","$","?","R","E","$","T","R","M","?","M","M","R","BOSS","M","?","M","?","?","R","E","M","T","?"],"build_version":"2018-08-02","purchased_purges":4,"victory":false,"max_hp_per_floor":[75,75,75,75,75,75,75,75,75,75,75,75,75,75,75,75,75,75,75,75,75,75,75,75,75,75,75,75,75,75,75,75,75,75,75,75,75,75,75,75,77,79,79,79],"card_choices":[{"not_picked":["Leap","Go for the Eyes"],"picked":"Hologram","floor":1.0},{"not_picked":["Streamline","Heatsinks"],"picked":"Gash","floor":4.0},{"not_picked":["Redo","Hologram"],"picked":"Consume","floor":6.0},{"not_picked":["Go for the Eyes","Steam"],"picked":"Hologram","floor":8.0},{"not_picked":["Compile Driver","Ball Lightning","Hologram"],"picked":"White Noise","floor":11.0},{"not_picked":["Go for the Eyes","Scrape","Redo"],"picked":"Auto Shields","floor":13.0},{"not_picked":["Thunder Strike","Rainbow","Amplify"],"picked":"Echo Form","floor":16.0},{"not_picked":["Go for the Eyes","Steam","Genetic Algorithm+1","Reprogram+1"],"picked":"SKIP","floor":18.0},{"not_picked":["Lockon","Conserve Battery","Sweeping Beam"],"picked":"Leap+1","floor":20.0},{"not_picked":["Compile Driver","Lockon","Cold Snap","Hyperbeam"],"picked":"SKIP","floor":24.0},{"not_picked":["Leap","Stack","Steam"],"picked":"Conserve Battery+1","floor":28.0},{"not_picked":["Steam","Steam Power","Consume"],"picked":"Streamline+1","floor":30.0},{"not_picked":["Turbo","Redo","Blizzard"],"picked":"Tempest+1","floor":31.0},{"not_picked":["Machine Learning","Buffer","Meteor Strike"],"picked":"Creative AI","floor":33.0},{"not_picked":["Hologram+1","Reinforced Body","FTL","Rebound"],"picked":"SKIP","floor":35.0},{"not_picked":["Barrage","Go for the Eyes","Streamline","Conserve Battery"],"picked":"SKIP","floor":37.0},{"not_picked":["Auto Shields","Core Surge","Doom and Gloom+1","Sweeping Beam"],"picked":"Singing Bowl","floor":41.0},{"not_picked":["Double Energy","Go for the Eyes","Barrage+1","Streamline"],"picked":"Singing Bowl","floor":42.0}],"player_experience":657929,"relics_obtained":[{"floor":6.0,"key":"Orichalcum"},{"floor":9.0,"key":"Question Card"},{"floor":24.0,"key":"Potion Belt"},{"floor":26.0,"key":"Blood Vial"},{"floor":41.0,"key":"Singing Bowl"},{"floor":43.0,"key":"Toxic Egg 2"}],"event_choices":[{"event_name":"Shining Light","player_choice":"Ignored","floor":2.0,"damage_taken":0.0},{"event_name":"Scrap Ooze","player_choice":"success","floor":5.0,"damage_taken":3.0},{"event_name":"Drug Dealer","player_choice":"Ignored","floor":22.0,"damage_taken":0.0},{"event_name":"Nest","player_choice":"Stole From Cult","floor":29.0,"damage_taken":0.0},{"event_name":"Match and Keep!","player_choice":"2 cards matched","floor":38.0,"damage_taken":0.0},{"event_name":"Tomb of Lord Red Mask","player_choice":"Paid","floor":39.0,"damage_taken":0.0}],"is_beta":false,"boss_relics":[{"not_picked":["White Beast Statue","Calling Bell"],"picked":"Snecko Eye"},{"not_picked":["Pandora\u0027s Box","Busted Crown"],"picked":"Inserter"}],"items_purged_floors":[3,14,21,36],"is_endless":false,"potions_floor_spawned":[6,8,18,28,33,37,42],"killed_by":"4 Shapes","ascension_level":8}