{"gold_per_floor":[114,114,129,129,144,144,159,219,244,244,259,289,304,304,304,404,404,419,518,543,540,552],"floor_reached":22,"playtime":2211,"items_purged":[],"score":206,"play_id":"af8d8117-2a42-480a-a1de-a8cdbf1e6771","local_time":"20190204200615","daily_mods":["Specialized","ControlledChaos","DeadlyEvents"],"is_ascension_mode":false,"campfire_choices":[{"floor":6,"key":"REST"},{"floor":10,"key":"REST"},{"floor":15,"key":"REST"}],"neow_cost":"","seed_source_timestamp":0,"circlet_count":0,"master_deck":["Defend_G","Defend_G","Defend_G","Defend_G","Defend_G","Strike_G","Strike_G","Strike_G","Strike_G","Strike_G","Survivor","Neutralize","Wraith Form v2","Wraith Form v2","Distraction","Dagger Spray","Pain","Dagger Throw","Distraction","A Thousand Cuts","Backflip","Bouncing Flask","Quick Slash","Dagger Throw","After Image","Setup+1","Endless Agony+1","Deflect+1","Prepared","Outmaneuver+1","Slice"],"special_seed":17932,"relics":["Ring of the Snake","Frozen Eye","WarpedTongs","Tiny Chest","PreservedInsect","Prayer Wheel","Astrolabe","MawBank"],"potions_floor_usage":[3,8,14,14,14],"damage_taken":[{"damage":6,"enemies":"2 Louse","floor":1,"turns":5},{"damage":10,"enemies":"Cultist","floor":3,"turns":5},{"damage":1,"enemies":"Jaw Worm","floor":5,"turns":5},{"damage":18,"enemies":"Exordium Wildlife","floor":7,"turns":6},{"damage":13,"enemies":"3 Sentries","floor":8,"turns":7},{"damage":16,"enemies":"Looter","floor":11,"turns":2},{"damage":19,"enemies":"Lagavulin","floor":12,"turns":6},{"damage":8,"enemies":"Red Slaver","floor":13,"turns":2},{"damage":3,"enemies":"Gremlin Nob","floor":14,"turns":5},{"damage":19,"enemies":"Slime Boss","floor":16,"turns":7},{"damage":18,"enemies":"Chosen","floor":18,"turns":5},{"damage":3,"enemies":"2 Thieves","floor":21,"turns":4},{"damage":56,"enemies":"Slavers","floor":22,"turns":3}],"seed_played":"-4750178062839727014","potions_obtained":[{"floor":1,"key":"Weak Potion"},{"floor":2,"key":"Ancient Potion"},{"floor":2,"key":"SteroidPotion"},{"floor":2,"key":"SpeedPotion"},{"floor":5,"key":"SmokeBomb"},{"floor":11,"key":"Weak Potion"},{"floor":12,"key":"GamblersBrew"}],"is_trial":false,"path_per_floor":["M","?","M","?","M","R","M","E","T","R","M","E","M","E","R","B",null,"M","?","T","M","E"],"character_chosen":"THE_SILENT","items_purchased":[],"campfire_rested":3,"item_purchase_floors":[],"current_hp_per_floor":[64,64,54,54,53,70,52,39,39,60,44,25,17,14,35,16,70,52,52,52,49,0],"gold":552,"neow_bonus":"","is_prod":false,"is_daily":true,"chose_seed":false,"campfire_upgraded":0,"win_rate":0,"timestamp":1549328775,"path_taken":["M","?","?","?","M","R","M","?","T","R","M","E","?","?","R","BOSS","M","?","?","M","?"],"build_version":"2019-01-23","purchased_purges":0,"victory":false,"max_hp_per_floor":[70,70,70,70,70,70,70,70,70,70,70,70,70,70,70,70,70,70,70,70,70,70],"card_choices":[{"not_picked":["Terror","Dash"],"picked":"Distraction","floor":1},{"not_picked":["Prepared","Flechettes"],"picked":"Dagger Spray","floor":3},{"not_picked":["Acrobatics","Terror"],"picked":"Dagger Throw","floor":5},{"not_picked":["Endless Agony","PiercingWail"],"picked":"Distraction","floor":7},{"not_picked":["Poisoned Stab","Dodge and Roll"],"picked":"A Thousand Cuts","floor":8},{"not_picked":["Reflex","Blade Dance"],"picked":"Backflip","floor":11},{"not_picked":["Quick Slash","Bane"],"picked":"Bouncing Flask","floor":12},{"not_picked":["Flying Knee","Cloak And Dagger"],"picked":"Quick Slash","floor":13},{"not_picked":["Glass Knife","Caltrops"],"picked":"Dagger Throw","floor":13},{"not_picked":["Unload","Burst"],"picked":"After Image","floor":16},{"not_picked":["Dash","Dagger Throw"],"picked":"Prepared","floor":18},{"not_picked":["Terror","Infinite Blades"],"picked":"Outmaneuver+1","floor":18},{"not_picked":["Tools of the Trade","Acrobatics+1"],"picked":"Slice","floor":21},{"not_picked":["Underhanded Strike","Bane","Blur"],"picked":"SKIP","floor":21}],"player_experience":950797,"relics_obtained":[{"floor":8,"key":"Tiny Chest"},{"floor":9,"key":"PreservedInsect"},{"floor":12,"key":"Prayer Wheel"},{"floor":20,"key":"MawBank"}],"event_choices":[{"damage_healed":0,"gold_gain":0,"player_choice":"Got Potions","damage_taken":0,"max_hp_gain":0,"max_hp_loss":0,"event_name":"Lab","floor":2,"gold_loss":0},{"damage_healed":0,"gold_gain":0,"player_choice":"Rummage","damage_taken":0,"relics_obtained":["WarpedTongs"],"max_hp_gain":0,"max_hp_loss":0,"event_name":"Accursed Blacksmith","floor":4,"gold_loss":0,"cards_obtained":["Pain"]},{"damage_healed":0,"gold_gain":99,"player_choice":"Stole From Cult","damage_taken":0,"max_hp_gain":0,"max_hp_loss":0,"event_name":"Nest","floor":19,"gold_loss":0}],"is_beta":false,"boss_relics":[{"not_picked":["Fusion Hammer","WristBlade"],"picked":"Astrolabe"}],"items_purged_floors":[],"is_endless":false,"potions_floor_spawned":[1,5,11,12],"killed_by":"Slavers","ascension_level":0}