{"gold_per_floor":[110,25,39,39,56,117,117,134,158,177,177,202,202,216,216,313,313,332,89,89,124,124,124,151,176,176,192,192,202,236,3,3,108,108,125,144,43,62,78,78,91,91,91,91,110,121,121,137,137,137],"floor_reached":51,"playtime":1880,"items_purged":[],"score":799,"play_id":"e68b6cdd-301b-4543-8fbb-667ef29b9ec2","local_time":"20181224233206","is_ascension_mode":false,"campfire_choices":[{"data":"Dualcast","floor":7.0,"key":"SMITH"},{"data":"Zap","floor":11.0,"key":"SMITH"},{"data":"Ball Lightning","floor":15.0,"key":"SMITH"},{"floor":23.0,"key":"REST"},{"data":"Thunder Strike","floor":28.0,"key":"SMITH"},{"floor":32.0,"key":"REST"},{"data":"Defragment","floor":40.0,"key":"SMITH"},{"data":"Defragment","floor":42.0,"key":"SMITH"},{"data":"Capacitor","floor":47.0,"key":"SMITH"},{"floor":49.0,"key":"REST"}],"neow_cost":"NONE","seed_source_timestamp":12510337597960,"circlet_count":0,"master_deck":["Strike_B","Strike_B","Strike_B","Strike_B","Defend_B","Defend_B","Defend_B","Zap+1","Dualcast+1","Go for the Eyes","Conserve Battery","Undo","Chill","Capacitor+1","Ball Lightning+1","Thunder Strike+1","Auto Shields","Sunder+1","Fusion+1","Defragment+1","Stack+1","Defragment+1","Ball Lightning+1","Glacier","Glacier+1","Blizzard+1","Defragment+1"],"special_seed":0,"relics":["Cracked Core","DataDisk","Tiny Chest","Orichalcum","Ancient Tea Set","White Beast Statue","Membership Card","Red Mask","Gambling Chip","Peace Pipe","Regal Pillow","Singing Bowl","Dream Catcher","Prayer Wheel","Philosopher\u0027s Stone","Runic Capacitor","Ginger","Mummified Hand"],"potions_floor_usage":[50,50,50],"damage_taken":[{"damage":0.0,"enemies":"Small Slimes","floor":1.0,"turns":2.0},{"damage":0.0,"enemies":"Cultist","floor":3.0,"turns":3.0},{"damage":0.0,"enemies":"2 Louse","floor":5.0,"turns":3.0},{"damage":11.0,"enemies":"Lagavulin","floor":6.0,"turns":8.0},{"damage":0.0,"enemies":"Blue Slaver","floor":8.0,"turns":3.0},{"damage":0.0,"enemies":"Looter","floor":10.0,"turns":3.0},{"damage":11.0,"enemies":"Gremlin Nob","floor":12.0,"turns":4.0},{"damage":1.0,"enemies":"Exordium Thugs","floor":14.0,"turns":3.0},{"damage":19.0,"enemies":"Hexaghost","floor":16.0,"turns":10.0},{"damage":2.0,"enemies":"3 Byrds","floor":18.0,"turns":6.0},{"damage":37.0,"enemies":"Masked Bandits","floor":21.0,"turns":5.0},{"damage":14.0,"enemies":"Gremlin Leader","floor":24.0,"turns":10.0},{"damage":2.0,"enemies":"Spheric Guardian","floor":27.0,"turns":4.0},{"damage":1.0,"enemies":"3 Cultists","floor":29.0,"turns":6.0},{"damage":19.0,"enemies":"Book of Stabbing","floor":30.0,"turns":7.0},{"damage":44.0,"enemies":"Automaton","floor":33.0,"turns":11.0},{"damage":1.0,"enemies":"3 Shapes","floor":35.0,"turns":7.0},{"damage":8.0,"enemies":"3 Darklings","floor":36.0,"turns":7.0},{"damage":11.0,"enemies":"Transient","floor":38.0,"turns":5.0},{"damage":10.0,"enemies":"Jaw Worm Horde","floor":39.0,"turns":7.0},{"damage":3.0,"enemies":"Sphere and 2 Shapes","floor":41.0,"turns":5.0},{"damage":0.0,"enemies":"4 Shapes","floor":45.0,"turns":7.0},{"damage":2.0,"enemies":"Spire Growth","floor":46.0,"turns":6.0},{"damage":0.0,"enemies":"Transient","floor":48.0,"turns":5.0},{"damage":0,"enemies":"Donu and Deca","floor":50,"turns":9}],"seed_played":"4426010373359440064","potions_obtained":[{"floor":1.0,"key":"Regen Potion"},{"floor":6.0,"key":"Dexterity Potion"},{"floor":10.0,"key":"FocusPotion"},{"floor":18.0,"key":"FocusPotion"},{"floor":24.0,"key":"Fruit Juice"},{"floor":27.0,"key":"EntropicBrew"}],"is_trial":false,"path_per_floor":["M","$","M","?","M","E","R","M","T","M","R","E","?","M","R","B",null,"M","$","?","?","T","R","E","T","T","M","R","M","E","$","R","B",null,"M","M","$","M","M","R","M","R","T","T","M","M","R","M","R","B",null],"character_chosen":"DEFECT","items_purchased":["Conserve Battery","Undo","Membership Card","Auto Shields","Defragment","Prayer Wheel","FocusPotion","Runic Capacitor"],"campfire_rested":3,"item_purchase_floors":[2,2,19,19,31,31,31,37],"current_hp_per_floor":[75,75,75,75,75,64,64,64,64,64,64,53,46,45,45,26,75,73,73,73,36,36,58,49,49,49,47,47,48,29,29,70,28,86,85,81,81,70,64,64,63,63,63,63,65,67,67,69,106,106],"gold":137,"neow_bonus":"RANDOM_COMMON_RELIC","is_prod":false,"is_daily":false,"chose_seed":false,"campfire_upgraded":7,"win_rate":0,"timestamp":1545694326,"path_taken":["M","$","M","?","?","E","R","?","T","M","R","E","?","?","R","BOSS","M","$","?","?","?","R","E","?","T","M","R","M","E","?","R","BOSS","M","M","$","M","M","R","M","R","T","?","M","?","R","M","R","BOSS"],"build_version":"2018-12-20","purchased_purges":0,"victory":true,"max_hp_per_floor":[75,75,75,75,75,75,75,75,75,75,75,75,75,75,75,75,75,75,75,75,75,75,75,80,80,80,80,80,82,82,82,84,86,86,86,90,90,90,94,94,96,96,96,96,98,102,102,104,106,106],"card_choices":[{"not_picked":["Sunder","Turbo"],"picked":"Go for the Eyes","floor":1.0},{"not_picked":["Streamline","Storm","Beam Cell"],"picked":"SKIP","floor":3.0},{"not_picked":["Cold Snap","Coolheaded","Streamline"],"picked":"SKIP","floor":5.0},{"not_picked":["Hyperbeam","Auto Shields"],"picked":"Chill","floor":6.0},{"not_picked":["Reinforced Body","Recycle"],"picked":"Capacitor","floor":8.0},{"not_picked":["Leap","Gash"],"picked":"Ball Lightning","floor":10.0},{"not_picked":["Hologram","Leap","Turbo"],"picked":"SKIP","floor":12.0},{"not_picked":["Blizzard","Cold Snap","Undo"],"picked":"SKIP","floor":14.0},{"not_picked":["Fission","Multi-Cast"],"picked":"Thunder Strike","floor":16.0},{"not_picked":["Aggregate","Barrage","Undo"],"picked":"SKIP","floor":18.0},{"not_picked":["Storm","Skim+1","Hologram"],"picked":"SKIP","floor":24.0},{"not_picked":["Rip and Tear","Gash"],"picked":"Sunder+1","floor":27.0},{"not_picked":["Amplify","Gash","Hologram"],"picked":"Singing Bowl","floor":29.0},{"not_picked":["Go for the Eyes","Streamline"],"picked":"Fusion+1","floor":30.0},{"not_picked":["Machine Learning","Leap","Undo"],"picked":"Singing Bowl","floor":32.0},{"not_picked":["Biased Cognition","Reboot","Machine Learning"],"picked":"Singing Bowl","floor":33.0},{"not_picked":["Steam","Gash+1"],"picked":"Stack+1","floor":35.0},{"not_picked":["Coolheaded+1","Hologram+1"],"picked":"Defragment","floor":35.0},{"not_picked":["Self Repair","Leap+1","Sweeping Beam+1"],"picked":"Singing Bowl","floor":36.0},{"not_picked":["Force Field+1","Scrape","Skim+1"],"picked":"Singing Bowl","floor":36.0},{"not_picked":["Rebound","Sweeping Beam"],"picked":"Ball Lightning+1","floor":38.0},{"not_picked":["Streamline+1","Storm"],"picked":"Glacier","floor":38.0},{"not_picked":["Conserve Battery","Steam Power+1","Multi-Cast"],"picked":"Singing Bowl","floor":39.0},{"not_picked":["Double Energy+1","Leap","Steam+1"],"picked":"Singing Bowl","floor":39.0},{"not_picked":["Blizzard+1","Heatsinks"],"picked":"Glacier+1","floor":41.0},{"not_picked":["Redo+1","White Noise","Leap+1"],"picked":"Singing Bowl","floor":41.0},{"not_picked":["Conserve Battery+1","Compile Driver+1","Hyperbeam"],"picked":"Singing Bowl","floor":45.0},{"not_picked":["Streamline+1","Glacier+1"],"picked":"Blizzard+1","floor":45.0},{"not_picked":["Genetic Algorithm+1","Hologram+1","Beam Cell+1"],"picked":"Singing Bowl","floor":46.0},{"not_picked":["Steam","Cold Snap","Force Field+1"],"picked":"Singing Bowl","floor":46.0},{"not_picked":["Reinforced Body+1","Ball Lightning","Beam Cell+1"],"picked":"Singing Bowl","floor":48.0},{"not_picked":["Steam","Barrage+1"],"picked":"Defragment+1","floor":48.0},{"not_picked":["Steam","Meteor Strike","BootSequence"],"picked":"Singing Bowl","floor":49.0}],"player_experience":913759,"relics_obtained":[{"floor":6.0,"key":"Tiny Chest"},{"floor":9.0,"key":"Orichalcum"},{"floor":12.0,"key":"Ancient Tea Set"},{"floor":21.0,"key":"Red Mask"},{"floor":22.0,"key":"Gambling Chip"},{"floor":24.0,"key":"Peace Pipe"},{"floor":25.0,"key":"Regal Pillow"},{"floor":26.0,"key":"Singing Bowl"},{"floor":30.0,"key":"Dream Catcher"},{"floor":43.0,"key":"Ginger"},{"floor":44.0,"key":"Mummified Hand"}],"event_choices":[{"cards_removed":["Defend_B"],"damage_healed":0.0,"max_hp_gain":0.0,"max_hp_loss":0.0,"gold_gain":0.0,"event_name":"Purifier","player_choice":"Purged","floor":4.0,"gold_loss":0.0,"damage_taken":0.0},{"damage_healed":0.0,"max_hp_gain":0.0,"max_hp_loss":0.0,"gold_gain":0.0,"event_name":"Wheel of Change","player_choice":"Damaged","floor":13.0,"gold_loss":0.0,"damage_taken":7.0},{"damage_healed":0.0,"max_hp_gain":0.0,"max_hp_loss":0.0,"gold_gain":0.0,"event_name":"Masked Bandits","player_choice":"Fought Bandits","floor":21.0,"gold_loss":0.0,"damage_taken":0.0}],"is_beta":false,"boss_relics":[{"not_picked":["Velvet Choker","Coffee Dripper"],"picked":"White Beast Statue"},{"not_picked":["Snecko Eye","Tiny House"],"picked":"Philosopher\u0027s Stone"}],"items_purged_floors":[],"is_endless":false,"potions_floor_spawned":[1,6,10,18,21,24,27,29,30,33,35,36,38,39,41,45,46,48],"ascension_level":0}