{"gold_per_floor":[110,120,133,152,165,196,196,95,95,115,115,180,192,192,192,321,321,341,341,365,189,189,189,224,239,239,258,292,315,340,358,358,481,481,500,833,851,851,867,867,887,899,924,507,519,10,10,10,10,10,10,10,10,36,36],"floor_reached":55,"playtime":5363,"items_purged":["Strike_R","Writhe","Strike_R","Sever Soul+1"],"score":755,"play_id":"a1484b4e-3616-4516-ad91-c8628fc5c3c2","local_time":"20181120004144","is_ascension_mode":false,"campfire_choices":[{"data":"Whirlwind","floor":7,"key":"SMITH"},{"data":"Uppercut","floor":11,"key":"SMITH"},{"data":"True Grit","floor":15,"key":"SMITH"},{"data":"Limit Break","floor":23,"key":"SMITH"},{"floor":32,"key":"REST"},{"data":"Inflame","floor":40,"key":"SMITH"},{"floor":47,"key":"REST"},{"floor":49,"key":"RECALL"},{"data":"Inflame","floor":52,"key":"SMITH"}],"neow_cost":"NONE","seed_source_timestamp":367273379534634,"circlet_count":0,"master_deck":["Defend_R","Defend_R","Defend_R","Defend_R","Bash+1","Carnage","Clothesline","Whirlwind+1","Uppercut+1","Shrug It Off","Shrug It Off","Headbutt","Inflame+1","True Grit+1","Limit Break+1","Warcry","Inflame+1","Headbutt","Shrug It Off","Offering+1","Headbutt+1","Hemokinesis+1","True Grit+1","Armaments+1","Thunderclap","Apotheosis+1","Shrug It Off+1","Spot Weakness+1","Entrench+1","Inflame"],"relics":["Burning Blood","Darkstone Periapt","Orichalcum","Tiny Chest","Busted Crown","Pear","Ice Cream","Paper Frog","Toxic Egg 2","Astrolabe","Membership Card","Bottled Tornado","Mercury Hourglass"],"potions_floor_usage":[6,16,28,28,33,33,45,50,50,50,54,55,55,55],"damage_taken":[{"damage":4,"enemies":"Small Slimes","floor":1,"turns":4},{"damage":7,"enemies":"2 Louse","floor":2,"turns":2},{"damage":3,"enemies":"Jaw Worm","floor":3,"turns":3},{"damage":17,"enemies":"Lots of Slimes","floor":4,"turns":6},{"damage":17,"enemies":"Exordium Thugs","floor":5,"turns":4},{"damage":29,"enemies":"3 Sentries","floor":6,"turns":7},{"damage":0,"enemies":"3 Louse","floor":10,"turns":1},{"damage":15,"enemies":"Lagavulin","floor":12,"turns":7},{"damage":7,"enemies":"Red Slaver","floor":13,"turns":3},{"damage":15,"enemies":"The Guardian","floor":16,"turns":12},{"damage":11,"enemies":"2 Thieves","floor":18,"turns":4},{"damage":4,"enemies":"Chosen","floor":20,"turns":3},{"damage":20,"enemies":"Book of Stabbing","floor":24,"turns":5},{"damage":4,"enemies":"Centurion and Healer","floor":25,"turns":4},{"damage":12,"enemies":"Snake Plant","floor":27,"turns":4},{"damage":15,"enemies":"Gremlin Leader","floor":28,"turns":7},{"damage":14,"enemies":"Sentry and Sphere","floor":29,"turns":4},{"damage":6,"enemies":"Centurion and Healer","floor":30,"turns":6},{"damage":12,"enemies":"Snake Plant","floor":31,"turns":4},{"damage":61,"enemies":"Collector","floor":33,"turns":9},{"damage":8,"enemies":"3 Shapes","floor":35,"turns":6},{"damage":10,"enemies":"3 Darklings","floor":37,"turns":4},{"damage":24,"enemies":"4 Shapes","floor":39,"turns":2},{"damage":26,"enemies":"Jaw Worm Horde","floor":41,"turns":5},{"damage":20,"enemies":"Sphere and 2 Shapes","floor":42,"turns":6},{"damage":2,"enemies":"Transient","floor":45,"turns":5},{"damage":39,"enemies":"Time Eater","floor":50,"turns":6},{"damage":75,"enemies":"Shield and Spear","floor":54,"turns":8},{"damage":42,"enemies":"The Heart","floor":55,"turns":2}],"seed_played":"-8065687352227728063","potions_obtained":[{"floor":1,"key":"AttackPotion"},{"floor":5,"key":"Block Potion"},{"floor":10,"key":"Ancient Potion"},{"floor":12,"key":"AttackPotion"},{"floor":24,"key":"SkillPotion"},{"floor":28,"key":"Strength Potion"},{"floor":29,"key":"Block Potion"},{"floor":33,"key":"Poison Potion"},{"floor":42,"key":"Fire Potion"},{"floor":45,"key":"EntropicBrew"},{"floor":54,"key":"LiquidBronze"}],"is_trial":false,"path_per_floor":["M","M","M","M","M","E","R","$","T","M","R","E","M","?","R","B",null,"M","?","M","$","?","R","E","M","T","M","E","M","M","M","R","B",null,"M","?","M","?","M","R","M","M","T","$","M","$","R","$","R","B",null,"R","$","E","B"],"character_chosen":"IRONCLAD","items_purchased":["Shrug It Off","Inflame","Apotheosis+1","Shrug It Off+1","BloodPotion","Spot Weakness+1","Membership Card","Bottled Tornado","Entrench+1"],"campfire_rested":2,"item_purchase_floors":[8,21,44,44,44,46,46,46,46],"current_hp_per_floor":[80,79,80,69,58,35,35,35,35,41,41,32,31,31,31,22,74,69,85,87,87,87,87,73,75,75,69,60,52,52,46,73,18,90,88,88,84,75,57,57,37,23,23,23,27,27,54,54,54,30,90,90,90,21,0],"gold":36,"neow_bonus":"UPGRADE_CARD","is_prod":false,"is_daily":false,"chose_seed":false,"campfire_upgraded":6,"win_rate":0,"timestamp":1542692504,"path_taken":["M","M","M","M","M","E","R","$","T","M","R","E","M","?","R","BOSS","M","?","M","$","?","R","E","M","T","M","E","?","M","?","R","BOSS","M","?","M","?","M","R","M","M","T","$","?","$","R","?","R","BOSS","R","$","E","BOSS"],"build_version":"2018-11-15","purchased_purges":4,"victory":false,"max_hp_per_floor":[80,80,80,80,80,80,80,80,80,80,80,80,80,74,74,74,74,74,90,90,90,90,90,90,90,90,90,90,90,90,90,90,90,90,90,90,90,90,90,90,90,90,90,90,90,90,90,90,90,90,90,90,90,90,90],"card_choices":[{"not_picked":["Havoc","Anger"],"picked":"Carnage","floor":1},{"not_picked":["Seeing Red","Clash"],"picked":"Clothesline","floor":2},{"not_picked":["Power Through","Heavy Blade","Berserk"],"picked":"SKIP","floor":3},{"not_picked":["Clash","Dropkick"],"picked":"Whirlwind","floor":4},{"not_picked":["Flex","Heavy Blade"],"picked":"Uppercut","floor":5},{"not_picked":["Sword Boomerang","Cleave"],"picked":"Shrug It Off","floor":6},{"not_picked":["Twin Strike","Clash"],"picked":"Headbutt","floor":10},{"not_picked":["Sentinel","Rampage"],"picked":"Inflame","floor":12},{"not_picked":["Flex","Clash"],"picked":"True Grit","floor":13},{"not_picked":["Fiend Fire","Immolate"],"picked":"Limit Break","floor":16},{"not_picked":["Bloodletting"],"picked":"SKIP","floor":18},{"not_picked":[],"picked":"Warcry","floor":20},{"not_picked":["Clothesline"],"picked":"SKIP","floor":24},{"not_picked":["Anger"],"picked":"SKIP","floor":25},{"not_picked":[],"picked":"Shrug It Off","floor":27},{"not_picked":["Perfected Strike"],"picked":"SKIP","floor":28},{"not_picked":["Rage+1"],"picked":"SKIP","floor":29},{"not_picked":["Clash+1"],"picked":"SKIP","floor":30},{"not_picked":["Bloodletting+1"],"picked":"SKIP","floor":31},{"not_picked":[],"picked":"Offering+1","floor":33},{"not_picked":[],"picked":"True Grit+1","floor":35},{"not_picked":["Clash"],"picked":"SKIP","floor":37},{"not_picked":["Searing Blow"],"picked":"SKIP","floor":39},{"not_picked":[],"picked":"Armaments+1","floor":41},{"not_picked":[],"picked":"Thunderclap","floor":42},{"not_picked":["Power Through+1"],"picked":"SKIP","floor":45},{"not_picked":[],"picked":"Inflame","floor":54}],"player_experience":3385881,"relics_obtained":[{"floor":6,"key":"Darkstone Periapt"},{"floor":9,"key":"Orichalcum"},{"floor":12,"key":"Tiny Chest"},{"floor":24,"key":"Ice Cream"},{"floor":26,"key":"Paper Frog"},{"floor":28,"key":"Toxic Egg 2"},{"floor":54,"key":"Mercury Hourglass"}],"event_choices":[{"damage_healed":0,"gold_gain":0,"player_choice":"Lose Max HP","damage_taken":0,"relics_obtained":["Golden Idol"],"max_hp_gain":0,"max_hp_loss":6,"event_name":"Golden Idol","floor":14,"gold_loss":0},{"damage_healed":0,"gold_gain":0,"player_choice":"Opened","damage_taken":0,"relics_obtained":["Pear"],"max_hp_gain":0,"max_hp_loss":0,"event_name":"The Mausoleum","floor":19,"gold_loss":0,"cards_obtained":["Writhe"]},{"damage_healed":0,"gold_gain":0,"player_choice":"Read","damage_taken":0,"max_hp_gain":0,"max_hp_loss":0,"event_name":"The Library","floor":22,"gold_loss":0,"cards_obtained":["Headbutt"]},{"damage_healed":0,"gold_gain":333,"player_choice":"Gave Idol","damage_taken":0,"max_hp_gain":0,"max_hp_loss":0,"event_name":"The Moai Head","floor":36,"relics_lost":["Golden Idol"],"gold_loss":0},{"damage_healed":0,"gold_gain":0,"player_choice":"Damaged","damage_taken":9,"max_hp_gain":0,"max_hp_loss":0,"event_name":"Wheel of Change","floor":38,"gold_loss":0}],"is_beta":false,"boss_relics":[{"not_picked":["Calling Bell","Mark of Pain"],"picked":"Busted Crown"},{"not_picked":["Eternal Feather","Lizard Tail"],"picked":"Astrolabe"}],"items_purged_floors":[8,21,44,46],"is_endless":false,"potions_floor_spawned":[1,5,10,12,24,25,28,29,33,42,45,54],"killed_by":"The Heart","ascension_level":0}