{"gold_per_floor":[13,13,13,26,46,46,74,90,117,150,75,85,85,104,104,179,179,168,168,187,137,151,151,165,165,165,178,178,178,178],"floor_reached":30,"playtime":1952,"items_purged":["Writhe"],"score":511,"play_id":"2e8e478a-3e77-45f3-bc20-5589712c984b","local_time":"20190202105502","is_ascension_mode":true,"campfire_choices":[{"floor":6.0,"key":"REST"},{"floor":13.0,"key":"REST"},{"data":"Dualcast","floor":15.0,"key":"SMITH"},{"data":"Coolheaded","floor":23,"key":"SMITH"},{"data":"Double Energy","floor":25,"key":"SMITH"},{"data":"Ball Lightning","floor":28,"key":"SMITH"}],"neow_cost":"NO_GOLD","seed_source_timestamp":0,"circlet_count":0,"master_deck":["AscendersBane","Strike_B","Strike_B","Defend_B","Defend_B+1","Defend_B","Defend_B","Zap+1","Dualcast+1","Coolheaded+1","Genetic Algorithm","Go for the Eyes","Leap","Ball Lightning+1","Double Energy+1","Glacier","Echo Form","Steam Power","Conserve Battery","Machine Learning","Compile Driver","Gash"],"special_seed":0,"relics":["Cracked Core","Ice Cream","Lantern","Bag of Marbles","Smiling Mask","Philosopher\u0027s Stone","Peace Pipe","Prayer Wheel"],"potions_floor_usage":[24,30],"damage_taken":[{"damage":12.0,"enemies":"Small Slimes","floor":1.0,"turns":4.0},{"damage":8.0,"enemies":"2 Louse","floor":4.0,"turns":4.0},{"damage":0.0,"enemies":"Jaw Worm","floor":5.0,"turns":3.0},{"damage":8.0,"enemies":"Lagavulin","floor":7.0,"turns":9.0},{"damage":15.0,"enemies":"Exordium Thugs","floor":8.0,"turns":6.0},{"damage":10.0,"enemies":"3 Sentries","floor":10.0,"turns":9.0},{"damage":9.0,"enemies":"Red Slaver","floor":12.0,"turns":3.0},{"damage":0.0,"enemies":"3 Louse","floor":14.0,"turns":3.0},{"damage":0.0,"enemies":"The Guardian","floor":16.0,"turns":15.0},{"damage":7,"enemies":"2 Thieves","floor":18,"turns":4},{"damage":0,"enemies":"Chosen","floor":20,"turns":7},{"damage":2,"enemies":"Centurion and Healer","floor":22,"turns":6},{"damage":0,"enemies":"3 Cultists","floor":24,"turns":5},{"damage":0,"enemies":"Snake Plant","floor":27,"turns":6},{"damage":58,"enemies":"Gremlin Leader","floor":30,"turns":8}],"seed_played":"8962879433405596104","potions_obtained":[{"floor":4.0,"key":"SpeedPotion"},{"floor":5.0,"key":"Swift Potion"},{"floor":8.0,"key":"Swift Potion"},{"floor":20,"key":"SteroidPotion"},{"floor":24,"key":"Dexterity Potion"},{"floor":27,"key":"GamblersBrew"}],"is_trial":false,"path_per_floor":["M","?","?","M","M","R","E","M","T","E","?","M","R","M","R","B",null,"M","?","M","$","M","R","M","R","T","M","R","?","E"],"character_chosen":"DEFECT","items_purchased":[],"campfire_rested":2,"item_purchase_floors":[],"current_hp_per_floor":[52,57,34,26,26,48,40,25,25,15,15,6,28,28,28,28,64,57,57,57,57,55,55,55,55,55,55,55,55,0],"gold":178,"neow_bonus":"ONE_RARE_RELIC","is_prod":false,"is_daily":false,"chose_seed":false,"campfire_upgraded":4,"win_rate":0,"timestamp":1549133702,"path_taken":["M","?","?","M","M","R","E","M","T","E","?","M","R","M","R","BOSS","M","?","M","$","M","R","M","R","T","M","R","?","E"],"build_version":"2019-01-23","purchased_purges":1,"victory":false,"max_hp_per_floor":[71,76,76,76,76,76,76,76,76,76,76,76,76,76,76,76,76,76,76,76,76,76,76,76,76,76,76,76,76,76],"card_choices":[{"not_picked":["Undo","Chill"],"picked":"Coolheaded","floor":1.0},{"not_picked":["Hologram","Rebound"],"picked":"Genetic Algorithm","floor":4.0},{"not_picked":["Steam Power","Gash"],"picked":"Go for the Eyes","floor":5.0},{"not_picked":["Multi-Cast","Barrage"],"picked":"Leap","floor":7.0},{"not_picked":["Conserve Battery","Sweeping Beam"],"picked":"Ball Lightning","floor":8.0},{"not_picked":["Multi-Cast","Sweeping Beam","Beam Cell"],"picked":"SKIP","floor":10.0},{"not_picked":["Auto Shields","Gash"],"picked":"Double Energy","floor":12.0},{"not_picked":["Coolheaded","Leap"],"picked":"Glacier","floor":14.0},{"not_picked":["Reboot","Creative AI"],"picked":"Echo Form","floor":16.0},{"not_picked":["Streamline","Heatsinks","Gash"],"picked":"SKIP","floor":18},{"not_picked":["Leap+1","Darkness"],"picked":"Steam Power","floor":20},{"not_picked":["Stack","Turbo"],"picked":"Conserve Battery","floor":22},{"not_picked":["Compile Driver","Rip and Tear"],"picked":"Machine Learning","floor":24},{"not_picked":["Conserve Battery","Aggregate"],"picked":"Compile Driver","floor":27},{"not_picked":["Double Energy","Coolheaded","Leap+1"],"picked":"SKIP","floor":27}],"player_experience":476655,"relics_obtained":[{"floor":7.0,"key":"Lantern"},{"floor":9.0,"key":"Bag of Marbles"},{"floor":10.0,"key":"Smiling Mask"},{"floor":26,"key":"Prayer Wheel"}],"event_choices":[{"damage_healed":0.0,"max_hp_gain":5.0,"max_hp_loss":0.0,"gold_gain":0.0,"event_name":"Big Fish","player_choice":"Donut","floor":2.0,"gold_loss":0.0,"damage_taken":0.0},{"damage_healed":0.0,"max_hp_gain":0.0,"max_hp_loss":0.0,"gold_gain":0.0,"event_name":"Shining Light","player_choice":"Entered Light","floor":3.0,"gold_loss":0.0,"damage_taken":23.0,"cards_upgraded":["Zap","Defend_B"]},{"cards_removed":["Strike_B"],"damage_healed":0.0,"max_hp_gain":0.0,"max_hp_loss":0.0,"gold_gain":0.0,"event_name":"The Cleric","player_choice":"Card Removal","floor":11.0,"gold_loss":75.0,"damage_taken":0.0},{"damage_healed":0,"gold_gain":0,"player_choice":"Opened","damage_taken":0,"relics_obtained":["Peace Pipe"],"max_hp_gain":0,"max_hp_loss":0,"event_name":"The Mausoleum","floor":19,"gold_loss":0,"cards_obtained":["Writhe"]},{"damage_healed":0,"gold_gain":0,"cards_transformed":["Strike_B"],"player_choice":"Transformed","damage_taken":0,"max_hp_gain":0,"max_hp_loss":0,"event_name":"Transmorgrifier","floor":29,"gold_loss":0,"cards_obtained":["Gash"]}],"is_beta":false,"boss_relics":[{"not_picked":["Eternal Feather","Fusion Hammer"],"picked":"Philosopher\u0027s Stone"}],"items_purged_floors":[21],"is_endless":false,"potions_floor_spawned":[4,5,8,20,24,27],"killed_by":"Gremlin Leader","ascension_level":15}