{"gold_per_floor":[118,138,63,77,89,116,116,127,127,145,145,175,175,75,75,148,148,160,160,160,160,180,180],"floor_reached":23,"playtime":1235,"items_purged":["Strike_R","Strike_R"],"score":332,"play_id":"e1dcc4a6-be8a-4f2c-96b2-d54e206dc397","local_time":"20190210103545","is_ascension_mode":true,"campfire_choices":[{"data":"Armaments","floor":7.0,"key":"SMITH"},{"data":"Havoc","floor":11.0,"key":"SMITH"},{"data":"Sentinel","floor":15.0,"key":"SMITH"}],"neow_cost":"NONE","seed_source_timestamp":0,"circlet_count":0,"master_deck":["AscendersBane","Strike_R","Strike_R","Strike_R","Defend_R","Defend_R","Defend_R","Defend_R","Bash","Armaments+1","Shrug It Off","Cleave","Sentinel+1","Havoc+1","Fiend Fire+1","Warcry","Power Through","Reaper","Wild Strike","Flame Barrier","Sword Boomerang+1"],"special_seed":0,"relics":["Burning Blood","Red Skull","Incense Burner","Gambling Chip","Bottled Flame","Coffee Dripper"],"potions_floor_usage":[23,23],"damage_taken":[{"damage":6.0,"enemies":"Cultist","floor":1.0,"turns":4.0},{"damage":4.0,"enemies":"Jaw Worm","floor":2.0,"turns":4.0},{"damage":1.0,"enemies":"2 Louse","floor":4.0,"turns":5.0},{"damage":7.0,"enemies":"Looter","floor":5.0,"turns":4.0},{"damage":60.0,"enemies":"Lagavulin","floor":6.0,"turns":8.0},{"damage":0.0,"enemies":"3 Louse","floor":8.0,"turns":2.0},{"damage":0.0,"enemies":"Exordium Wildlife","floor":10.0,"turns":2.0},{"damage":3.0,"enemies":"3 Sentries","floor":12.0,"turns":7.0},{"damage":30.0,"enemies":"The Guardian","floor":16.0,"turns":12.0},{"damage":22.0,"enemies":"Spheric Guardian","floor":18.0,"turns":6.0},{"damage":5,"enemies":"Colosseum Slavers","floor":19,"turns":5},{"damage":7,"enemies":"3 Byrds","floor":22,"turns":5},{"damage":79,"enemies":"Gremlin Leader","floor":23,"turns":8}],"seed_played":"-2862872312776364420","potions_obtained":[{"floor":1.0,"key":"Explosive Potion"},{"floor":6.0,"key":"GamblersBrew"},{"floor":16.0,"key":"FearPotion"},{"floor":22,"key":"Regen Potion"}],"is_trial":false,"path_per_floor":["M","M","$","M","M","E","R","M","T","M","R","E","?","$","R","B",null,"M","?","$","?","M","E"],"character_chosen":"IRONCLAD","items_purchased":[],"campfire_rested":0,"item_purchase_floors":[],"current_hp_per_floor":[72,74,74,79,78,24,24,30,30,36,36,39,39,39,39,15,64,50,55,55,55,54,0],"gold":180,"neow_bonus":"RANDOM_COMMON_RELIC","is_prod":false,"is_daily":false,"chose_seed":false,"campfire_upgraded":3,"win_rate":0,"timestamp":1549816545,"path_taken":["M","M","?","M","?","E","R","M","T","M","R","E","?","?","R","BOSS","M","?","$","?","M","E"],"build_version":"2019-01-23","purchased_purges":2,"victory":false,"max_hp_per_floor":[80,80,80,80,80,80,80,80,80,80,80,80,80,80,80,80,80,80,80,80,80,80,80],"card_choices":[{"not_picked":["Corruption","Body Slam"],"picked":"Armaments","floor":1.0},{"not_picked":["Havoc","Rampage"],"picked":"Shrug It Off","floor":2.0},{"not_picked":["Twin Strike","Rage"],"picked":"Cleave","floor":4.0},{"not_picked":["Pommel Strike","Thunderclap"],"picked":"Sentinel","floor":5.0},{"not_picked":["Bloodletting","Dual Wield"],"picked":"Havoc","floor":6.0},{"not_picked":["Seeing Red","Thunderclap"],"picked":"Fiend Fire","floor":8.0},{"not_picked":["Twin Strike","Fire Breathing"],"picked":"Warcry","floor":10.0},{"not_picked":["Whirlwind","Battle Trance"],"picked":"Power Through","floor":12.0},{"not_picked":["Fiend Fire","Feed"],"picked":"Reaper","floor":16.0},{"not_picked":["Entrench","Flex"],"picked":"Wild Strike","floor":18.0},{"not_picked":["Havoc","Shrug It Off"],"picked":"Sword Boomerang+1","floor":22}],"player_experience":544794,"relics_obtained":[{"floor":6.0,"key":"Incense Burner"},{"floor":9.0,"key":"Gambling Chip"},{"floor":12.0,"key":"Bottled Flame"}],"event_choices":[{"damage_healed":0.0,"max_hp_gain":0.0,"max_hp_loss":0.0,"gold_gain":0.0,"event_name":"Upgrade Shrine","player_choice":"Upgraded","floor":13.0,"gold_loss":0.0,"damage_taken":0.0,"cards_upgraded":["Fiend Fire"]},{"damage_healed":0,"gold_gain":0,"player_choice":"Fight","damage_taken":0,"max_hp_gain":0,"max_hp_loss":0,"event_name":"Colosseum","floor":19,"gold_loss":0},{"damage_healed":0,"gold_gain":0,"player_choice":"Fled From Nobs","damage_taken":0,"max_hp_gain":0,"max_hp_loss":0,"event_name":"Colosseum","floor":19,"gold_loss":0},{"damage_healed":0,"gold_gain":0,"player_choice":"Read","damage_taken":0,"max_hp_gain":0,"max_hp_loss":0,"event_name":"The Library","floor":21,"gold_loss":0,"cards_obtained":["Flame Barrier"]}],"is_beta":false,"boss_relics":[{"not_picked":["Philosopher\u0027s Stone","White Beast Statue"],"picked":"Coffee Dripper"}],"items_purged_floors":[3,14],"is_endless":false,"potions_floor_spawned":[1,6,16,22],"killed_by":"Gremlin Leader","ascension_level":13}