{"gold_per_floor":[119,119,134,153,228,228,256,256,256,256,256],"floor_reached":11,"playtime":353,"items_purged":[],"score":142,"play_id":"2650db14-0c36-4325-aefb-cf7c032b02ec","local_time":"20181228232911","is_ascension_mode":true,"campfire_choices":[{"data":"Quick Slash","floor":6,"key":"SMITH"},{"floor":8,"key":"REST"},{"data":"Neutralize","floor":10,"key":"SMITH"}],"neow_cost":"NONE","seed_source_timestamp":998515488611198,"circlet_count":0,"master_deck":["AscendersBane","Defend_G","Defend_G","Defend_G","Defend_G","Defend_G","Strike_G","Strike_G","Strike_G","Strike_G","Strike_G","Survivor","Neutralize+1","Quick Slash+1","Slice","Well Laid Plans","Dash"],"relics":["Ring of the Snake","Pantograph","WingedGreaves","Toxic Egg 2"],"potions_floor_usage":[7],"damage_taken":[{"damage":0,"enemies":"Jaw Worm","floor":1,"turns":5},{"damage":1,"enemies":"Small Slimes","floor":3,"turns":4},{"damage":1,"enemies":"Cultist","floor":4,"turns":4},{"damage":31,"enemies":"Lagavulin","floor":7,"turns":8},{"damage":44,"enemies":"Gremlin Nob","floor":11,"turns":4}],"seed_played":"-7805561183355442220","potions_obtained":[{"floor":3,"key":"Poison Potion"}],"is_trial":false,"path_per_floor":["M","?","M","M","?","R","E","R","T","R","E"],"character_chosen":"THE_SILENT","items_purchased":[],"campfire_rested":1,"item_purchase_floors":[],"current_hp_per_floor":[65,47,46,45,34,34,3,24,24,24,0],"gold":256,"neow_bonus":"TEN_PERCENT_HP_BONUS","is_prod":false,"is_daily":false,"chose_seed":false,"campfire_upgraded":2,"win_rate":0,"timestamp":1546068551,"path_taken":["M","?","M","M","?","R","E","R","T","R","E"],"build_version":"2018-12-20","purchased_purges":0,"victory":false,"max_hp_per_floor":[72,72,72,72,72,72,72,72,72,72,72],"card_choices":[{"not_picked":["Tactician","Acrobatics"],"picked":"Quick Slash","floor":1},{"not_picked":["Cloak And Dagger","Blade Dance"],"picked":"Slice","floor":3},{"not_picked":["Flying Knee","Caltrops"],"picked":"Well Laid Plans","floor":4},{"not_picked":["Crippling Poison","Endless Agony"],"picked":"Dash","floor":7}],"player_experience":252697,"relics_obtained":[{"floor":7,"key":"WingedGreaves"},{"floor":9,"key":"Toxic Egg 2"}],"event_choices":[{"damage_healed":0,"gold_gain":0,"player_choice":"Success","damage_taken":18,"relics_obtained":["Pantograph"],"max_hp_gain":0,"max_hp_loss":0,"event_name":"Scrap Ooze","floor":2,"gold_loss":0},{"damage_healed":0,"gold_gain":75,"player_choice":"Gather Gold","damage_taken":11,"max_hp_gain":0,"max_hp_loss":0,"event_name":"World of Goop","floor":5,"gold_loss":0}],"is_beta":false,"boss_relics":[],"items_purged_floors":[],"is_endless":false,"potions_floor_spawned":[3],"killed_by":"Gremlin Nob","ascension_level":20}