{"gold_per_floor":[119,73,73,87,87,87,87,87,114,129,157,157,177,193,193,288,288,276,290,99,198,198,4,4,22,22,22,22,22,55,55,55,55],"floor_reached":33,"playtime":742,"items_purged":[],"score":286,"play_id":"ae658969-3b0b-424f-99ff-014878bff13b","local_time":"20181228235720","is_ascension_mode":false,"campfire_choices":[{"data":"Zap","floor":6.0,"key":"SMITH"},{"data":"Conserve Battery","floor":8.0,"key":"SMITH"},{"data":"Fusion","floor":12,"key":"SMITH"},{"data":"Ball Lightning","floor":15,"key":"SMITH"},{"data":"Undo","floor":24,"key":"SMITH"},{"data":"Strike_B","floor":29,"key":"SMITH"},{"data":"Chill","floor":32,"key":"SMITH"}],"neow_cost":"NONE","seed_source_timestamp":360827429323990,"circlet_count":0,"master_deck":["Strike_B+1","Strike_B+1","Strike_B","Strike_B","Defend_B","Defend_B","Defend_B+1","Zap+1","Dualcast+1","Conserve Battery+1","Fusion+1","Ball Lightning+1","Undo+1","Undo+1","Ball Lightning+1","Chill+1"],"special_seed":0,"relics":["Cracked Core","Pen Nib","Inserter","DollysMirror","Lee\u0027s Waffle","StoneCalendar","Singing Bowl"],"potions_floor_usage":[],"damage_taken":[{"damage":0.0,"enemies":"Small Slimes","floor":1.0,"turns":2.0},{"damage":6.0,"enemies":"Jaw Worm","floor":4.0,"turns":3.0},{"damage":0.0,"enemies":"Cultist","floor":10.0,"turns":3.0},{"damage":29.0,"enemies":"3 Sentries","floor":11.0,"turns":9.0},{"damage":0,"enemies":"Red Slaver","floor":13,"turns":3},{"damage":0,"enemies":"3 Louse","floor":14,"turns":2},{"damage":15,"enemies":"The Guardian","floor":16,"turns":11},{"damage":15,"enemies":"2 Thieves","floor":18,"turns":4},{"damage":5,"enemies":"Spheric Guardian","floor":19,"turns":3},{"damage":16,"enemies":"Centurion and Healer","floor":25,"turns":8},{"damage":0,"enemies":"Gremlin Leader","floor":30,"turns":8},{"damage":0,"enemies":"Champ","floor":33,"turns":1}],"seed_played":"7150354187505356496","potions_obtained":[{"floor":11,"key":"Dexterity Potion"},{"floor":16,"key":"Ancient Potion"},{"floor":25,"key":"SmokeBomb"}],"is_trial":false,"path_per_floor":["M","$","?","M","$","R","?","R","T","M","E","E","R","M","M","R","B",null,"M","M","$","?","?","$","R","M","T","?","$","R","E","$","R","B"],"character_chosen":"DEFECT","items_purchased":["Conserve Battery","DollysMirror","Lee\u0027s Waffle"],"campfire_rested":0,"item_purchase_floors":[2,20,23],"current_hp_per_floor":[75,75,60,54,54,54,54,54,54,54,25,25,25,25,25,10,75,60,55,55,55,55,82,82,66,66,66,66,66,66,66,66,66],"gold":55,"neow_bonus":"UPGRADE_CARD","is_prod":false,"is_daily":false,"chose_seed":false,"campfire_upgraded":7,"win_rate":0,"timestamp":1546041440,"path_taken":["M","$","?","M","$","R","?","R","T","M","E","R","?","M","R","BOSS","M","M","$","?","?","$","R","M","T","?","$","R","E","?","R","BOSS"],"build_version":"2018-12-20","purchased_purges":0,"victory":false,"max_hp_per_floor":[75,75,75,75,75,75,75,75,75,75,75,75,75,75,75,75,75,75,75,75,75,75,82,82,82,82,82,82,82,82,82,82,82],"card_choices":[{"not_picked":["Barrage","Darkness","Leap"],"picked":"SKIP","floor":1.0},{"not_picked":["Beam Cell","Barrage","Tempest"],"picked":"SKIP","floor":4.0},{"not_picked":["Hyperbeam","Coolheaded"],"picked":"Fusion","floor":10.0},{"not_picked":["Leap","Barrage","Darkness"],"picked":"SKIP","floor":11},{"not_picked":["Streamline","Blizzard"],"picked":"Ball Lightning","floor":13},{"not_picked":["Sunder","Steam"],"picked":"Undo","floor":14},{"not_picked":["Lockon","Go for the Eyes","Steam+1"],"picked":"SKIP","floor":18},{"not_picked":["Sweeping Beam+1","Coolheaded"],"picked":"Undo+1","floor":19},{"not_picked":["Multi-Cast","Rip and Tear","Tempest"],"picked":"SKIP","floor":25},{"not_picked":["Stack","Sweeping Beam"],"picked":"Chill","floor":30}],"player_experience":921472,"relics_obtained":[{"floor":9.0,"key":"Pen Nib"},{"floor":26,"key":"StoneCalendar"},{"floor":30,"key":"Singing Bowl"}],"event_choices":[{"damage_healed":0.0,"max_hp_gain":0.0,"max_hp_loss":0.0,"gold_gain":0.0,"event_name":"Shining Light","player_choice":"Entered Light","floor":3.0,"gold_loss":0.0,"damage_taken":15.0,"cards_upgraded":["Defend_B","Strike_B"]},{"cards_removed":["Defend_B"],"damage_healed":0.0,"max_hp_gain":0.0,"max_hp_loss":0.0,"gold_gain":0.0,"event_name":"Bonfire Elementals","player_choice":"Offered Basic","floor":7.0,"gold_loss":0.0,"damage_taken":0.0},{"damage_healed":0,"gold_gain":99,"player_choice":"Stole From Cult","damage_taken":0,"max_hp_gain":0,"max_hp_loss":0,"event_name":"Nest","floor":21,"gold_loss":0},{"damage_healed":0,"gold_gain":0,"player_choice":"Ignored","damage_taken":0,"max_hp_gain":0,"max_hp_loss":0,"event_name":"Ghosts","floor":22,"gold_loss":0},{"damage_healed":0,"gold_gain":0,"player_choice":"Ignored","damage_taken":0,"max_hp_gain":0,"max_hp_loss":0,"event_name":"Vampires","floor":27,"gold_loss":0}],"is_beta":false,"boss_relics":[{"not_picked":["Fusion Hammer","Snecko Eye"],"picked":"Inserter"}],"items_purged_floors":[],"is_endless":false,"potions_floor_spawned":[11,16,25],"killed_by":"Champ","ascension_level":0}