{"gold_per_floor":[114,44,63,80,98,98,111,111,160,185,185,185,185,185,185,306,306,326,253,168,184,184],"floor_reached":22,"playtime":656,"items_purged":[],"score":184,"play_id":"1db3055c-d04f-4c48-a925-dbb08ae2d4e2","local_time":"20181209140111","is_ascension_mode":false,"campfire_choices":[{"data":"Defragment","floor":6.0,"key":"SMITH"},{"data":"Dualcast","floor":11.0,"key":"SMITH"},{"data":"Zap","floor":13.0,"key":"SMITH"},{"data":"Go for the Eyes","floor":15.0,"key":"SMITH"}],"neow_cost":"NONE","seed_source_timestamp":917662323094779,"circlet_count":0,"master_deck":["Strike_B","Strike_B","Strike_B","Defend_B","Defend_B","Defend_B","Zap+1","Dualcast+1","Thunder Strike","Conserve Battery","Defragment+1","Go for the Eyes+1","Coolheaded","Chill","Rainbow","Capacitor"],"special_seed":0,"relics":["Cracked Core","Bag of Marbles","Ornamental Fan","Golden Idol","Lantern","Empty Cage","PreservedInsect"],"potions_floor_usage":[18,22],"damage_taken":[{"damage":0.0,"enemies":"Cultist","floor":1.0,"turns":3.0},{"damage":0.0,"enemies":"2 Louse","floor":3.0,"turns":2.0},{"damage":0.0,"enemies":"Jaw Worm","floor":4.0,"turns":3.0},{"damage":9.0,"enemies":"Red Slaver","floor":5.0,"turns":4.0},{"damage":1.0,"enemies":"Looter","floor":7.0,"turns":3.0},{"damage":2.0,"enemies":"3 Sentries","floor":10.0,"turns":9.0},{"damage":16,"enemies":"Slime Boss","floor":16,"turns":11},{"damage":4,"enemies":"2 Thieves","floor":18,"turns":5},{"damage":6,"enemies":"Chosen","floor":21,"turns":7},{"damage":8,"enemies":"Colosseum Slavers","floor":22,"turns":5},{"damage":59,"enemies":"Colosseum Nobs","floor":22,"turns":4}],"seed_played":"2266174421312178400","potions_obtained":[{"floor":1.0,"key":"Weak Potion"},{"floor":4.0,"key":"Swift Potion"},{"floor":5.0,"key":"Poison Potion"},{"floor":18,"key":"SteroidPotion"}],"is_trial":false,"path_per_floor":["M","$","M","M","M","M","R","M","$","T","E","R","?","R","T","R","B",null,"M","$","?","M","?"],"character_chosen":"DEFECT","items_purchased":["Defragment","Capacitor"],"campfire_rested":0,"item_purchase_floors":[2,19],"current_hp_per_floor":[75,75,75,75,66,66,65,65,65,63,63,45,45,45,45,29,75,71,71,71,65,0],"gold":184,"neow_bonus":"ONE_RANDOM_RARE_CARD","is_prod":false,"is_daily":false,"chose_seed":false,"campfire_upgraded":4,"win_rate":0,"timestamp":1544364071,"path_taken":["M","$","M","M","M","R","?","?","T","E","R","?","R","?","R","BOSS","M","$","?","M","?"],"build_version":"2018-12-06","purchased_purges":0,"victory":false,"max_hp_per_floor":[75,75,75,75,75,75,75,75,75,75,75,75,75,75,75,75,75,75,75,75,75,75],"card_choices":[{"not_picked":["Self Repair","Recycle"],"picked":"Conserve Battery","floor":1.0},{"not_picked":["Capacitor","Stack"],"picked":"Go for the Eyes","floor":3.0},{"not_picked":["Barrage","Reprogram","Streamline"],"picked":"SKIP","floor":4.0},{"not_picked":["Steam","Conserve Battery"],"picked":"Coolheaded","floor":5.0},{"not_picked":["Compile Driver","Stack"],"picked":"Chill","floor":7.0},{"not_picked":["Skim","Stack","Hyperbeam"],"picked":"SKIP","floor":10.0},{"not_picked":["Thunder Strike","Machine Learning"],"picked":"Rainbow","floor":16},{"not_picked":["Barrage","Redo+1","Steam Power+1"],"picked":"SKIP","floor":18},{"not_picked":["Stack","Go for the Eyes","Beam Cell+1"],"picked":"SKIP","floor":21}],"player_experience":871201,"relics_obtained":[{"floor":9.0,"key":"Bag of Marbles"},{"floor":10.0,"key":"Ornamental Fan"},{"floor":14.0,"key":"Lantern"}],"event_choices":[{"damage_healed":0.0,"max_hp_gain":0.0,"max_hp_loss":0.0,"gold_gain":0.0,"event_name":"Golden Idol","player_choice":"Take Damage","floor":12.0,"gold_loss":0.0,"damage_taken":18.0,"relics_obtained":["Golden Idol"]},{"damage_healed":0,"gold_gain":0,"player_choice":"Obtained Relic","damage_taken":0,"relics_obtained":["PreservedInsect"],"max_hp_gain":0,"max_hp_loss":0,"event_name":"Addict","floor":20,"gold_loss":85},{"damage_healed":0,"gold_gain":0,"player_choice":"Fight","damage_taken":0,"max_hp_gain":0,"max_hp_loss":0,"event_name":"Colosseum","floor":22,"gold_loss":0},{"damage_healed":0,"gold_gain":0,"player_choice":"Fought Nobs","damage_taken":0,"max_hp_gain":0,"max_hp_loss":0,"event_name":"Colosseum","floor":22,"gold_loss":0}],"is_beta":false,"boss_relics":[{"not_picked":["Coffee Dripper","Pandora\u0027s Box"],"picked":"Empty Cage"}],"items_purged_floors":[],"is_endless":false,"potions_floor_spawned":[1,4,5,16,18],"killed_by":"Colosseum Nobs","ascension_level":0}