{"gold_per_floor":[114,114,47,47,47,47,47,47,47,47,63,75,102,116,116,219,219,239,255,255],"floor_reached":20,"playtime":485,"items_purged":[],"score":172,"play_id":"12169bc8-b32f-49ee-bbd6-e23cb95bf615","local_time":"20190131162942","is_ascension_mode":false,"campfire_choices":[{"data":"Infinite Blades","floor":6,"key":"SMITH"},{"data":"Accuracy","floor":8,"key":"SMITH"},{"data":"Accuracy","floor":10,"key":"SMITH"},{"data":"Accuracy","floor":15,"key":"SMITH"}],"neow_cost":"NONE","seed_source_timestamp":4342366407907,"circlet_count":0,"master_deck":["Defend_G","Defend_G","Defend_G","Defend_G","Defend_G","Strike_G","Strike_G","Strike_G","Strike_G","Survivor","Neutralize","Infinite Blades+1","Accuracy+1","Accuracy+1","Backflip","Sucker Punch","Prepared","Accuracy+1","Storm of Steel","Dagger Spray+1","Cloak And Dagger"],"relics":["Ring of the Snake","NeowsBlessing","Bag of Preparation","Strawberry","Question Card","Philosopher\u0027s Stone"],"potions_floor_usage":[16],"damage_taken":[{"damage":0,"enemies":"Small Slimes","floor":1,"turns":1},{"damage":0,"enemies":"Cultist","floor":11,"turns":1},{"damage":3,"enemies":"Jaw Worm","floor":12,"turns":2},{"damage":8,"enemies":"Lagavulin","floor":13,"turns":6},{"damage":6,"enemies":"Large Slime","floor":14,"turns":6},{"damage":21,"enemies":"Hexaghost","floor":16,"turns":9},{"damage":40,"enemies":"2 Thieves","floor":18,"turns":4},{"damage":20,"enemies":"Chosen","floor":19,"turns":5},{"damage":17,"enemies":"Colosseum Slavers","floor":20,"turns":1}],"seed_played":"8370972186245955717","potions_obtained":[{"floor":1,"key":"PowerPotion"},{"floor":12,"key":"Weak Potion"}],"is_trial":false,"path_per_floor":["M","?","$","T","$","R","?","R","T","R","M","M","E","M","R","B",null,"M","M","?"],"character_chosen":"THE_SILENT","items_purchased":["Accuracy"],"campfire_rested":0,"item_purchase_floors":[3],"current_hp_per_floor":[70,70,70,70,70,70,70,70,77,77,77,74,66,60,60,39,77,37,17,0],"gold":255,"neow_bonus":"THREE_ENEMY_KILL","is_prod":false,"is_daily":false,"chose_seed":false,"campfire_upgraded":4,"win_rate":0,"timestamp":1548923382,"path_taken":["M","?","?","?","$","R","?","R","T","R","?","M","E","M","R","BOSS","M","M","?"],"build_version":"2019-01-23","purchased_purges":0,"victory":false,"max_hp_per_floor":[70,70,70,70,70,70,70,70,77,77,77,77,77,77,77,77,77,77,77,77],"card_choices":[{"not_picked":["Cloak And Dagger","Quick Slash"],"picked":"Infinite Blades","floor":1},{"not_picked":["Masterful Stab","PiercingWail"],"picked":"Backflip","floor":11},{"not_picked":["Deflect","Catalyst"],"picked":"Sucker Punch","floor":12},{"not_picked":["Setup","Underhanded Strike"],"picked":"Prepared","floor":13},{"not_picked":["Flechettes","Backflip","Cloak And Dagger"],"picked":"Accuracy","floor":14},{"not_picked":["Phantasmal Killer","Night Terror","Burst"],"picked":"Storm of Steel","floor":16},{"not_picked":["Flying Knee","Dagger Throw","Bane+1"],"picked":"Dagger Spray+1","floor":18},{"not_picked":["Endless Agony+1","Bane","Malaise"],"picked":"Cloak And Dagger","floor":19}],"player_experience":153726,"relics_obtained":[{"floor":4,"key":"Bag of Preparation"},{"floor":9,"key":"Strawberry"},{"floor":13,"key":"Question Card"}],"event_choices":[{"damage_healed":0,"gold_gain":0,"player_choice":"1 cards matched","damage_taken":0,"max_hp_gain":0,"max_hp_loss":0,"event_name":"Match and Keep!","floor":2,"gold_loss":0,"cards_obtained":["Accuracy"]},{"cards_removed":["Strike_G"],"damage_healed":0,"gold_gain":0,"player_choice":"Offered Basic","damage_taken":0,"max_hp_gain":0,"max_hp_loss":0,"event_name":"Bonfire Elementals","floor":7,"gold_loss":0},{"damage_healed":0,"gold_gain":0,"player_choice":"Fight","damage_taken":0,"max_hp_gain":0,"max_hp_loss":0,"event_name":"Colosseum","floor":20,"gold_loss":0}],"is_beta":false,"boss_relics":[{"not_picked":["Snecko Eye","Astrolabe"],"picked":"Philosopher\u0027s Stone"}],"items_purged_floors":[],"is_endless":false,"potions_floor_spawned":[1,12],"killed_by":"Colosseum Slavers","ascension_level":0}