{"gold_per_floor":[218,218,235,31,47,47,58,58,58,72,91,91,103,429,429,505,505,525,545,296,313,313,313,313],"floor_reached":24,"playtime":993,"items_purged":["Strike_B"],"score":350,"play_id":"028ebd80-3594-4497-b9c7-086794d5a931","local_time":"20190210223045","is_ascension_mode":true,"campfire_choices":[{"data":"Zap","floor":6.0,"key":"SMITH"},{"data":"Defragment","floor":8.0,"key":"SMITH"},{"floor":12.0,"key":"REST"},{"floor":15,"key":"REST"},{"floor":23,"key":"REST"}],"neow_cost":"NONE","seed_source_timestamp":266287816898267,"circlet_count":0,"master_deck":["AscendersBane","Strike_B","Strike_B","Strike_B","Defend_B","Defend_B","Defend_B","Defend_B","Zap+1","Dualcast","Loop","Leap","Defragment+1","Conserve Battery","Sunder","Go for the Eyes","Cold Snap","Steam","Electrodynamics","Glacier","Capacitor","Genetic Algorithm","Capacitor","Shame"],"special_seed":0,"relics":["Cracked Core","Membership Card","Pear","Old Coin","Velvet Choker","MealTicket","Oddly Smooth Stone"],"potions_floor_usage":[14,14,16,21,24],"damage_taken":[{"damage":0.0,"enemies":"2 Louse","floor":1.0,"turns":3.0},{"damage":1.0,"enemies":"Cultist","floor":3.0,"turns":3.0},{"damage":12.0,"enemies":"Jaw Worm","floor":5.0,"turns":4.0},{"damage":8.0,"enemies":"Large Slime","floor":7.0,"turns":5.0},{"damage":14.0,"enemies":"3 Louse","floor":10.0,"turns":4.0},{"damage":14.0,"enemies":"Red Slaver","floor":11.0,"turns":4.0},{"damage":4.0,"enemies":"Exordium Thugs","floor":13.0,"turns":5.0},{"damage":9,"enemies":"Gremlin Nob","floor":14,"turns":4},{"damage":11,"enemies":"Hexaghost","floor":16,"turns":13},{"damage":23,"enemies":"2 Thieves","floor":18,"turns":4},{"damage":26,"enemies":"3 Byrds","floor":19,"turns":3},{"damage":13,"enemies":"Cultist and Chosen","floor":21,"turns":6},{"damage":50,"enemies":"Book of Stabbing","floor":24,"turns":7}],"seed_played":"-5187940984557886391","potions_obtained":[{"floor":1.0,"key":"EssenceOfSteel"},{"floor":2.0,"key":"FocusPotion"},{"floor":11.0,"key":"Weak Potion"},{"floor":14,"key":"Block Potion"},{"floor":19,"key":"Dexterity Potion"}],"is_trial":false,"path_per_floor":["M","?","M","$","M","R","M","R","T","M","M","R","M","E","R","B",null,"M","M","$","M","?","R","E"],"character_chosen":"DEFECT","items_purchased":["Membership Card","Capacitor","Genetic Algorithm","MealTicket","Regen Potion"],"campfire_rested":3,"item_purchase_floors":[4,20,20,20,20],"current_hp_per_floor":[64,64,63,63,51,51,43,43,53,39,25,49,45,36,60,49,73,50,24,24,26,26,50,0],"gold":313,"neow_bonus":"HUNDRED_GOLD","is_prod":false,"is_daily":false,"chose_seed":false,"campfire_upgraded":2,"win_rate":0,"timestamp":1549855845,"path_taken":["M","?","M","$","M","R","M","R","T","?","M","R","M","E","R","BOSS","M","M","$","M","?","R","E"],"build_version":"2019-01-23","purchased_purges":1,"victory":false,"max_hp_per_floor":[71,71,71,71,71,71,71,71,81,81,81,81,81,81,81,81,81,81,81,81,81,81,81,81],"card_choices":[{"not_picked":["Consume","Double Energy"],"picked":"Loop","floor":1.0},{"not_picked":["Barrage","Hello World"],"picked":"Leap","floor":3.0},{"not_picked":["Turbo","Self Repair"],"picked":"Defragment","floor":5.0},{"not_picked":["Static Discharge","Rebound"],"picked":"Conserve Battery","floor":7.0},{"not_picked":["Coolheaded","Turbo"],"picked":"Sunder","floor":10.0},{"not_picked":["Leap","Sweeping Beam"],"picked":"Go for the Eyes","floor":11.0},{"not_picked":["Redo","Rip and Tear"],"picked":"Cold Snap","floor":13.0},{"not_picked":["Tempest","Sweeping Beam"],"picked":"Steam","floor":14},{"not_picked":["Buffer","Hyperbeam"],"picked":"Electrodynamics","floor":16},{"not_picked":["Turbo","Coolheaded"],"picked":"Glacier","floor":18},{"not_picked":["Steam Power","Redo","Go for the Eyes"],"picked":"SKIP","floor":19},{"not_picked":["Hologram","Reinforced Body"],"picked":"Capacitor","floor":21}],"player_experience":444114,"relics_obtained":[{"floor":9.0,"key":"Pear"},{"floor":14,"key":"Old Coin"}],"event_choices":[{"damage_healed":0.0,"max_hp_gain":0.0,"max_hp_loss":0.0,"gold_gain":0.0,"event_name":"Lab","player_choice":"Got Potions","floor":2.0,"gold_loss":0.0,"damage_taken":0.0},{"damage_healed":0,"gold_gain":0,"player_choice":"Stole Relic","damage_taken":0,"relics_obtained":["Oddly Smooth Stone"],"max_hp_gain":0,"max_hp_loss":0,"event_name":"Addict","floor":22,"gold_loss":0,"cards_obtained":["Shame"]}],"is_beta":false,"boss_relics":[{"not_picked":["Snecko Eye","Lizard Tail"],"picked":"Velvet Choker"}],"items_purged_floors":[20],"is_endless":false,"potions_floor_spawned":[1,5,11,14,19],"killed_by":"Book of Stabbing","ascension_level":15}