{"gold_per_floor":[114,124,124,16,30,30,49,65,65,65,98,117,128,128,128,224,224,242,255,255,267,282,282,282,282,282,282,300,300,312,324,324,427,427,440,220,220,236,37,37,67,67,67,99,99,117,69,69,69,69],"floor_reached":51,"playtime":4720,"items_purged":[],"score":684,"play_id":"f55d3209-0856-47eb-979e-1bd3f185de57","local_time":"20181012000331","is_ascension_mode":false,"campfire_choices":[{"data":"Sunder","floor":6,"key":"SMITH"},{"data":"Loop","floor":10,"key":"SMITH"},{"data":"Chaos","floor":15,"key":"SMITH"},{"data":"Fission","floor":23,"key":"SMITH"},{"data":"Loop","floor":27,"key":"SMITH"},{"data":"Go for the Eyes","floor":29,"key":"SMITH"},{"floor":32,"key":"REST"},{"floor":40,"key":"REST"},{"floor":42,"key":"REST"},{"floor":49,"key":"REST"}],"neow_cost":"NONE","seed_source_timestamp":15777717868303,"circlet_count":0,"master_deck":["Strike_B","Strike_B","Defend_B","Defend_B","Defend_B","Defend_B","Zap+1","Dualcast","Scrape","Coolheaded","Loop+1","Sunder+1","Chaos+1","Genetic Algorithm","Glacier","Leap","Ball Lightning","Sweeping Beam","Fission+1","Go for the Eyes+1","Compile Driver+1","Loop+1","Hologram","Beam Cell+1","Heatsinks","Rainbow","Skim+1","Capacitor","Lockon","Biased Cognition","Streamline+1","Capacitor","Steam","Defragment","Leap","Coolheaded","Reinforced Body+1","Consume","Stack"],"relics":["Cracked Core","Gambling Chip","Meat on the Bone","Cursed Key","Sozu","DollysMirror","Calipers","Juzu Bracelet","Turnip","Shovel"],"potions_floor_usage":[16,16,21,31,33,35,38],"damage_taken":[{"damage":6,"enemies":"Jaw Worm","floor":1,"turns":3},{"damage":0,"enemies":"2 Louse","floor":2,"turns":2},{"damage":0,"enemies":"Small Slimes","floor":5,"turns":3},{"damage":5,"enemies":"Looter","floor":7,"turns":2},{"damage":2,"enemies":"Red Slaver","floor":8,"turns":3},{"damage":14,"enemies":"Lagavulin","floor":11,"turns":7},{"damage":2,"enemies":"3 Louse","floor":12,"turns":3},{"damage":0,"enemies":"2 Fungi Beasts","floor":13,"turns":2},{"damage":5,"enemies":"Slime Boss","floor":16,"turns":9},{"damage":9,"enemies":"Shell Parasite","floor":18,"turns":9},{"damage":0,"enemies":"Spheric Guardian","floor":19,"turns":3},{"damage":16,"enemies":"Snake Plant","floor":21,"turns":7},{"damage":9,"enemies":"3 Cultists","floor":22,"turns":5},{"damage":1,"enemies":"Shelled Parasite and Fungi","floor":28,"turns":4},{"damage":1,"enemies":"Snake Plant","floor":30,"turns":3},{"damage":0,"enemies":"3 Cultists","floor":31,"turns":3},{"damage":24,"enemies":"Automaton","floor":33,"turns":9},{"damage":22,"enemies":"3 Shapes","floor":35,"turns":3},{"damage":0,"enemies":"Mind Bloom Boss Battle","floor":37,"turns":7},{"damage":9,"enemies":"3 Darklings","floor":38,"turns":4},{"damage":33,"enemies":"Nemesis","floor":41,"turns":7},{"damage":18,"enemies":"2 Orb Walkers","floor":44,"turns":4},{"damage":0,"enemies":"Sphere and 2 Shapes","floor":46,"turns":5},{"damage":21,"enemies":"Awakened One","floor":50,"turns":28}],"seed_played":"-8870760125377553034","potions_obtained":[{"floor":5,"key":"Dexterity Potion"},{"floor":7,"key":"SteroidPotion"},{"floor":8,"key":"SpeedPotion"},{"floor":12,"key":"Regen Potion"},{"floor":13,"key":"Fire Potion"},{"floor":18,"key":"FocusPotion"},{"floor":19,"key":"AttackPotion"},{"floor":28,"key":"Weak Potion"},{"floor":33,"key":"FearPotion"}],"is_trial":false,"path_per_floor":["M","M","?","$","M","R","M","M","T","R","E","M","M","?","R","B",null,"M","M","?","M","M","R","?","?","T","R","M","R","M","M","R","B",null,"M","$","?","M","$","R","E","R","T","E","?","M","$","?","R","B"],"character_chosen":"DEFECT","items_purchased":["Loop","Sunder","DollysMirror","Steam","Juzu Bracelet","Coolheaded","Stack"],"campfire_rested":4,"item_purchase_floors":[4,4,36,36,39,39,47],"current_hp_per_floor":[69,69,74,74,74,74,69,67,67,67,53,51,51,80,80,75,80,71,71,71,70,61,61,61,61,61,61,60,60,59,59,80,56,80,58,58,58,49,49,73,52,76,76,58,58,58,58,58,80,59],"gold":69,"neow_bonus":"UPGRADE_CARD","is_prod":false,"is_daily":false,"chose_seed":false,"campfire_upgraded":6,"win_rate":0,"timestamp":1539317011,"path_taken":["M","M","?","$","M","R","M","M","T","R","E","M","M","?","R","BOSS","M","M","?","M","M","R","?","?","T","R","M","R","?","M","R","BOSS","M","$","?","M","$","R","E","R","T","E","?","M","$","?","R","BOSS"],"build_version":"2018-10-11","purchased_purges":0,"victory":true,"max_hp_per_floor":[75,75,80,80,80,80,80,80,80,80,80,80,80,80,80,80,80,80,80,80,80,80,80,80,80,80,80,80,80,80,80,80,80,80,80,80,80,80,80,80,80,80,80,80,80,80,80,80,80,80],"card_choices":[{"not_picked":["Barrage","Rip and Tear"],"picked":"Scrape","floor":1},{"not_picked":["Reprogram","Hello World"],"picked":"Coolheaded","floor":2},{"not_picked":["Storm","Redo"],"picked":"Chaos","floor":5},{"not_picked":["Storm","Barrage"],"picked":"Genetic Algorithm","floor":7},{"not_picked":["Beam Cell","Cold Snap"],"picked":"Glacier","floor":8},{"not_picked":["Coolheaded","Redo"],"picked":"Leap","floor":11},{"not_picked":["Rebound","Reprogram"],"picked":"Ball Lightning","floor":12},{"not_picked":["Recycle","Reprogram"],"picked":"Sweeping Beam","floor":13},{"not_picked":["Seek","Hyperbeam"],"picked":"Fission","floor":16},{"not_picked":["Cold Snap","Gash"],"picked":"Go for the Eyes","floor":18},{"not_picked":["Beam Cell","Turbo"],"picked":"Compile Driver+1","floor":19},{"not_picked":["Stack","Cold Snap"],"picked":"Hologram","floor":21},{"not_picked":["Streamline","Conserve Battery"],"picked":"Beam Cell+1","floor":22},{"not_picked":["Sweeping Beam","Sunder"],"picked":"Skim+1","floor":28},{"not_picked":["Sweeping Beam","Core Surge"],"picked":"Capacitor","floor":30},{"not_picked":["Gash","Leap"],"picked":"Lockon","floor":31},{"not_picked":["Rainbow","Amplify"],"picked":"Biased Cognition","floor":33},{"not_picked":["Skim","Barrage+1"],"picked":"Streamline+1","floor":35},{"not_picked":["Barrage+1","Hologram+1"],"picked":"Defragment","floor":37},{"not_picked":["Sweeping Beam","Beam Cell"],"picked":"Leap","floor":38},{"not_picked":["Streamline","Compile Driver","Aggregate+1"],"picked":"SKIP","floor":41},{"not_picked":["Genetic Algorithm+1","Compile Driver+1"],"picked":"Reinforced Body+1","floor":44},{"not_picked":["Glacier","Coolheaded+1"],"picked":"Consume","floor":46}],"player_experience":3006489,"relics_obtained":[{"floor":9,"key":"Gambling Chip"},{"floor":11,"key":"Meat on the Bone"},{"floor":37,"key":"Calipers"},{"floor":41,"key":"Turnip"},{"floor":44,"key":"Shovel"}],"event_choices":[{"event_name":"Big Fish","player_choice":"Donut","floor":3,"damage_taken":0},{"event_name":"Wheel of Change","player_choice":"Full Heal","floor":14,"damage_taken":0},{"event_name":"The Library","player_choice":"Read","floor":20,"damage_taken":0},{"event_name":"Vampires","player_choice":"Ignored","floor":24,"damage_taken":0},{"event_name":"Drug Dealer","player_choice":"Became Test Subject","floor":25,"damage_taken":0},{"event_name":"MindBloom","player_choice":"Fight","floor":37,"damage_taken":0},{"event_name":"Match and Keep!","player_choice":"0 cards matched","floor":45,"damage_taken":0},{"event_name":"SecretPortal","player_choice":"Rejected Portal.","floor":48,"damage_taken":0}],"is_beta":false,"boss_relics":[{"not_picked":["Empty Cage","Tiny House"],"picked":"Cursed Key"},{"not_picked":["White Beast Statue","Velvet Choker"],"picked":"Sozu"}],"items_purged_floors":[],"is_endless":false,"potions_floor_spawned":[5,7,8,12,13,18,19,28,33,37,38],"ascension_level":0}