{"gold_per_floor":[114,131,17,17,29,29,49,49,49,60,77,91,91,103,103,198,198,188,204,215,229,229,229,242,269,314,314,247,258,274,25,25,122,122,139,153,32,32,43,43,78,41,119,119,136,136,136,150,150,150],"floor_reached":51,"playtime":5493,"items_purged":["Pain"],"score":754,"play_id":"6bbf3f64-0edb-41fb-87de-90cef0576932","local_time":"20180907012615","is_ascension_mode":true,"campfire_choices":[{"data":"Sunder","floor":6,"key":"SMITH"},{"data":"Conserve Battery","floor":8,"key":"SMITH"},{"data":"Conserve Battery","floor":13,"key":"SMITH"},{"data":"Capacitor","floor":15,"key":"SMITH"},{"data":"Defragment","floor":23,"key":"SMITH"},{"floor":27,"key":"REST"},{"floor":32,"key":"REST"},{"data":"Loop","floor":40,"key":"SMITH"},{"data":"Defragment","floor":47,"key":"SMITH"},{"data":"Capacitor","floor":49,"key":"SMITH"}],"neow_cost":"CURSE","seed_source_timestamp":615964990873055,"circlet_count":0,"master_deck":["Zap","Dualcast","Compile Driver","Static Discharge","Conserve Battery+1","Conserve Battery+1","Sunder+1","Darkness","Ball Lightning","Go for the Eyes","Cold Snap","Auto Shields","Capacitor+1","Machine Learning","Aggregate","Beam Cell","Barrage","Sweeping Beam","Cold Snap","Chaos+1","Defragment+1","Steam","Seek+1","Chill","Consume+1","Self Repair","Creative AI","Leap","Reinforced Body","Core Surge","Loop+1","Capacitor+1","Defragment+1","Glacier","Defragment"],"relics":["Cracked Core","Mango","Pandora\u0027s Box","Thread and Needle","Ancient Tea Set","Velvet Choker","Ice Cream","Gremlin Horn","Calipers"],"potions_floor_usage":[12,21,22,25,25,35,36,41,48,50,50],"damage_taken":[{"damage":5,"enemies":"Cultist","floor":1,"turns":3},{"damage":5,"enemies":"Small Slimes","floor":2,"turns":3},{"damage":0,"enemies":"2 Louse","floor":5,"turns":1},{"damage":6,"enemies":"Lots of Slimes","floor":7,"turns":3},{"damage":3,"enemies":"Looter","floor":10,"turns":3},{"damage":8,"enemies":"Exordium Wildlife","floor":11,"turns":3},{"damage":0,"enemies":"Blue Slaver","floor":12,"turns":2},{"damage":0,"enemies":"Large Slime","floor":14,"turns":4},{"damage":18,"enemies":"The Guardian","floor":16,"turns":9},{"damage":0,"enemies":"2 Thieves","floor":18,"turns":4},{"damage":8,"enemies":"Shell Parasite","floor":19,"turns":5},{"damage":6,"enemies":"Cultist and Chosen","floor":20,"turns":5},{"damage":0,"enemies":"Centurion and Healer","floor":21,"turns":6},{"damage":18,"enemies":"Colosseum Slavers","floor":22,"turns":4},{"damage":5,"enemies":"3 Cultists","floor":24,"turns":6},{"damage":16,"enemies":"Book of Stabbing","floor":25,"turns":5},{"damage":17,"enemies":"Snake Plant","floor":29,"turns":4},{"damage":0,"enemies":"Cultist and Chosen","floor":30,"turns":6},{"damage":49,"enemies":"Automaton","floor":33,"turns":13},{"damage":8,"enemies":"3 Darklings","floor":35,"turns":7},{"damage":0,"enemies":"3 Shapes","floor":36,"turns":4},{"damage":7,"enemies":"Sphere and 2 Shapes","floor":39,"turns":6},{"damage":0,"enemies":"Giant Head","floor":41,"turns":10},{"damage":0,"enemies":"Mind Bloom Boss Battle","floor":44,"turns":9},{"damage":0,"enemies":"Reptomancer","floor":45,"turns":9},{"damage":6,"enemies":"Spire Growth","floor":48,"turns":7},{"damage":8,"enemies":"Time Eater","floor":50,"turns":12}],"seed_played":"-7067945813526670846","potions_obtained":[{"floor":10,"key":"FocusPotion"},{"floor":11,"key":"Fruit Juice"},{"floor":12,"key":"GamblersBrew"},{"floor":16,"key":"Ancient Potion"},{"floor":18,"key":"SkillPotion"},{"floor":20,"key":"Energy Potion"},{"floor":21,"key":"Dexterity Potion"},{"floor":25,"key":"Dexterity Potion"},{"floor":29,"key":"SkillPotion"},{"floor":33,"key":"Ancient Potion"},{"floor":36,"key":"Fruit Juice"},{"floor":41,"key":"Weak Potion"}],"is_trial":false,"path_per_floor":["M","M","$","?","M","R","M","R","T","M","M","M","R","M","R","B",null,"M","M","M","M","?","R","M","E","T","R","$","M","M","$","R","B",null,"M","M","$","?","M","R","E","$","T","?","M","?","R","M","R","B"],"character_chosen":"DEFECT","items_purchased":["Sunder","Chill","Creative AI","Leap","Reinforced Body","Capacitor","PowerPotion","Defragment"],"campfire_rested":2,"item_purchase_floors":[3,28,31,31,31,37,37,42],"current_hp_per_floor":[70,65,65,58,58,58,52,52,66,63,55,60,60,60,60,42,94,94,86,80,80,62,62,57,41,41,69,69,52,52,52,80,31,94,93,98,98,98,98,98,99,99,99,99,99,99,99,99,99,91],"gold":150,"neow_bonus":"TRANSFORM_TWO_CARDS","is_prod":false,"is_daily":false,"chose_seed":false,"campfire_upgraded":8,"win_rate":0,"timestamp":1536297975,"path_taken":["M","M","$","?","M","R","M","R","T","M","M","M","R","M","R","BOSS","M","M","M","?","?","R","M","E","T","R","?","M","M","$","R","BOSS","M","M","$","?","?","R","E","$","T","?","?","?","R","M","R","BOSS"],"build_version":"2018-09-06","purchased_purges":1,"victory":true,"max_hp_per_floor":[75,75,75,75,75,75,75,75,89,89,89,94,94,94,94,94,94,94,94,94,94,94,94,94,94,94,94,94,94,94,94,94,94,94,94,99,99,99,99,99,99,99,99,99,99,99,99,99,99,99],"card_choices":[{"not_picked":["Rebound","Hologram"],"picked":"Conserve Battery","floor":1},{"not_picked":["Redo","Barrage"],"picked":"Conserve Battery","floor":2},{"not_picked":["Redo","Static Discharge"],"picked":"Darkness","floor":5},{"not_picked":["Fusion","Compile Driver"],"picked":"Ball Lightning","floor":7},{"not_picked":["Storm","FTL"],"picked":"Go for the Eyes","floor":10},{"not_picked":["Hello World","Gash"],"picked":"Cold Snap","floor":11},{"not_picked":["Conserve Battery","Leap"],"picked":"Auto Shields","floor":12},{"not_picked":["Chill","Rainbow"],"picked":"Capacitor","floor":14},{"not_picked":["All For One","Hyperbeam"],"picked":"Machine Learning","floor":16},{"not_picked":["Steam","Loop"],"picked":"Chaos+1","floor":18},{"not_picked":["Gash","Stack","Cold Snap"],"picked":"SKIP","floor":19},{"not_picked":["Hologram+1","Gash"],"picked":"Defragment","floor":20},{"not_picked":["Aggregate","Leap","Hologram"],"picked":"SKIP","floor":21},{"not_picked":["Stack","Ball Lightning"],"picked":"Steam","floor":24},{"not_picked":["Sweeping Beam","Stack"],"picked":"Seek","floor":25},{"not_picked":["Force Field","Chaos"],"picked":"Consume+1","floor":29},{"not_picked":["Scrape+1","Steam"],"picked":"Self Repair","floor":30},{"not_picked":["Hyperbeam","Reboot"],"picked":"Core Surge","floor":33},{"not_picked":["Barrage+1","Fusion","Redo"],"picked":"SKIP","floor":35},{"not_picked":["Static Discharge+1","Undo+1"],"picked":"Loop","floor":36},{"not_picked":["Redo","Auto Shields","Cold Snap+1"],"picked":"SKIP","floor":39},{"not_picked":["Streamline","Rainbow","Gash"],"picked":"SKIP","floor":41},{"not_picked":["Ball Lightning+1","Rebound"],"picked":"Glacier","floor":44},{"not_picked":["Turbo+1","BootSequence"],"picked":"Defragment","floor":45},{"not_picked":["Conserve Battery+1","Darkness+1","Double Energy"],"picked":"SKIP","floor":48}],"player_experience":2669205,"relics_obtained":[{"floor":9,"key":"Mango"},{"floor":25,"key":"Thread and Needle"},{"floor":26,"key":"Ancient Tea Set"},{"floor":41,"key":"Ice Cream"},{"floor":43,"key":"Gremlin Horn"},{"floor":44,"key":"Calipers"}],"event_choices":[{"event_name":"Golden Wing","player_choice":"Card Removal","floor":4,"damage_taken":0},{"event_name":"Colosseum","player_choice":"Fight","floor":22,"damage_taken":0},{"event_name":"Colosseum","player_choice":"Fled From Nobs","floor":22,"damage_taken":0},{"event_name":"Match and Keep!","player_choice":"0 cards matched","floor":38,"damage_taken":0},{"event_name":"MindBloom","player_choice":"Fight","floor":44,"damage_taken":0},{"event_name":"Accursed Blacksmith","player_choice":"Forge","floor":46,"damage_taken":0}],"is_beta":false,"boss_relics":[{"not_picked":["Busted Crown","Calling Bell"],"picked":"Pandora\u0027s Box"},{"not_picked":["Runic Pyramid","FrozenCore"],"picked":"Velvet Choker"}],"items_purged_floors":[3],"is_endless":false,"potions_floor_spawned":[10,11,12,16,18,20,21,25,29,33,36,41],"ascension_level":1}