{"gold_per_floor":[112,126,141,155,165,165,177,177,177,252,272,272,286,286,286,384,384,409,409,14,27,40,40],"floor_reached":23,"playtime":1860,"items_purged":["Strike_G"],"score":374,"play_id":"f9baa47f-52d6-485f-87e5-9850d3c35639","local_time":"20181227235413","is_ascension_mode":true,"campfire_choices":[{"floor":6,"key":"REST"},{"data":"Crippling Poison","floor":8,"key":"SMITH"},{"floor":15,"key":"REST"}],"neow_cost":"NONE","seed_source_timestamp":912132739008289,"circlet_count":0,"master_deck":["AscendersBane","Defend_G","Defend_G","Defend_G","Strike_G","Strike_G","Survivor","Neutralize","Dash","Leg Sweep","Poisoned Stab","Crippling Poison+1","PiercingWail","Dodge and Roll","After Image","Infinite Blades","Wraith Form v2","Deadly Poison","Noxious Fumes","Blur","PiercingWail"],"relics":["Empty Cage","Letter Opener","Golden Idol","Snecko Eye","Happy Flower"],"potions_floor_usage":[16,18,23],"damage_taken":[{"damage":13,"enemies":"Jaw Worm","floor":1,"turns":7},{"damage":4,"enemies":"Small Slimes","floor":2,"turns":5},{"damage":0,"enemies":"Cultist","floor":3,"turns":4},{"damage":11,"enemies":"Exordium Wildlife","floor":4,"turns":6},{"damage":18,"enemies":"Large Slime","floor":5,"turns":9},{"damage":2,"enemies":"2 Fungi Beasts","floor":7,"turns":6},{"damage":10,"enemies":"Exordium Wildlife","floor":11,"turns":4},{"damage":0,"enemies":"Looter","floor":13,"turns":4},{"damage":17,"enemies":"Hexaghost","floor":16,"turns":13},{"damage":0,"enemies":"2 Thieves","floor":18,"turns":4},{"damage":12,"enemies":"Shell Parasite","floor":21,"turns":6},{"damage":2,"enemies":"Snake Plant","floor":22,"turns":6},{"damage":34,"enemies":"Book of Stabbing","floor":23,"turns":5}],"seed_played":"-2627349594847124150","potions_obtained":[{"floor":2,"key":"Strength Potion"},{"floor":3,"key":"Swift Potion"},{"floor":11,"key":"Fire Potion"},{"floor":18,"key":"SteroidPotion"},{"floor":22,"key":"Block Potion"}],"is_trial":false,"path_per_floor":["M","M","M","M","M","R","M","R","T","?","M","?","M","?","R","B",null,"M","?","$","M","M","E"],"character_chosen":"THE_SILENT","items_purchased":["Noxious Fumes","Happy Flower","Blur"],"campfire_rested":2,"item_purchase_floors":[20,20,20],"current_hp_per_floor":[46,42,42,31,13,32,30,30,30,19,9,9,9,9,27,10,48,48,48,48,36,34,0],"gold":40,"neow_bonus":"BOSS_RELIC","is_prod":false,"is_daily":false,"chose_seed":false,"campfire_upgraded":1,"win_rate":0,"timestamp":1545983653,"path_taken":["M","M","M","M","M","R","M","R","T","?","M","?","M","?","R","BOSS","M","?","$","M","M","E"],"build_version":"2018-12-20","purchased_purges":1,"victory":false,"max_hp_per_floor":[66,66,66,66,66,66,66,66,66,66,66,66,66,60,60,60,60,60,60,60,60,60,60],"card_choices":[{"not_picked":["Backflip","Expertise","Catalyst"],"picked":"SKIP","floor":1},{"not_picked":["Blade Dance","Quick Slash"],"picked":"Dash","floor":2},{"not_picked":["Deflect","Blade Dance"],"picked":"Leg Sweep","floor":3},{"not_picked":["Outmaneuver","Bane"],"picked":"Poisoned Stab","floor":4},{"not_picked":["Blade Dance","Heel Hook"],"picked":"Crippling Poison","floor":5},{"not_picked":["Phantasmal Killer","Acrobatics"],"picked":"PiercingWail","floor":7},{"not_picked":["Acrobatics","Underhanded Strike"],"picked":"Dodge and Roll","floor":11},{"not_picked":["Heel Hook","Flying Knee"],"picked":"Infinite Blades","floor":13},{"not_picked":["Die Die Die","Malaise"],"picked":"Wraith Form v2","floor":16},{"not_picked":["Blade Dance+1","Escape Plan"],"picked":"Deadly Poison","floor":18},{"not_picked":["Dagger Throw","Poisoned Stab"],"picked":"PiercingWail","floor":21},{"not_picked":["PiercingWail","Tactician","Endless Agony"],"picked":"SKIP","floor":22}],"player_experience":241924,"relics_obtained":[{"floor":9,"key":"Letter Opener"}],"event_choices":[{"damage_healed":0,"gold_gain":75,"player_choice":"Gather Gold","damage_taken":11,"max_hp_gain":0,"max_hp_loss":0,"event_name":"World of Goop","floor":10,"gold_loss":0},{"damage_healed":0,"gold_gain":0,"cards_transformed":["Strike_G"],"player_choice":"Change","damage_taken":0,"max_hp_gain":0,"max_hp_loss":0,"event_name":"Living Wall","floor":12,"gold_loss":0,"cards_obtained":["After Image"]},{"damage_healed":0,"gold_gain":0,"player_choice":"Lose Max HP","damage_taken":0,"relics_obtained":["Golden Idol"],"max_hp_gain":0,"max_hp_loss":6,"event_name":"Golden Idol","floor":14,"gold_loss":0},{"cards_removed":["Defend_G"],"damage_healed":0,"gold_gain":0,"player_choice":"Purged","damage_taken":0,"max_hp_gain":0,"max_hp_loss":0,"event_name":"Purifier","floor":19,"gold_loss":0}],"is_beta":false,"boss_relics":[{"not_picked":["Runic Dome","Lizard Tail"],"picked":"Snecko Eye"}],"items_purged_floors":[20],"is_endless":false,"potions_floor_spawned":[2,3,11,18,22],"killed_by":"Book of Stabbing","ascension_level":20}