{"gold_per_floor":[111,111,125,138,163,199,199,199,225,244,244,269,299,24,24,144,144,159,182,195,117,130,130,229,262,288,288,288,288,288,302,302,302],"floor_reached":33,"playtime":2453,"items_purged":[],"score":292,"play_id":"d7049dc3-4a5b-43cf-a5f7-9fc55f311b32","local_time":"20180623191415","is_ascension_mode":false,"campfire_choices":[{"floor":7,"key":"REST"},{"data":"White Noise","floor":11,"key":"SMITH"},{"floor":15,"key":"REST"},{"floor":23,"key":"REST"},{"floor":27,"key":"REST"},{"floor":30,"key":"REST"},{"floor":32,"key":"REST"}],"neow_cost":"NONE","seed_source_timestamp":35356774540448,"circlet_count":0,"master_deck":["Defend_B","Defend_B","Defend_B","Defend_B","Zap","Dualcast","Streamline","Gash","Injury","Gash","Go for the Eyes","Stack","White Noise+1","Beam Cell","All For One","Apotheosis","Swift Strike","Rainbow","Go for the Eyes","Tempest+1","White Noise+1","FTL","Gash","Loop","Bite","Bite","Bite","Bite","Bite"],"relics":["Cracked Core","Golden Idol","Bag of Preparation","Inserter","Vajra","Potion Belt"],"potions_floor_usage":[6,16,19,20,25,33,33],"damage_taken":[{"damage":7,"enemies":"2 Louse","floor":1,"turns":2},{"damage":5,"enemies":"Small Slimes","floor":3,"turns":3},{"damage":0,"enemies":"Cultist","floor":4,"turns":2},{"damage":16,"enemies":"Red Slaver","floor":5,"turns":4},{"damage":22,"enemies":"3 Sentries","floor":6,"turns":6},{"damage":18,"enemies":"3 Louse","floor":10,"turns":3},{"damage":7,"enemies":"Looter","floor":12,"turns":2},{"damage":8,"enemies":"Slime Boss","floor":16,"turns":8},{"damage":0,"enemies":"Spheric Guardian","floor":18,"turns":4},{"damage":16,"enemies":"3 Byrds","floor":19,"turns":3},{"damage":22,"enemies":"Snecko","floor":20,"turns":6},{"damage":15,"enemies":"3 Cultists","floor":22,"turns":5},{"damage":38,"enemies":"Slavers","floor":25,"turns":6},{"damage":34,"enemies":"Snake Plant","floor":31,"turns":4},{"damage":52,"enemies":"Collector","floor":33,"turns":3}],"seed_played":"2013200633774242228","potions_obtained":[{"floor":1,"key":"SkillPotion"},{"floor":5,"key":"Energy Potion"},{"floor":6,"key":"Fire Potion"},{"floor":10,"key":"LiquidBronze"},{"floor":19,"key":"SneckoOil"},{"floor":22,"key":"SkillPotion"},{"floor":25,"key":"Poison Potion"}],"is_trial":false,"path_per_floor":["M","?","M","M","M","E","R","?","T","M","R","M","?","$","R","B",null,"M","M","M","$","M","R","?","E","T","R","?","?","R","M","R"],"character_chosen":"DEFECT","items_purchased":["Apotheosis","Swift Strike","FTL"],"campfire_rested":6,"item_purchase_floors":[14,14,21],"current_hp_per_floor":[68,68,63,63,47,25,47,72,72,63,63,58,58,58,75,67,75,75,59,39,39,36,58,58,22,22,44,44,28,50,21,43,0],"gold":302,"neow_bonus":"THREE_CARDS","is_prod":false,"is_daily":false,"chose_seed":false,"campfire_upgraded":1,"win_rate":0.0,"timestamp":1529795655,"path_taken":["M","?","?","M","M","E","R","?","T","M","R","M","?","$","R","BOSS","M","M","M","$","M","R","?","E","T","R","?","?","R","M","R","BOSS"],"build_version":"2018-06-21v2","purchased_purges":0,"victory":false,"max_hp_per_floor":[75,75,75,75,75,75,75,75,75,75,75,75,75,75,75,75,75,75,75,75,75,75,75,75,75,75,75,75,75,75,75,75,75],"card_choices":[{"not_picked":["Coolheaded","Hologram"],"picked":"Streamline","floor":0},{"not_picked":["Steam Power","Streamline"],"picked":"Gash","floor":1},{"not_picked":["Aggregate","Auto Shields"],"picked":"Gash","floor":3},{"not_picked":["Stack","Conserve Battery"],"picked":"Go for the Eyes","floor":4},{"not_picked":["Heatsinks","Coolheaded"],"picked":"Stack","floor":5},{"not_picked":["Double Energy","Coolheaded"],"picked":"White Noise","floor":6},{"not_picked":["Hologram","Go for the Eyes"],"picked":"Beam Cell","floor":10},{"not_picked":["Blizzard","Storm"],"picked":"All For One","floor":12},{"not_picked":["Machine Learning","Thunder Strike"],"picked":"Rainbow","floor":16},{"not_picked":["Stack","Cold Snap"],"picked":"Go for the Eyes","floor":18},{"not_picked":["Cold Snap","Compile Driver"],"picked":"Tempest+1","floor":19},{"not_picked":["Sweeping Beam","FTL"],"picked":"White Noise+1","floor":20},{"not_picked":["Redo","Conserve Battery+1"],"picked":"Gash","floor":22},{"not_picked":["Echo Form","Redo"],"picked":"Loop","floor":25},{"not_picked":["Coolheaded","Sweeping Beam","Rebound"],"picked":"SKIP","floor":31}],"player_experience":57727,"relics_obtained":[{"floor":6,"key":"Bag of Preparation"},{"floor":9,"key":"Blood Vial"},{"floor":25,"key":"Vajra"},{"floor":26,"key":"Potion Belt"}],"event_choices":[{"event_name":"Golden Idol","player_choice":"Take Wound","floor":2,"damage_taken":0},{"event_name":"Big Fish","player_choice":"Banana","floor":8,"damage_taken":0},{"event_name":"Dead Adventurer","player_choice":"Searched \u00271\u0027 times","floor":13,"damage_taken":0},{"event_name":"Nest","player_choice":"Stole From Cult","floor":24,"damage_taken":0},{"event_name":"Vampires","player_choice":"Became a vampire (Vial)","floor":28,"damage_taken":0},{"event_name":"Cursed Tome","player_choice":"Obtained Book","floor":29,"damage_taken":0}],"boss_relics":[{"not_picked":["Calling Bell","Velvet Choker"],"picked":"Inserter"}],"items_purged_floors":[],"is_endless":false,"potions_floor_spawned":[1,5,6,10,19,22,25],"killed_by":"Collector","ascension_level":0}