{"gold_per_floor":[113,124,142,161,177,177,202,202,202,258,275,294,5,15,15,115,115,134,134,134,146,159,159,159,159,159,190,204,204,221,237,237,333,333,353,368,368,383,40,75,75,75,75,75,94,124,142,153,153,153,153,153,4,39,39],"floor_reached":55,"playtime":5382,"items_purged":["Strike_R"],"score":1026,"play_id":"8a7adc13-e6c5-49cc-9bf0-b55a2ed6c05d","local_time":"20190107131331","is_ascension_mode":true,"campfire_choices":[{"data":"Bash","floor":6.0,"key":"SMITH"},{"data":"Cleave","floor":8.0,"key":"SMITH"},{"data":"Havoc","floor":15.0,"key":"SMITH"},{"data":"Limit Break","floor":23.0,"key":"SMITH"},{"data":"Inflame","floor":25.0,"key":"SMITH"},{"data":"Metallicize","floor":29.0,"key":"SMITH"},{"data":"Metallicize","floor":32.0,"key":"SMITH"},{"data":"Shrug It Off","floor":41.0,"key":"SMITH"},{"floor":44.0,"key":"RECALL"},{"data":"Fiend Fire","floor":49.0,"key":"SMITH"},{"floor":52,"key":"REST"}],"neow_cost":"NONE","seed_source_timestamp":1820490272827818,"circlet_count":0,"master_deck":["Strike_R","Defend_R","Defend_R","Defend_R","Defend_R","Bash+1","Iron Wave","Cleave+1","Headbutt","Metallicize+1","Inflame+1","Metallicize+1","Havoc+1","Limit Break+1","Immolate+1","Feel No Pain+1","Demon Form+1","Iron Wave","Shrug It Off+1","Cleave","Shrug It Off+1","Twin Strike","Shrug It Off+1","Fiend Fire+1","Shrug It Off+1","Clothesline+1","Headbutt","Shockwave+1","Disarm+1","Exhume+1","Ghostly Armor+1"],"special_seed":0,"relics":["Burning Blood","Blood Vial","Pantograph","Mummified Hand","Tiny Chest","Charon\u0027s Ashes","Astrolabe","MutagenicStrength","Toxic Egg 2","Turnip","Snecko Eye","Anchor","Art of War","Smiling Mask","FossilizedHelix","Boot"],"potions_floor_usage":[50,50,50,55],"damage_taken":[{"damage":4.0,"enemies":"Small Slimes","floor":1.0,"turns":4.0},{"damage":3.0,"enemies":"Jaw Worm","floor":2.0,"turns":4.0},{"damage":4.0,"enemies":"2 Louse","floor":3.0,"turns":3.0},{"damage":7.0,"enemies":"Looter","floor":4.0,"turns":5.0},{"damage":0.0,"enemies":"Large Slime","floor":5.0,"turns":4.0},{"damage":38.0,"enemies":"Lagavulin","floor":7.0,"turns":7.0},{"damage":21.0,"enemies":"Gremlin Nob","floor":10.0,"turns":4.0},{"damage":15.0,"enemies":"Exordium Thugs","floor":11.0,"turns":5.0},{"damage":2.0,"enemies":"Red Slaver","floor":12.0,"turns":4.0},{"damage":7.0,"enemies":"Gremlin Gang","floor":14.0,"turns":2.0},{"damage":9.0,"enemies":"Slime Boss","floor":16.0,"turns":8.0},{"damage":3.0,"enemies":"Chosen","floor":18.0,"turns":4.0},{"damage":3.0,"enemies":"Spheric Guardian","floor":21.0,"turns":3.0},{"damage":19.0,"enemies":"Centurion and Healer","floor":22.0,"turns":5.0},{"damage":7.0,"enemies":"Gremlin Leader","floor":27.0,"turns":3.0},{"damage":19.0,"enemies":"Snake Plant","floor":28.0,"turns":5.0},{"damage":0.0,"enemies":"Snecko","floor":30.0,"turns":4.0},{"damage":8.0,"enemies":"Centurion and Healer","floor":31.0,"turns":4.0},{"damage":55.0,"enemies":"Collector","floor":33.0,"turns":7.0},{"damage":7.0,"enemies":"Orb Walker","floor":35.0,"turns":3.0},{"damage":1.0,"enemies":"3 Darklings","floor":36.0,"turns":5.0},{"damage":19.0,"enemies":"Jaw Worm Horde","floor":38.0,"turns":4.0},{"damage":9.0,"enemies":"Giant Head","floor":40.0,"turns":5.0},{"damage":0.0,"enemies":"4 Shapes","floor":45.0,"turns":3.0},{"damage":11.0,"enemies":"Reptomancer","floor":46.0,"turns":6.0},{"damage":0.0,"enemies":"Transient","floor":47.0,"turns":5.0},{"damage":0.0,"enemies":"Sphere and 2 Shapes","floor":48.0,"turns":5.0},{"damage":55,"enemies":"Awakened One","floor":50,"turns":7},{"damage":1,"enemies":"Shield and Spear","floor":54,"turns":5},{"damage":100,"enemies":"The Heart","floor":55,"turns":8}],"seed_played":"-2622339235884713639","potions_obtained":[{"floor":3.0,"key":"SneckoOil"},{"floor":5.0,"key":"Swift Potion"},{"floor":11.0,"key":"Energy Potion"},{"floor":12.0,"key":"Weak Potion"},{"floor":18.0,"key":"BloodPotion"},{"floor":21.0,"key":"Energy Potion"},{"floor":27.0,"key":"Regen Potion"},{"floor":28.0,"key":"PowerPotion"},{"floor":33.0,"key":"EssenceOfSteel"},{"floor":38.0,"key":"EntropicBrew"},{"floor":45.0,"key":"AttackPotion"},{"floor":47.0,"key":"SkillPotion"}],"is_trial":false,"path_per_floor":["M","M","M","M","M","R","E","R","T","E","M","M","$","M","R","B",null,"M","?","?","M","M","R","?","R","T","E","M","R","M","M","R","B",null,"M","M","?","M","$","E","R","?","T","R","M","E","M","M","R","B",null,"R","$","E","B"],"character_chosen":"IRONCLAD","items_purchased":["Charon\u0027s Ashes","Shockwave+1","Anchor","Art of War","Swift Potion","Weak Potion"],"campfire_rested":1,"item_purchase_floors":[13,39,39,39,53,53],"current_hp_per_floor":[76,80,80,79,80,80,48,48,48,35,28,34,34,35,35,59,75,80,80,80,80,67,67,67,67,67,68,57,57,77,77,77,31,68,69,76,76,65,65,64,64,64,64,64,72,69,76,76,76,27,64,76,76,76,0],"gold":39,"neow_bonus":"RANDOM_COMMON_RELIC","is_prod":false,"is_daily":false,"chose_seed":false,"campfire_upgraded":9,"win_rate":0,"timestamp":1546895611,"path_taken":["M","M","M","M","M","R","E","R","T","E","M","M","$","M","R","BOSS","M","?","?","M","M","R","?","R","T","E","M","R","M","M","R","BOSS","M","M","?","M","$","E","R","?","T","R","M","E","M","M","R","BOSS","R","$","E","BOSS"],"build_version":"2019-01-03v4","purchased_purges":1,"victory":false,"max_hp_per_floor":[80,80,80,80,80,80,80,80,80,80,80,80,80,80,80,80,80,80,80,80,80,80,80,80,80,80,80,80,80,80,80,80,80,80,80,80,80,80,80,80,80,76,76,76,76,76,76,76,76,76,76,76,76,76,76],"card_choices":[{"not_picked":["Wild Strike","Heavy Blade"],"picked":"Iron Wave","floor":1.0},{"not_picked":["Wild Strike","True Grit"],"picked":"Cleave","floor":2.0},{"not_picked":["Sword Boomerang","Rupture","Clash"],"picked":"SKIP","floor":3.0},{"not_picked":["Heavy Blade","Iron Wave"],"picked":"Headbutt","floor":4.0},{"not_picked":["Sentinel","Bloodletting"],"picked":"Metallicize","floor":5.0},{"not_picked":["Burning Pact","Exhume","Intimidate"],"picked":"SKIP","floor":7.0},{"not_picked":["Fire Breathing","Clash","Sword Boomerang"],"picked":"SKIP","floor":10.0},{"not_picked":["Evolve","Seeing Red"],"picked":"Inflame","floor":11.0},{"not_picked":["Rupture","Anger"],"picked":"Metallicize","floor":12.0},{"not_picked":["Headbutt","Power Through"],"picked":"Havoc","floor":14.0},{"not_picked":["Berserk","Exhume"],"picked":"Limit Break","floor":16.0},{"not_picked":["Clothesline","Flex"],"picked":"Iron Wave","floor":18.0},{"not_picked":["Heavy Blade","Clash+1","Perfected Strike"],"picked":"SKIP","floor":21.0},{"not_picked":["Heavy Blade+1","Thunderclap+1"],"picked":"Cleave","floor":22.0},{"not_picked":["Feel No Pain","Spot Weakness+1"],"picked":"Shrug It Off+1","floor":27.0},{"not_picked":["Perfected Strike","Flex+1","Immolate"],"picked":"SKIP","floor":28.0},{"not_picked":["Warcry+1","Fire Breathing+1"],"picked":"Twin Strike","floor":30.0},{"not_picked":["Wild Strike","Flex+1"],"picked":"Shrug It Off+1","floor":31.0},{"not_picked":["Berserk","Juggernaut"],"picked":"Fiend Fire","floor":33.0},{"not_picked":["Twin Strike","Entrench+1"],"picked":"Shrug It Off+1","floor":35.0},{"not_picked":["Anger+1","Body Slam+1"],"picked":"Clothesline+1","floor":36.0},{"not_picked":["Twin Strike+1","Blood for Blood"],"picked":"Headbutt","floor":38.0},{"not_picked":["Warcry+1","Rupture+1"],"picked":"Disarm+1","floor":40.0},{"not_picked":["Sever Soul","Perfected Strike+1","Flex+1"],"picked":"SKIP","floor":45.0},{"not_picked":["Power Through+1","Searing Blow"],"picked":"Exhume+1","floor":46.0},{"not_picked":["Wild Strike","Flex+1","Hemokinesis+1"],"picked":"SKIP","floor":47.0},{"not_picked":["Carnage+1","Warcry+1","Intimidate+1"],"picked":"SKIP","floor":48.0},{"not_picked":["Dual Wield+1","Power Through+1"],"picked":"Ghostly Armor+1","floor":54}],"player_experience":376684,"relics_obtained":[{"floor":7.0,"key":"Pantograph"},{"floor":9.0,"key":"Mummified Hand"},{"floor":10.0,"key":"Tiny Chest"},{"floor":26.0,"key":"Toxic Egg 2"},{"floor":27.0,"key":"Turnip"},{"floor":40.0,"key":"Smiling Mask"},{"floor":46.0,"key":"FossilizedHelix"},{"floor":54,"key":"Boot"}],"event_choices":[{"damage_healed":0.0,"max_hp_gain":0.0,"max_hp_loss":0.0,"gold_gain":0.0,"event_name":"Drug Dealer","player_choice":"Inject Mutagens","floor":19.0,"gold_loss":0.0,"damage_taken":0.0,"relics_obtained":["MutagenicStrength"]},{"damage_healed":0.0,"max_hp_gain":0.0,"max_hp_loss":0.0,"gold_gain":0.0,"event_name":"The Library","player_choice":"Read","floor":20.0,"gold_loss":0.0,"damage_taken":0.0,"cards_obtained":["Shrug It Off"]},{"damage_healed":0.0,"max_hp_gain":0.0,"max_hp_loss":0.0,"gold_gain":0.0,"event_name":"Ghosts","player_choice":"Ignored","floor":24.0,"gold_loss":0.0,"damage_taken":0.0},{"damage_healed":0.0,"max_hp_gain":0.0,"max_hp_loss":0.0,"gold_gain":0.0,"event_name":"Tomb of Lord Red Mask","player_choice":"Ignored","floor":37.0,"gold_loss":0.0,"damage_taken":0.0},{"damage_healed":0.0,"max_hp_gain":0.0,"max_hp_loss":4.0,"gold_gain":0.0,"event_name":"Winding Halls","player_choice":"Max HP","floor":42.0,"gold_loss":0.0,"damage_taken":0.0}],"is_beta":false,"boss_relics":[{"not_picked":["White Beast Statue","Runic Dome"],"picked":"Astrolabe"},{"not_picked":["Mark of Pain","Eternal Feather"],"picked":"Snecko Eye"}],"items_purged_floors":[53],"is_endless":false,"potions_floor_spawned":[3,5,11,12,18,21,27,28,33,38,40,45,47],"killed_by":"The Heart","ascension_level":8}