{"gold_per_floor":[117,132,5,18,18,18,44,60,60,90,102,102,122,141,141,237,237,237],"floor_reached":18,"playtime":1048,"items_purged":[],"score":200,"play_id":"35f237b8-ecda-4c93-8b38-ddcc447be1d7","local_time":"20190209213829","is_ascension_mode":true,"campfire_choices":[{"data":"Neutralize","floor":6,"key":"SMITH"},{"data":"Prepared","floor":12,"key":"SMITH"},{"floor":15,"key":"REST"}],"neow_cost":"TEN_PERCENT_HP_LOSS","seed_source_timestamp":706603329899824,"circlet_count":0,"master_deck":["Defend_G","Defend_G","Defend_G","Defend_G","Defend_G","Strike_G","Strike_G","Strike_G","Strike_G","Survivor","Neutralize+1","Malaise","Backflip","Cloak And Dagger","Infinite Blades","Dagger Spray","Sucker Punch","Prepared+1","Backflip","Heel Hook","Tactician","Footwork","Tools of the Trade"],"relics":["Ring of the Snake","Tingsha","Turnip","Gambling Chip","Snecko Eye"],"potions_floor_usage":[10,10,16,16,16],"damage_taken":[{"damage":0,"enemies":"2 Louse","floor":1,"turns":3},{"damage":0,"enemies":"Cultist","floor":2,"turns":5},{"damage":0,"enemies":"Jaw Worm","floor":4,"turns":5},{"damage":20,"enemies":"3 Sentries","floor":7,"turns":9},{"damage":8,"enemies":"Exordium Thugs","floor":8,"turns":4},{"damage":19,"enemies":"Lagavulin","floor":10,"turns":9},{"damage":16,"enemies":"Exordium Wildlife","floor":11,"turns":5},{"damage":0,"enemies":"Blue Slaver","floor":13,"turns":3},{"damage":0,"enemies":"Large Slime","floor":14,"turns":4},{"damage":18,"enemies":"Slime Boss","floor":16,"turns":10},{"damage":0,"enemies":"Spheric Guardian","floor":18,"turns":1}],"seed_played":"-2748772145995528234","potions_obtained":[{"floor":2,"key":"Regen Potion"},{"floor":4,"key":"EssenceOfSteel"},{"floor":10,"key":"Dexterity Potion"},{"floor":13,"key":"Explosive Potion"},{"floor":14,"key":"SkillPotion"}],"is_trial":false,"path_per_floor":["M","M","$","M","?","R","E","M","T","E","M","R","M","M","R","B",null,"M"],"character_chosen":"THE_SILENT","items_purchased":["Infinite Blades","Dagger Spray"],"campfire_rested":1,"item_purchase_floors":[3,3],"current_hp_per_floor":[63,63,63,63,63,63,43,35,35,31,15,15,15,15,33,15,63,63],"gold":237,"neow_bonus":"THREE_RARE_CARDS","is_prod":false,"is_daily":false,"chose_seed":false,"campfire_upgraded":2,"win_rate":0,"timestamp":1549719509,"path_taken":["M","M","$","M","?","R","E","M","T","E","M","R","?","M","R","BOSS","M"],"build_version":"2019-01-23","purchased_purges":0,"victory":false,"max_hp_per_floor":[63,63,63,63,63,63,63,63,63,63,63,63,63,63,63,63,63,63],"card_choices":[{"not_picked":["Night Terror","Grand Finale"],"picked":"Malaise","floor":0},{"not_picked":["Underhanded Strike","Flying Knee"],"picked":"Backflip","floor":1},{"not_picked":["Tools of the Trade","Blade Dance"],"picked":"Cloak And Dagger","floor":2},{"not_picked":["Dagger Throw","Expertise"],"picked":"Sucker Punch","floor":4},{"not_picked":["Predator","Flying Knee"],"picked":"Prepared","floor":7},{"not_picked":["Outmaneuver","Backstab"],"picked":"Backflip","floor":8},{"not_picked":["PiercingWail","Blade Dance"],"picked":"Heel Hook","floor":10},{"not_picked":["Choke","Flying Knee"],"picked":"Tactician","floor":11},{"not_picked":["Infinite Blades","After Image"],"picked":"Footwork","floor":13},{"not_picked":["Cloak And Dagger","Leg Sweep","Outmaneuver"],"picked":"SKIP","floor":14},{"not_picked":["Malaise","Night Terror"],"picked":"Tools of the Trade","floor":16}],"player_experience":213825,"relics_obtained":[{"floor":7,"key":"Tingsha"},{"floor":9,"key":"Turnip"},{"floor":10,"key":"Gambling Chip"}],"event_choices":[{"cards_removed":["Strike_G"],"damage_healed":0,"gold_gain":0,"player_choice":"Purged","damage_taken":0,"max_hp_gain":0,"max_hp_loss":0,"event_name":"Purifier","floor":5,"gold_loss":0}],"is_beta":false,"boss_relics":[{"not_picked":["Black Star","HoveringKite"],"picked":"Snecko Eye"}],"items_purged_floors":[],"is_endless":false,"potions_floor_spawned":[2,4,10,13,14],"killed_by":"Spheric Guardian","ascension_level":3}