{"gold_per_floor":[20,20,20,95,20,20,37,37,86,86,102,79,104,179,179,283,283,299,299,318,45,45,45,72,72,72,72,72,88,123,140,140,242,242,257,267,316,316,47,47,67,67,94,104,104,133,133,153,153,153],"floor_reached":51,"playtime":1921,"items_purged":["Strike_R","Strike_R","Strike_R"],"score":747,"play_id":"e3f4acc7-9d53-4be5-b8a1-7f8775823f0d","local_time":"20181213153713","is_ascension_mode":true,"campfire_choices":[{"data":"Bash","floor":6,"key":"SMITH"},{"data":"Disarm","floor":8,"key":"SMITH"},{"data":"Shrug It Off","floor":10,"key":"SMITH"},{"floor":15,"key":"REST"},{"data":"Demon Form","floor":23,"key":"SMITH"},{"data":"Metallicize","floor":25,"key":"SMITH"},{"data":"Shrug It Off","floor":27,"key":"SMITH"},{"floor":32,"key":"REST"},{"floor":40,"key":"REST"},{"floor":42,"key":"REST"},{"floor":47,"key":"REST"},{"floor":49,"key":"REST"}],"neow_cost":"NO_GOLD","seed_source_timestamp":14591667360637,"circlet_count":0,"master_deck":["Strike_R","Strike_R","Defend_R","Defend_R","Defend_R","Defend_R","Bash+1","Shrug It Off+1","Disarm+1","Spot Weakness","Iron Wave","Heavy Blade","Demon Form+1","J.A.X.","Metallicize+1","Shrug It Off+1","Bash","Limit Break","Pommel Strike","Thunderclap+1","Heavy Blade","Double Tap","Thunderclap","Infernal Blade+1","Ghostly Armor","Dramatic Entrance","Thunderclap+1","Doubt","Disarm+1"],"relics":["Burning Blood","Ginger","Blood Vial","Bag of Preparation","Runic Dome","Regal Pillow","Happy Flower","Gremlin Horn","Mercury Hourglass","Fusion Hammer","Du-Vu Doll","Strawberry","Potion Belt","Molten Egg 2"],"potions_floor_usage":[16,37,50,50,50],"damage_taken":[{"damage":0,"enemies":"Small Slimes","floor":1,"turns":3},{"damage":1,"enemies":"Cultist","floor":7,"turns":4},{"damage":2,"enemies":"Jaw Worm","floor":11,"turns":5},{"damage":40,"enemies":"3 Sentries","floor":13,"turns":15},{"damage":30,"enemies":"Hexaghost","floor":16,"turns":8},{"damage":10,"enemies":"Chosen","floor":18,"turns":3},{"damage":23,"enemies":"Shell Parasite","floor":20,"turns":5},{"damage":17,"enemies":"Cultist and Chosen","floor":29,"turns":7},{"damage":19,"enemies":"Book of Stabbing","floor":30,"turns":6},{"damage":31,"enemies":"Centurion and Healer","floor":31,"turns":5},{"damage":27,"enemies":"Champ","floor":33,"turns":6},{"damage":11,"enemies":"3 Shapes","floor":35,"turns":3},{"damage":25,"enemies":"3 Darklings","floor":36,"turns":2},{"damage":21,"enemies":"2 Orb Walkers","floor":37,"turns":4},{"damage":22,"enemies":"Sphere and 2 Shapes","floor":41,"turns":3},{"damage":37,"enemies":"Spire Growth","floor":44,"turns":5},{"damage":79,"enemies":"Nemesis","floor":46,"turns":7},{"damage":21,"enemies":"Jaw Worm Horde","floor":48,"turns":3},{"damage":45,"enemies":"Time Eater","floor":50,"turns":8}],"seed_played":"3200437290778497700","potions_obtained":[{"floor":7,"key":"GamblersBrew"},{"floor":13,"key":"SkillPotion"},{"floor":29,"key":"Explosive Potion"},{"floor":31,"key":"Swift Potion"},{"floor":36,"key":"SteroidPotion"},{"floor":37,"key":"GamblersBrew"},{"floor":46,"key":"Energy Potion"}],"is_trial":false,"path_per_floor":["M","$","?","?","$","R","M","R","T","R","M","$","E","?","R","B",null,"M","?","M","$","?","R","T","R","T","R","?","M","E","M","R","B",null,"M","M","?","?","$","R","M","R","T","M","?","E","R","M","R","B",null],"character_chosen":"IRONCLAD","items_purchased":["Iron Wave","Shrug It Off","Regal Pillow","Strawberry"],"campfire_rested":6,"item_purchase_floors":[12,21,21,39],"current_hp_per_floor":[80,80,80,72,72,72,77,77,77,77,80,80,46,35,59,37,80,76,76,61,61,61,61,61,61,61,61,61,52,41,18,57,38,80,75,58,45,45,52,87,71,87,87,56,87,14,55,42,83,46],"gold":153,"neow_bonus":"ONE_RARE_RELIC","is_prod":false,"is_daily":false,"chose_seed":false,"campfire_upgraded":6,"win_rate":0,"timestamp":1544686633,"path_taken":["M","$","?","?","$","R","M","R","T","R","?","?","E","?","R","BOSS","M","?","M","$","?","R","?","R","T","R","?","?","E","M","R","BOSS","M","M","?","?","$","R","M","R","T","M","?","E","R","M","R","BOSS"],"build_version":"2018-12-06","purchased_purges":3,"victory":true,"max_hp_per_floor":[80,80,80,80,80,80,80,80,80,80,80,80,80,80,80,80,80,80,80,80,80,80,80,80,80,80,80,80,80,80,80,80,80,80,80,80,80,80,87,87,87,87,87,87,87,87,87,87,87,87],"card_choices":[{"not_picked":["Wild Strike","Anger"],"picked":"Shrug It Off","floor":1},{"not_picked":["Sword Boomerang","Wild Strike"],"picked":"Disarm","floor":7},{"not_picked":["Disarm","Reckless Charge"],"picked":"Spot Weakness","floor":11},{"not_picked":["Combust","Twin Strike"],"picked":"Heavy Blade","floor":13},{"not_picked":["Berserk","Reaper"],"picked":"Demon Form","floor":16},{"not_picked":["Clash+1","Headbutt","Dual Wield+1"],"picked":"SKIP","floor":18},{"not_picked":["Carnage","Flex+1"],"picked":"Metallicize","floor":20},{"not_picked":["Offering","Headbutt+1"],"picked":"Pommel Strike","floor":29},{"not_picked":["Headbutt+1","Battle Trance+1"],"picked":"Thunderclap+1","floor":30},{"not_picked":["Thunderclap","Shrug It Off+1"],"picked":"Heavy Blade","floor":31},{"not_picked":["Fiend Fire","Bludgeon"],"picked":"Double Tap","floor":33},{"not_picked":["Perfected Strike+1","Clash+1"],"picked":"Thunderclap","floor":35},{"not_picked":["Anger","Headbutt+1"],"picked":"Infernal Blade+1","floor":36},{"not_picked":["Entrench","Perfected Strike+1"],"picked":"Ghostly Armor","floor":37},{"not_picked":["Blind","Forethought"],"picked":"Dramatic Entrance","floor":38},{"not_picked":["Intimidate+1","Perfected Strike+1","Anger+1"],"picked":"SKIP","floor":41},{"not_picked":["Perfected Strike+1","Power Through"],"picked":"Thunderclap+1","floor":44},{"not_picked":["Intimidate+1","Perfected Strike","Body Slam"],"picked":"SKIP","floor":46},{"not_picked":["Warcry+1","Clash+1"],"picked":"Disarm+1","floor":48}],"player_experience":41763,"relics_obtained":[{"floor":9,"key":"Blood Vial"},{"floor":13,"key":"Bag of Preparation"},{"floor":24,"key":"Happy Flower"},{"floor":26,"key":"Gremlin Horn"},{"floor":30,"key":"Mercury Hourglass"},{"floor":37,"key":"Du-Vu Doll"},{"floor":43,"key":"Potion Belt"},{"floor":46,"key":"Molten Egg 2"}],"event_choices":[{"damage_healed":0,"gold_gain":0,"player_choice":"Ignored","damage_taken":0,"max_hp_gain":0,"max_hp_loss":0,"event_name":"Shining Light","floor":3,"gold_loss":0},{"damage_healed":0,"gold_gain":75,"player_choice":"Touch","damage_taken":8,"max_hp_gain":0,"max_hp_loss":0,"event_name":"FaceTrader","floor":4,"gold_loss":0},{"damage_healed":0,"gold_gain":75,"player_choice":"Gather Gold","damage_taken":11,"max_hp_gain":0,"max_hp_loss":0,"event_name":"World of Goop","floor":14,"gold_loss":0},{"damage_healed":0,"gold_gain":0,"player_choice":"Obtain J.A.X.","damage_taken":0,"max_hp_gain":0,"max_hp_loss":0,"event_name":"Drug Dealer","floor":19,"gold_loss":0,"cards_obtained":["J.A.X."]},{"damage_healed":0,"gold_gain":0,"player_choice":"Ignored","damage_taken":0,"max_hp_gain":0,"max_hp_loss":0,"event_name":"Cursed Tome","floor":22,"gold_loss":0},{"damage_healed":0,"gold_gain":0,"player_choice":"2 cards matched","damage_taken":0,"max_hp_gain":0,"max_hp_loss":0,"event_name":"Match and Keep!","floor":28,"gold_loss":0,"cards_obtained":["Bash","Limit Break"]},{"damage_healed":0,"gold_gain":0,"player_choice":"Fight","damage_taken":0,"max_hp_gain":0,"max_hp_loss":0,"event_name":"Mysterious Sphere","floor":37,"gold_loss":0},{"damage_healed":0,"gold_gain":0,"player_choice":"Memory 1","damage_taken":0,"max_hp_gain":0,"max_hp_loss":0,"event_name":"SensoryStone","floor":38,"gold_loss":0},{"damage_healed":31,"gold_gain":0,"player_choice":"Heal","damage_taken":0,"max_hp_gain":0,"max_hp_loss":0,"event_name":"MindBloom","floor":45,"gold_loss":0,"cards_obtained":["Doubt"]}],"is_beta":false,"boss_relics":[{"not_picked":["Pandora\u0027s Box","Busted Crown"],"picked":"Runic Dome"},{"not_picked":["Lizard Tail","Eternal Feather"],"picked":"Fusion Hammer"}],"items_purged_floors":[5,21,39],"is_endless":false,"potions_floor_spawned":[7,13,29,31,36,37,46],"ascension_level":1}