{"gold_per_floor":[109,109,284,59,79,107,107,32,32,51,62,62,27,62,62,164,164,182,195,205,71,88,88,123,136,160,186,186,204,204,221,221,316,316,329,117,0,15,35,35],"floor_reached":40,"playtime":2426,"items_purged":["Doubt","Strike_R"],"score":701,"play_id":"b08faa6a-33fd-46db-aa38-848a2a0bbf52","local_time":"20181222234857","is_ascension_mode":true,"campfire_choices":[{"data":"Armaments","floor":7,"key":"SMITH"},{"data":"Body Slam","floor":15,"key":"SMITH"},{"data":"Uppercut","floor":23,"key":"SMITH"},{"data":"Flame Barrier","floor":30,"key":"SMITH"},{"floor":32,"key":"RECALL"}],"neow_cost":"NONE","seed_source_timestamp":227535046103100,"circlet_count":0,"master_deck":["AscendersBane","Strike_R","Strike_R","Defend_R+1","Defend_R","Defend_R+1","Bash+1","Clothesline","Cleave","Shrug It Off","Body Slam+1","Armaments+1","Flame Barrier+1","Spot Weakness+1","True Grit+1","Headbutt","Limit Break+1","Battle Trance+1","Reaper","Uppercut+1","Battle Trance+1","Entrench+1","Barricade","Metallicize","Ghostly Armor+1"],"relics":["Burning Blood","Bronze Scales","Oddly Smooth Stone","Toxic Egg 2","Gremlin Horn","Prayer Wheel","Philosopher\u0027s Stone","War Paint","Centennial Puzzle","Blue Candle","Empty Cage","Bag of Marbles","Red Mask"],"potions_floor_usage":[14,16,18,40],"damage_taken":[{"damage":3,"enemies":"2 Louse","floor":1,"turns":2},{"damage":7,"enemies":"Jaw Worm","floor":5,"turns":3},{"damage":53,"enemies":"Lagavulin","floor":6,"turns":7},{"damage":1,"enemies":"Cultist","floor":10,"turns":4},{"damage":2,"enemies":"Looter","floor":11,"turns":3},{"damage":27,"enemies":"Gremlin Nob","floor":14,"turns":4},{"damage":30,"enemies":"The Guardian","floor":16,"turns":11},{"damage":6,"enemies":"3 Byrds","floor":18,"turns":3},{"damage":5,"enemies":"Shell Parasite","floor":19,"turns":5},{"damage":15,"enemies":"Cultist and Chosen","floor":20,"turns":6},{"damage":8,"enemies":"Shelled Parasite and Fungi","floor":22,"turns":4},{"damage":38,"enemies":"Slavers","floor":24,"turns":4},{"damage":13,"enemies":"Chosen and Byrds","floor":25,"turns":5},{"damage":33,"enemies":"Book of Stabbing","floor":27,"turns":5},{"damage":1,"enemies":"Centurion and Healer","floor":29,"turns":7},{"damage":19,"enemies":"3 Cultists","floor":31,"turns":6},{"damage":76,"enemies":"Champ","floor":33,"turns":16},{"damage":5,"enemies":"3 Shapes","floor":35,"turns":7},{"damage":15,"enemies":"3 Darklings","floor":38,"turns":5},{"damage":23,"enemies":"Spire Growth","floor":39,"turns":6},{"damage":58,"enemies":"Reptomancer","floor":40,"turns":6}],"seed_played":"-3321883668911902039","potions_obtained":[{"floor":6,"key":"Swift Potion"},{"floor":14,"key":"FearPotion"},{"floor":16,"key":"SkillPotion"},{"floor":24,"key":"SpeedPotion"},{"floor":29,"key":"FearPotion"}],"is_trial":false,"path_per_floor":["M","?","?","$","M","E","R","$","T","M","M","T","?","E","R","B",null,"M","M","M","$","M","R","E","M","T","E","?","M","R","M","R","B",null,"M","$","?","M","M","E"],"character_chosen":"IRONCLAD","items_purchased":["Bronze Scales","Shrug It Off","Body Slam","Battle Trance+1","Bag of Marbles","Metallicize"],"campfire_rested":0,"item_purchase_floors":[4,4,4,21,36,36],"current_hp_per_floor":[75,75,75,75,74,27,27,27,27,32,36,36,56,35,35,11,63,63,64,71,71,80,80,80,77,77,50,50,71,71,65,65,11,63,80,80,80,71,54,0],"gold":35,"neow_bonus":"UPGRADE_CARD","is_prod":false,"is_daily":false,"chose_seed":false,"campfire_upgraded":4,"win_rate":0,"timestamp":1545551337,"path_taken":["M","?","?","?","M","E","R","$","T","M","?","?","?","E","R","BOSS","M","M","M","$","M","R","E","M","T","E","?","M","R","M","R","BOSS","M","$","?","M","M","E"],"build_version":"2018-12-20","purchased_purges":2,"victory":false,"max_hp_per_floor":[80,80,80,80,80,80,80,80,80,80,80,80,80,80,80,80,80,80,80,80,80,80,80,80,80,80,80,80,80,80,80,80,80,80,80,80,80,80,80,80],"card_choices":[{"not_picked":["Warcry","Cleave"],"picked":"Clothesline","floor":1},{"not_picked":["Body Slam","Pommel Strike"],"picked":"Armaments","floor":5},{"not_picked":["Wild Strike","Ghostly Armor"],"picked":"Flame Barrier","floor":6},{"not_picked":["Clothesline","Intimidate+1"],"picked":"Spot Weakness+1","floor":10},{"not_picked":["Havoc+1","Clash"],"picked":"True Grit+1","floor":11},{"not_picked":["Inflame","Flex+1"],"picked":"Headbutt","floor":14},{"not_picked":["Fiend Fire","Double Tap+1"],"picked":"Limit Break+1","floor":16},{"not_picked":["Sword Boomerang","True Grit+1"],"picked":"Battle Trance+1","floor":18},{"not_picked":["Iron Wave","Shrug It Off+1","Flex+1"],"picked":"SKIP","floor":18},{"not_picked":["Shrug It Off+1","Headbutt"],"picked":"Reaper","floor":19},{"not_picked":["Headbutt","Combust","Spot Weakness+1"],"picked":"SKIP","floor":19},{"not_picked":["Carnage","Twin Strike"],"picked":"Uppercut","floor":20},{"not_picked":["Fire Breathing","Spot Weakness+1","Iron Wave"],"picked":"SKIP","floor":20},{"not_picked":["Intimidate+1","Searing Blow","Rage+1"],"picked":"SKIP","floor":22},{"not_picked":["Pommel Strike","Armaments+1","Sword Boomerang"],"picked":"SKIP","floor":22},{"not_picked":["Warcry+1","Headbutt","Intimidate+1"],"picked":"SKIP","floor":24},{"not_picked":["Sword Boomerang","Pommel Strike","Iron Wave"],"picked":"SKIP","floor":25},{"not_picked":["Clothesline","Juggernaut","True Grit+1"],"picked":"SKIP","floor":25},{"not_picked":["Battle Trance+1","Perfected Strike","Headbutt"],"picked":"SKIP","floor":27},{"not_picked":["Rupture","Shrug It Off+1"],"picked":"Entrench+1","floor":29},{"not_picked":["Carnage+1","Havoc+1","Thunderclap"],"picked":"SKIP","floor":29},{"not_picked":["Anger","Cleave+1","Shrug It Off+1"],"picked":"SKIP","floor":31},{"not_picked":["Headbutt","Pommel Strike","Reckless Charge"],"picked":"SKIP","floor":31},{"not_picked":["Fiend Fire","Juggernaut"],"picked":"Barricade","floor":33},{"not_picked":["Headbutt+1","Evolve","Flex+1"],"picked":"SKIP","floor":35},{"not_picked":["Spot Weakness+1","Pommel Strike+1","Combust"],"picked":"SKIP","floor":35},{"not_picked":["Rupture","Clothesline"],"picked":"Ghostly Armor+1","floor":38},{"not_picked":["Anger","Fiend Fire","Sword Boomerang+1"],"picked":"SKIP","floor":38},{"not_picked":["Pummel","Corruption","Headbutt+1"],"picked":"SKIP","floor":39},{"not_picked":["Thunderclap","Flex+1","Sever Soul"],"picked":"SKIP","floor":39},{"not_picked":["Pummel","Corruption","Headbutt+1"],"picked":"SKIP","floor":39},{"not_picked":["Thunderclap","Flex+1","Sever Soul"],"picked":"SKIP","floor":39}],"player_experience":1027902,"relics_obtained":[{"floor":6,"key":"Oddly Smooth Stone"},{"floor":9,"key":"Toxic Egg 2"},{"floor":12,"key":"Gremlin Horn"},{"floor":14,"key":"Prayer Wheel"},{"floor":24,"key":"War Paint"},{"floor":26,"key":"Centennial Puzzle"},{"floor":27,"key":"Blue Candle"}],"event_choices":[{"damage_healed":0,"gold_gain":0,"cards_transformed":["Strike_R"],"player_choice":"Change","damage_taken":0,"max_hp_gain":0,"max_hp_loss":0,"event_name":"Living Wall","floor":2,"gold_loss":0,"cards_obtained":["Cleave"]},{"damage_healed":0,"gold_gain":175,"player_choice":"AGREE","damage_taken":0,"max_hp_gain":0,"max_hp_loss":0,"event_name":"Liars Game","floor":3,"gold_loss":0,"cards_obtained":["Doubt"]},{"damage_healed":20,"gold_gain":0,"player_choice":"Healed","damage_taken":0,"max_hp_gain":0,"max_hp_loss":0,"event_name":"The Cleric","floor":13,"gold_loss":35},{"damage_healed":0,"gold_gain":0,"player_choice":"Ignored","damage_taken":0,"max_hp_gain":0,"max_hp_loss":0,"event_name":"Ghosts","floor":28,"gold_loss":0},{"damage_healed":0,"gold_gain":0,"player_choice":"Paid","damage_taken":0,"relics_obtained":["Red Mask"],"max_hp_gain":0,"max_hp_loss":0,"event_name":"Tomb of Lord Red Mask","floor":37,"gold_loss":117}],"is_beta":false,"boss_relics":[{"not_picked":["Cursed Key","Lizard Tail"],"picked":"Philosopher\u0027s Stone"},{"not_picked":["Coffee Dripper","Mark of Pain"],"picked":"Empty Cage"}],"items_purged_floors":[8,21],"is_endless":false,"potions_floor_spawned":[6,14,16,24,29,31,35,38,39],"killed_by":"Reptomancer","ascension_level":12}