{"gold_per_floor":[117,131,131,141,216,251,271,271,271,271,271,271,221,232,232,332,332,351,339,131,149,149],"floor_reached":22,"playtime":982,"items_purged":["Strike_R","Strike_R"],"score":323,"play_id":"1769a4bc-18a0-4ea9-92ea-94a65d28b72c","local_time":"20181222224659","is_ascension_mode":true,"campfire_choices":[{"floor":8,"key":"DIG"},{"floor":10,"key":"DIG"},{"floor":12,"key":"DIG"},{"data":"Armaments","floor":15,"key":"SMITH"}],"neow_cost":"NONE","seed_source_timestamp":225262302303400,"circlet_count":0,"master_deck":["AscendersBane","Strike_R","Strike_R","Strike_R","Defend_R","Defend_R","Defend_R","Defend_R","Bash","Demon Form","Whirlwind","Flame Barrier","Armaments+1","Barricade","Impervious","Battle Trance"],"relics":["Burning Blood","Boot","Shovel","Mango","Blue Candle","PreservedInsect","Smiling Mask","Busted Crown"],"potions_floor_usage":[16,19,21],"damage_taken":[{"damage":12,"enemies":"Small Slimes","floor":1,"turns":4},{"damage":6,"enemies":"Cultist","floor":2,"turns":4},{"damage":8,"enemies":"Jaw Worm","floor":4,"turns":5},{"damage":25,"enemies":"3 Sentries","floor":6,"turns":8},{"damage":0,"enemies":"3 Louse","floor":7,"turns":1},{"damage":11,"enemies":"Looter","floor":14,"turns":5},{"damage":41,"enemies":"Slime Boss","floor":16,"turns":9},{"damage":22,"enemies":"3 Byrds","floor":18,"turns":6},{"damage":11,"enemies":"2 Thieves","floor":19,"turns":4},{"damage":60,"enemies":"Cultist and Chosen","floor":21,"turns":7},{"damage":41,"enemies":"Chosen and Byrds","floor":22,"turns":8}],"seed_played":"3690283531410590027","potions_obtained":[{"floor":1,"key":"Explosive Potion"},{"floor":4,"key":"SteroidPotion"},{"floor":6,"key":"Strength Potion"},{"floor":18,"key":"BloodPotion"}],"is_trial":false,"path_per_floor":["M","M","?","M","?","E","M","R","T","R","?","R","$","M","R","B",null,"M","M","$","M","M"],"character_chosen":"IRONCLAD","items_purchased":["Battle Trance","Regen Potion"],"campfire_rested":0,"item_purchase_floors":[20,20],"current_hp_per_floor":[66,66,66,64,53,34,40,54,54,54,59,59,59,54,54,19,79,63,67,67,28,0],"gold":149,"neow_bonus":"ONE_RANDOM_RARE_CARD","is_prod":false,"is_daily":false,"chose_seed":false,"campfire_upgraded":1,"win_rate":0,"timestamp":1545547619,"path_taken":["M","M","?","?","?","E","M","R","T","R","?","R","$","M","R","BOSS","M","M","$","M","M"],"build_version":"2018-12-20","purchased_purges":2,"victory":false,"max_hp_per_floor":[80,80,80,80,80,80,80,94,94,94,99,99,99,99,99,99,99,99,99,99,99,99],"card_choices":[{"not_picked":["Sentinel","Uppercut"],"picked":"Whirlwind","floor":1},{"not_picked":["Entrench","Wild Strike"],"picked":"Flame Barrier","floor":2},{"not_picked":["Twin Strike","Perfected Strike"],"picked":"Armaments","floor":4},{"not_picked":["Pommel Strike","Wild Strike"],"picked":"Barricade","floor":6},{"not_picked":["Pommel Strike","Headbutt","Rupture"],"picked":"SKIP","floor":7},{"not_picked":["Twin Strike","Warcry","Pommel Strike"],"picked":"SKIP","floor":14},{"not_picked":["Berserk","Juggernaut"],"picked":"Impervious","floor":16},{"not_picked":["Pommel Strike+1"],"picked":"SKIP","floor":18},{"not_picked":["Second Wind"],"picked":"SKIP","floor":19},{"not_picked":["Clothesline"],"picked":"SKIP","floor":21}],"player_experience":1026920,"relics_obtained":[{"floor":6,"key":"Shovel"},{"floor":8,"key":"Mango"},{"floor":9,"key":"Blue Candle"},{"floor":10,"key":"PreservedInsect"},{"floor":12,"key":"Smiling Mask"}],"event_choices":[{"damage_healed":0,"gold_gain":0,"player_choice":"Gave Potion","damage_taken":0,"relics_obtained":["Boot"],"max_hp_gain":0,"max_hp_loss":0,"event_name":"WeMeetAgain","floor":3,"gold_loss":0},{"damage_healed":0,"gold_gain":75,"player_choice":"Gather Gold","damage_taken":11,"max_hp_gain":0,"max_hp_loss":0,"event_name":"World of Goop","floor":5,"gold_loss":0},{"damage_healed":0,"gold_gain":0,"player_choice":"Donut","damage_taken":0,"max_hp_gain":5,"max_hp_loss":0,"event_name":"Big Fish","floor":11,"gold_loss":0}],"is_beta":false,"boss_relics":[{"not_picked":["Snecko Eye","Fusion Hammer"],"picked":"Busted Crown"}],"items_purged_floors":[13,20],"is_endless":false,"potions_floor_spawned":[1,4,6,18],"killed_by":"Chosen and Byrds","ascension_level":12}