{"gold_per_floor":[118,133,133,58,73,105,105,131,156,331,35,53,53,53,53,150,150,166,166,91,22,33,67,67,79,79,79,79,106,126,1,1,98,98,110,125,145,51,65,65,75,91,91,107,126,136,136,136,136,136],"floor_reached":51,"playtime":4039,"items_purged":["Strike_B","Doubt","Strike_B"],"score":674,"play_id":"f68a1bd2-74d8-47ca-bb11-e422c3e65533","local_time":"20180811014934","is_ascension_mode":false,"campfire_choices":[{"data":"Dualcast","floor":7,"key":"SMITH"},{"data":"Capacitor","floor":13,"key":"SMITH"},{"data":"Tempest","floor":15,"key":"SMITH"},{"floor":27,"key":"REST"},{"floor":32,"key":"REST"},{"floor":40,"key":"REST"},{"floor":47,"key":"REST"},{"floor":49,"key":"REST"}],"neow_cost":"NONE","seed_source_timestamp":1005518329543400,"circlet_count":0,"master_deck":["Strike_B","Strike_B","Defend_B","Defend_B","Defend_B","Zap+1","Dualcast+1","Thunder Strike","Self Repair","Hologram","Conserve Battery","Tempest+1","Capacitor+1","Hologram","Self Repair","Fission","Redo","Undo","Glacier","Chill","Tempest+1","Meteor Strike","Redo+1","Fusion","Consume+1","Redo","White Noise","Double Energy","Turbo+1","Hologram+1","Storm+1","Defragment+1","Flash of Steel","Apotheosis"],"relics":["Cracked Core","Oddly Smooth Stone","Potion Belt","Art of War","Bronze Scales","Pen Nib","Fusion Hammer","Symbiotic Virus","Darkstone Periapt","Bird Faced Urn","Sozu","Turnip"],"potions_floor_usage":[6,6,23,29,30,33],"damage_taken":[{"damage":0,"enemies":"Cultist","floor":1,"turns":2},{"damage":2,"enemies":"2 Louse","floor":2,"turns":2},{"damage":3,"enemies":"Jaw Worm","floor":5,"turns":4},{"damage":10,"enemies":"3 Sentries","floor":6,"turns":5},{"damage":10,"enemies":"Gremlin Nob","floor":8,"turns":3},{"damage":0,"enemies":"Large Slime","floor":12,"turns":4},{"damage":17,"enemies":"Slime Boss","floor":16,"turns":5},{"damage":0,"enemies":"Spheric Guardian","floor":18,"turns":3},{"damage":14,"enemies":"2 Thieves","floor":22,"turns":4},{"damage":48,"enemies":"Slavers","floor":23,"turns":6},{"damage":0,"enemies":"Snecko","floor":25,"turns":4},{"damage":0,"enemies":"Gremlin Leader","floor":29,"turns":7},{"damage":0,"enemies":"Snake Plant","floor":30,"turns":2},{"damage":10,"enemies":"Automaton","floor":33,"turns":10},{"damage":4,"enemies":"Orb Walker","floor":35,"turns":4},{"damage":5,"enemies":"3 Shapes","floor":36,"turns":5},{"damage":4,"enemies":"Flame Bruiser 2 Orb","floor":37,"turns":3},{"damage":1,"enemies":"Maw","floor":39,"turns":7},{"damage":8,"enemies":"Spire Growth","floor":41,"turns":4},{"damage":0,"enemies":"3 Darklings","floor":42,"turns":4},{"damage":0,"enemies":"Maw","floor":44,"turns":5},{"damage":6,"enemies":"Sphere and 2 Shapes","floor":45,"turns":3},{"damage":0,"enemies":"Flame Bruiser 2 Orb","floor":46,"turns":4},{"damage":74,"enemies":"Donu and Deca","floor":50,"turns":8}],"seed_played":"1972217257838598776","potions_obtained":[{"floor":1,"key":"SteroidPotion"},{"floor":2,"key":"AttackPotion"},{"floor":12,"key":"FearPotion"},{"floor":23,"key":"Energy Potion"},{"floor":25,"key":"FocusPotion"},{"floor":29,"key":"Poison Potion"}],"is_trial":false,"path_per_floor":["M","M","?","$","M","E","R","E","T","?","$","M","R","?","R","B",null,"M","?","?","$","M","E","T","M","T","R","?","E","M","$","R","B",null,"M","M","M","$","M","R","M","M","T","M","M","M","R","?","R","B"],"character_chosen":"DEFECT","items_purchased":["Bronze Scales","Hologram","Undo","Redo","White Noise"],"campfire_rested":5,"item_purchase_floors":[11,11,21,38,38],"current_hp_per_floor":[75,75,75,75,75,72,72,62,62,62,62,69,69,51,51,41,75,75,75,75,75,75,41,41,55,55,75,75,75,75,75,75,75,75,75,75,75,75,75,75,75,75,75,75,75,75,75,65,75,26],"gold":136,"neow_bonus":"ONE_RANDOM_RARE_CARD","is_prod":false,"is_daily":false,"chose_seed":false,"campfire_upgraded":3,"win_rate":0,"timestamp":1533966574,"path_taken":["M","M","?","$","M","E","R","E","T","?","$","M","R","?","R","BOSS","M","?","?","$","?","E","?","M","T","R","?","E","?","$","R","BOSS","M","M","M","$","M","R","M","M","T","M","M","M","R","?","R","BOSS"],"build_version":"2018-08-09","purchased_purges":3,"victory":true,"max_hp_per_floor":[75,75,75,75,75,75,75,75,75,75,75,75,75,75,75,75,75,75,75,75,75,75,75,75,75,75,75,75,75,75,75,75,75,75,75,75,75,75,75,75,75,75,75,75,75,75,75,75,75,75],"card_choices":[{"not_picked":["Go for the Eyes","Lockon"],"picked":"Self Repair","floor":1},{"not_picked":["Cold Snap","Leap"],"picked":"Hologram","floor":2},{"not_picked":["Gash","Leap"],"picked":"Conserve Battery","floor":5},{"not_picked":["Redo","Multi-Cast"],"picked":"Tempest","floor":6},{"not_picked":["Loop","Force Field"],"picked":"Capacitor","floor":8},{"not_picked":["Chaos","Conserve Battery"],"picked":"Self Repair","floor":12},{"not_picked":["Reboot","Seek"],"picked":"Fission","floor":16},{"not_picked":["Rebound","Beam Cell"],"picked":"Redo","floor":18},{"not_picked":["Scrape","Coolheaded"],"picked":"Glacier","floor":22},{"not_picked":["Blizzard+1","Static Discharge","Leap"],"picked":"SKIP","floor":23},{"not_picked":["Rebound","Ball Lightning","Gash+1"],"picked":"SKIP","floor":25},{"not_picked":["Force Field","Reprogram"],"picked":"Chill","floor":29},{"not_picked":["Cold Snap","Hello World"],"picked":"Tempest+1","floor":30},{"not_picked":["Seek","Biased Cognition"],"picked":"Meteor Strike","floor":33},{"not_picked":["Heatsinks+1","Auto Shields"],"picked":"Redo+1","floor":35},{"not_picked":["Streamline","Ball Lightning+1"],"picked":"Fusion","floor":36},{"not_picked":["Coolheaded+1","Skim+1"],"picked":"Consume+1","floor":37},{"not_picked":["Redo+1","Consume+1"],"picked":"Double Energy","floor":39},{"not_picked":["Rebound","Undo+1"],"picked":"Turbo+1","floor":41},{"not_picked":["Redo+1","Streamline"],"picked":"Hologram+1","floor":42},{"not_picked":["Steam","Ball Lightning+1"],"picked":"Storm+1","floor":44},{"not_picked":["Gash+1","Barrage+1"],"picked":"Defragment+1","floor":45},{"not_picked":["Compile Driver+1","Streamline","FTL"],"picked":"SKIP","floor":46},{"not_picked":["Sadistic Nature","Transmutation"],"picked":"Flash of Steel","floor":48},{"not_picked":["Mind Blast","Dramatic Entrance"],"picked":"Apotheosis","floor":48}],"player_experience":2094314,"relics_obtained":[{"floor":6,"key":"Oddly Smooth Stone"},{"floor":8,"key":"Potion Belt"},{"floor":9,"key":"Art of War"},{"floor":23,"key":"Symbiotic Virus"},{"floor":24,"key":"Darkstone Periapt"},{"floor":26,"key":"Bird Faced Urn"},{"floor":43,"key":"Turnip"}],"event_choices":[{"event_name":"Living Wall","player_choice":"Grow","floor":3,"damage_taken":0},{"event_name":"Liars Game","player_choice":"agreed","floor":10,"damage_taken":0},{"event_name":"Scrap Ooze","player_choice":"success","floor":14,"damage_taken":18},{"event_name":"Drug Dealer","player_choice":"Ignored","floor":19,"damage_taken":0},{"event_name":"Beggar","player_choice":"Gave Gold","floor":20,"damage_taken":0},{"event_name":"Ghosts","player_choice":"Ignored","floor":28,"damage_taken":0},{"event_name":"SensoryStone","player_choice":"Memory 3","floor":48,"damage_taken":0}],"is_beta":false,"boss_relics":[{"not_picked":["Lizard Tail","Runic Dome"],"picked":"Fusion Hammer"},{"not_picked":["Empty Cage","Eternal Feather"],"picked":"Sozu"}],"items_purged_floors":[4,11,31],"is_endless":false,"potions_floor_spawned":[1,2,12,23,25,29,35,36,44,45,46],"ascension_level":0}