{"gold_per_floor":[112,112,126,139,122,122,153,168,168,168,198,123,123,123,123,123],"floor_reached":16,"playtime":787,"items_purged":["Strike_R"],"score":149,"play_id":"7c484bf8-32b9-4476-a884-cdbc46636228","local_time":"20181221100715","is_ascension_mode":true,"campfire_choices":[{"data":"Bash","floor":6,"key":"SMITH"},{"floor":10,"key":"REST"},{"data":"Shockwave","floor":13,"key":"SMITH"},{"data":"Cleave","floor":15,"key":"SMITH"}],"neow_cost":"NONE","seed_source_timestamp":594806755316922,"circlet_count":0,"master_deck":["Strike_R","Strike_R","Strike_R","Strike_R","Defend_R","Defend_R","Defend_R","Defend_R","Bash+1","Twin Strike","Pommel Strike","Pommel Strike","Heavy Blade","Cleave+1","Headbutt","Shockwave+1"],"relics":["Burning Blood","PreservedInsect","Sundial","Pantograph","Molten Egg 2"],"potions_floor_usage":[11,16],"damage_taken":[{"damage":11,"enemies":"Jaw Worm","floor":1,"turns":4},{"damage":6,"enemies":"Cultist","floor":3,"turns":4},{"damage":4,"enemies":"Small Slimes","floor":4,"turns":4},{"damage":22,"enemies":"Exordium Thugs","floor":5,"turns":4},{"damage":36,"enemies":"Lagavulin","floor":7,"turns":5},{"damage":30,"enemies":"Lots of Slimes","floor":8,"turns":4},{"damage":6,"enemies":"Gremlin Nob","floor":11,"turns":2},{"damage":75,"enemies":"Hexaghost","floor":16,"turns":9}],"seed_played":"742974238447871485","potions_obtained":[{"floor":2,"key":"Weak Potion"},{"floor":2,"key":"FairyPotion"},{"floor":2,"key":"LiquidBronze"},{"floor":4,"key":"AttackPotion"}],"is_trial":false,"path_per_floor":["M","?","M","M","M","R","E","M","T","R","E","$","R","T","R","B"],"character_chosen":"IRONCLAD","items_purchased":[],"campfire_rested":1,"item_purchase_floors":[],"current_hp_per_floor":[83,83,83,85,69,69,39,15,15,41,41,41,41,41,41,0],"gold":123,"neow_bonus":"TEN_PERCENT_HP_BONUS","is_prod":false,"is_daily":false,"chose_seed":false,"campfire_upgraded":3,"win_rate":0,"timestamp":1545358035,"path_taken":["M","?","?","M","M","R","E","M","T","R","E","$","R","?","R","BOSS"],"build_version":"2018-12-20","purchased_purges":1,"victory":false,"max_hp_per_floor":[88,88,88,88,88,88,88,88,88,88,88,88,88,88,88,88],"card_choices":[{"not_picked":["Clash","Headbutt"],"picked":"Twin Strike","floor":1},{"not_picked":["Wild Strike","Perfected Strike"],"picked":"Pommel Strike","floor":3},{"not_picked":["Clash","Seeing Red"],"picked":"Pommel Strike","floor":4},{"not_picked":["Pommel Strike","Headbutt"],"picked":"Heavy Blade","floor":5},{"not_picked":["Heavy Blade","Anger"],"picked":"Cleave","floor":7},{"not_picked":["Rage","Carnage"],"picked":"Headbutt","floor":8},{"not_picked":["Clothesline","Armaments"],"picked":"Shockwave","floor":11}],"player_experience":78615,"relics_obtained":[{"floor":7,"key":"PreservedInsect"},{"floor":9,"key":"Sundial"},{"floor":11,"key":"Pantograph"},{"floor":14,"key":"Molten Egg 2"}],"event_choices":[{"damage_healed":0,"gold_gain":0,"player_choice":"Got Potions","damage_taken":0,"max_hp_gain":0,"max_hp_loss":0,"event_name":"Lab","floor":2,"gold_loss":0}],"is_beta":false,"boss_relics":[],"items_purged_floors":[12],"is_endless":false,"potions_floor_spawned":[4],"killed_by":"Hexaghost","ascension_level":2}