{"gold_per_floor":[217,229,5,25,42,72,72,107,107,107,107,107,117,127,127,127],"floor_reached":16,"playtime":1728,"items_purged":[],"score":218,"play_id":"ad6fca34-d49f-469b-a22f-8cd8aabc5078","local_time":"20190204070118","is_ascension_mode":true,"campfire_choices":[{"data":"Neutralize","floor":7,"key":"SMITH"},{"data":"Deadly Poison","floor":10,"key":"SMITH"},{"floor":15,"key":"REST"}],"neow_cost":"NONE","seed_source_timestamp":0,"circlet_count":0,"master_deck":["AscendersBane","Defend_G","Defend_G","Defend_G","Defend_G","Defend_G","Strike_G","Strike_G","Strike_G","Survivor","Neutralize+1","Poisoned Stab","Riddle With Holes","Slice","Deadly Poison+1","Poisoned Stab","Die Die Die","Dash","Caltrops","All Out Attack"],"special_seed":0,"relics":["Ring of the Snake","PreservedInsect","Pantograph","Bag of Preparation","Singing Bowl"],"potions_floor_usage":[6,8,16],"damage_taken":[{"damage":0.0,"enemies":"Cultist","floor":1.0,"turns":4.0},{"damage":2.0,"enemies":"Small Slimes","floor":2.0,"turns":4.0},{"damage":0,"enemies":"2 Louse","floor":4,"turns":2},{"damage":8,"enemies":"Blue Slaver","floor":5,"turns":5},{"damage":6,"enemies":"Gremlin Nob","floor":6,"turns":3},{"damage":15,"enemies":"Lagavulin","floor":8,"turns":4},{"damage":0,"enemies":"2 Fungi Beasts","floor":13,"turns":2},{"damage":5,"enemies":"Gremlin Gang","floor":14,"turns":6},{"damage":65,"enemies":"Slime Boss","floor":16,"turns":9}],"seed_played":"-383604144628542605","potions_obtained":[{"floor":1.0,"key":"Swift Potion"},{"floor":5,"key":"LiquidBronze"},{"floor":6,"key":"Energy Potion"},{"floor":13,"key":"Explosive Potion"}],"is_trial":false,"path_per_floor":["M","M","$","M","M","E","R","E","T","R","?","?","M","M","R","B"],"character_chosen":"THE_SILENT","items_purchased":["PreservedInsect","Slice"],"campfire_rested":1,"item_purchase_floors":[3,3],"current_hp_per_floor":[59,57,57,57,49,43,43,28,28,28,28,21,21,16,35,0],"gold":127,"neow_bonus":"HUNDRED_GOLD","is_prod":false,"is_daily":false,"chose_seed":false,"campfire_upgraded":2,"win_rate":0,"timestamp":1549260078,"path_taken":["M","M","$","?","M","E","R","E","T","R","?","?","M","M","R","BOSS"],"build_version":"2019-01-23","purchased_purges":0,"victory":false,"max_hp_per_floor":[66,66,66,66,66,66,66,66,66,66,66,66,66,66,66,66],"card_choices":[{"not_picked":["Escape Plan","Outmaneuver"],"picked":"Poisoned Stab","floor":1.0},{"not_picked":["Catalyst","Heel Hook"],"picked":"Riddle With Holes","floor":2.0},{"not_picked":["Dodge and Roll","Blur"],"picked":"Deadly Poison","floor":4},{"not_picked":["Flechettes","Heel Hook"],"picked":"Poisoned Stab","floor":5},{"not_picked":["Skewer","Deadly Poison"],"picked":"Die Die Die","floor":6},{"not_picked":["Distraction","Poisoned Stab"],"picked":"Dash","floor":8},{"not_picked":["Accuracy","Deflect"],"picked":"Caltrops","floor":13},{"not_picked":["Tactician","Prepared"],"picked":"All Out Attack","floor":14}],"player_experience":364920,"relics_obtained":[{"floor":6,"key":"Pantograph"},{"floor":8,"key":"Bag of Preparation"},{"floor":9,"key":"Singing Bowl"}],"event_choices":[{"cards_removed":["Strike_G"],"damage_healed":0,"gold_gain":0,"player_choice":"Forget","damage_taken":0,"max_hp_gain":0,"max_hp_loss":0,"event_name":"Living Wall","floor":11,"gold_loss":0},{"cards_removed":["Strike_G"],"damage_healed":0,"gold_gain":0,"player_choice":"Card Removal","damage_taken":7,"max_hp_gain":0,"max_hp_loss":0,"event_name":"Golden Wing","floor":12,"gold_loss":0}],"is_beta":false,"boss_relics":[],"items_purged_floors":[],"is_endless":false,"potions_floor_spawned":[1,5,6,13],"killed_by":"Slime Boss","ascension_level":19}