{"gold_per_floor":[211,211,161,161,17,48,48,82,108,108,118,393,409,89,89,166,166,186,206,224,235,86,86,86,86,159,174,174,174,354,371,371,371],"floor_reached":33,"playtime":821,"items_purged":["Defend_R","Regret"],"score":430,"play_id":"9dc6dfd2-b20c-43ca-8875-2c142df686cb","local_time":"20190210211200","is_ascension_mode":true,"campfire_choices":[{"floor":7.0,"key":"REST"},{"data":"Inflame","floor":10.0,"key":"SMITH"},{"data":"Bash","floor":15.0,"key":"SMITH"},{"data":"Limit Break","floor":23.0,"key":"SMITH"},{"floor":25,"key":"REST"},{"data":"Feed","floor":29,"key":"SMITH"},{"floor":32,"key":"REST"}],"neow_cost":"NONE","seed_source_timestamp":16477186765300,"circlet_count":0,"master_deck":["AscendersBane","Strike_R","Strike_R+1","Defend_R","Defend_R+1","Defend_R","Bash+1","Battle Trance","Inflame+1","Shrug It Off","Twin Strike","Disarm","Feed+1","Anger+1","Disarm","Limit Break+1"],"special_seed":0,"relics":["Burning Blood","Ginger","Bottled Tornado","Darkstone Periapt","Bag of Preparation","Happy Flower","Empty Cage","Ornamental Fan"],"potions_floor_usage":[33,33],"damage_taken":[{"damage":11.0,"enemies":"Jaw Worm","floor":1.0,"turns":4.0},{"damage":32.0,"enemies":"Lagavulin","floor":6.0,"turns":5.0},{"damage":26.0,"enemies":"Gremlin Nob","floor":8.0,"turns":4.0},{"damage":2.0,"enemies":"Small Slimes","floor":11.0,"turns":3.0},{"damage":6.0,"enemies":"2 Louse","floor":13.0,"turns":2.0},{"damage":7.0,"enemies":"Hexaghost","floor":16.0,"turns":9.0},{"damage":25.0,"enemies":"Spheric Guardian","floor":18.0,"turns":6.0},{"damage":4.0,"enemies":"3 Byrds","floor":19.0,"turns":5.0},{"damage":10.0,"enemies":"Snake Plant","floor":20.0,"turns":3.0},{"damage":29.0,"enemies":"Cultist and Chosen","floor":21.0,"turns":5.0},{"damage":33,"enemies":"Snecko","floor":27,"turns":5},{"damage":27,"enemies":"Shelled Parasite and Fungi","floor":31,"turns":4},{"damage":58,"enemies":"Collector","floor":33,"turns":5}],"seed_played":"-541050667550114803","potions_obtained":[{"floor":1.0,"key":"AttackPotion"},{"floor":8.0,"key":"EssenceOfSteel"},{"floor":13.0,"key":"SpeedPotion"},{"floor":16.0,"key":"AttackPotion"},{"floor":20.0,"key":"Strength Potion"},{"floor":31,"key":"PowerPotion"}],"is_trial":false,"path_per_floor":["M","?","?","?","$","E","R","E","T","R","M","?","M","$","R","B",null,"M","M","M","M","$","R","?","R","T","M","?","R","?","M","R","B"],"character_chosen":"IRONCLAD","items_purchased":["Inflame","Happy Flower","Disarm","Limit Break"],"campfire_rested":3,"item_purchase_floors":[5,14,14,22],"current_hp_per_floor":[63,48,48,45,45,19,41,21,21,21,25,31,31,31,31,30,68,49,54,50,27,27,27,27,52,52,28,57,57,33,16,43,0],"gold":371,"neow_bonus":"HUNDRED_GOLD","is_prod":false,"is_daily":false,"chose_seed":false,"campfire_upgraded":4,"win_rate":0,"timestamp":1549825920,"path_taken":["M","?","?","?","?","E","R","E","T","R","?","?","M","$","R","BOSS","M","M","?","M","?","R","?","R","T","M","?","R","?","?","R","BOSS"],"build_version":"2019-01-23","purchased_purges":2,"victory":false,"max_hp_per_floor":[75,75,75,75,75,75,75,75,75,75,75,81,81,81,81,81,81,81,84,84,84,84,84,84,84,84,87,87,87,87,91,91,91],"card_choices":[{"not_picked":["Heavy Blade","Rampage"],"picked":"Battle Trance","floor":1.0},{"not_picked":["Sentinel","Body Slam"],"picked":"Shrug It Off","floor":6.0},{"not_picked":["Hemokinesis","Inflame"],"picked":"Twin Strike","floor":8.0},{"not_picked":["Flex","Iron Wave","True Grit"],"picked":"SKIP","floor":11.0},{"not_picked":["Dropkick","Whirlwind","Twin Strike"],"picked":"SKIP","floor":13.0},{"not_picked":["Fiend Fire","Juggernaut"],"picked":"Feed","floor":16.0},{"not_picked":["True Grit+1","Pommel Strike"],"picked":"Anger+1","floor":18.0},{"not_picked":["Flex","Havoc","Warcry"],"picked":"SKIP","floor":19.0},{"not_picked":["Thunderclap","Twin Strike"],"picked":"Disarm","floor":20.0},{"not_picked":["Perfected Strike","Uppercut","Reckless Charge"],"picked":"SKIP","floor":21.0},{"not_picked":["Feel No Pain+1","Rupture","Wild Strike"],"picked":"SKIP","floor":27},{"not_picked":["Anger+1","Searing Blow","Armaments"],"picked":"SKIP","floor":31}],"player_experience":701738,"relics_obtained":[{"floor":6.0,"key":"Bottled Tornado"},{"floor":8.0,"key":"Darkstone Periapt"},{"floor":9.0,"key":"Bag of Preparation"},{"floor":26,"key":"Ornamental Fan"}],"event_choices":[{"damage_healed":0.0,"max_hp_gain":0.0,"max_hp_loss":0.0,"gold_gain":0.0,"event_name":"Shining Light","player_choice":"Entered Light","floor":2.0,"gold_loss":0.0,"damage_taken":15.0,"cards_upgraded":["Defend_R","Strike_R"]},{"cards_removed":["Strike_R"],"damage_healed":0.0,"max_hp_gain":0.0,"max_hp_loss":0.0,"gold_gain":0.0,"event_name":"The Cleric","player_choice":"Card Removal","floor":3.0,"gold_loss":50.0,"damage_taken":0.0},{"damage_healed":0.0,"max_hp_gain":0.0,"max_hp_loss":0.0,"gold_gain":0.0,"event_name":"Scrap Ooze","player_choice":"Success","floor":4.0,"gold_loss":0.0,"damage_taken":3.0,"relics_obtained":["Ginger"]},{"damage_healed":0.0,"max_hp_gain":0.0,"max_hp_loss":0.0,"gold_gain":275.0,"event_name":"Golden Shrine","player_choice":"Desecrate","floor":12.0,"gold_loss":0.0,"damage_taken":0.0,"cards_obtained":["Regret"]},{"damage_healed":0,"gold_gain":0,"player_choice":"Ignored","damage_taken":0,"max_hp_gain":0,"max_hp_loss":0,"event_name":"The Mausoleum","floor":24,"gold_loss":0},{"damage_healed":29,"gold_gain":0,"player_choice":"Heal","damage_taken":0,"max_hp_gain":0,"max_hp_loss":0,"event_name":"The Library","floor":28,"gold_loss":0},{"damage_healed":0,"gold_gain":180,"player_choice":"GOLD GOLD ","damage_taken":24,"max_hp_gain":0,"max_hp_loss":0,"event_name":"Knowing Skull","floor":30,"potions_obtained":[],"gold_loss":0,"cards_obtained":[]}],"is_beta":false,"boss_relics":[{"not_picked":["Pandora\u0027s Box","Calling Bell"],"picked":"Empty Cage"}],"items_purged_floors":[5,14],"is_endless":false,"potions_floor_spawned":[1,8,13,16,20,31],"killed_by":"Collector","ascension_level":14}