{"path_per_floor":["M","M","M","?","M","R","M","E","T","?","E","R","?","M","R","B",null,"M","M","?","$","?","R","M","E","T","R","M","E","R","M","R","B",null,"M","M","$","M","?","R","E","R","T","?","R","M","E","M","R","B"],"character_chosen":"THE_SILENT","items_purchased":["The Specimen","Catalyst","Anchor"],"gold_per_floor":[119,133,152,152,165,165,185,211,211,176,202,202,172,192,192,297,297,307,325,325,2,2,2,20,51,78,78,96,127,127,142,142,241,241,259,277,58,71,0,0,56,56,56,104,104,122,152,169,169,169],"floor_reached":51,"campfire_rested":4,"playtime":3318,"item_purchase_floors":[21,21,37],"current_hp_per_floor":[69,68,68,68,66,66,66,37,37,54,48,48,48,48,48,26,70,57,49,49,49,49,70,68,48,48,69,67,35,56,54,54,34,70,66,66,66,66,66,66,60,60,60,60,60,53,55,55,77,31],"items_purged":["Defend_G"],"gold":169,"score":844,"play_id":"6d26b62c-b5dd-4872-bbe9-80e0773c33b8","local_time":"20180610024825","is_prod":false,"is_daily":false,"chose_seed":false,"is_ascension_mode":true,"campfire_upgraded":7,"win_rate":0,"timestamp":1528595305,"campfire_choices":[{"data":"Dagger Spray","floor":6,"key":"SMITH"},{"data":"Neutralize","floor":12,"key":"SMITH"},{"data":"Envenom","floor":15,"key":"SMITH"},{"floor":23,"key":"REST"},{"floor":27,"key":"REST"},{"floor":30,"key":"REST"},{"data":"Envenom","floor":32,"key":"SMITH"},{"data":"After Image","floor":40,"key":"SMITH"},{"data":"Catalyst","floor":42,"key":"SMITH"},{"data":"Catalyst","floor":45,"key":"SMITH"},{"floor":49,"key":"REST"}],"path_taken":["M","M","M","?","M","R","M","E","T","?","E","R","?","M","R","BOSS","M","M","?","$","?","R","?","E","T","R","M","E","R","M","R","BOSS","M","M","$","M","?","R","E","R","T","?","R","?","E","M","R","BOSS"],"build_version":"2018-06-07v3","seed_source_timestamp":790058766503579,"purchased_purges":1,"victory":true,"master_deck":["Defend_G+1","Defend_G","Defend_G","Defend_G","Strike_G","Strike_G","Strike_G","Strike_G","Strike_G","Survivor","Neutralize+1","Infinite Blades","Quick Slash","Quick Slash","Adrenaline","Dagger Spray+1","Blur","Escape Plan+1","Crippling Poison","Envenom+1","Adrenaline","All Out Attack","Dagger Throw+1","Catalyst+1","Escape Plan","Corpse Explosion","PiercingWail","Backflip","Sucker Punch+1","Wraith Form v2","Prepared+1","Prepared+1","Dash","Envenom+1","Catalyst+1","After Image+1","Blur+1","Catalyst+1","Backflip+1","Crippling Poison+1","Terror+1","Accuracy+1","Tools of the Trade","Acrobatics+1","Bouncing Flask+1","Deflect+1","Catalyst+1"],"max_hp_per_floor":[70,70,70,70,70,70,70,70,70,70,70,70,70,70,70,70,70,70,70,70,70,70,70,70,70,70,70,70,70,70,70,70,70,70,70,70,70,70,70,70,70,70,70,70,70,70,77,77,77,77],"relics":["Ring of the Snake","Dream Catcher","Potion Belt","Ancient Tea Set","Black Star","The Specimen","Kunai","Tough Bandages","Snake Skull","Unceasing Top","Prayer Wheel","Sozu","Anchor","Red Mask","Pen Nib","Tiny Chest","Shovel","Turnip","War Paint","Strawberry"],"card_choices":[{"not_picked":["Cloak And Dagger","Bane"],"picked":"Infinite Blades","floor":1},{"not_picked":["Caltrops","Outmaneuver"],"picked":"Quick Slash","floor":2},{"not_picked":["Concentrate","Malaise"],"picked":"Quick Slash","floor":3},{"not_picked":["Sucker Punch","Riddle With Holes"],"picked":"Dagger Spray","floor":5},{"not_picked":["Endless Agony","Reflex"],"picked":"Blur","floor":7},{"not_picked":["Slice","Dagger Spray"],"picked":"Escape Plan","floor":8},{"not_picked":["Flying Knee","Acrobatics"],"picked":"Crippling Poison","floor":11},{"not_picked":["Dagger Throw","Prepared"],"picked":"Envenom","floor":14},{"not_picked":["Night Terror","Doppelganger"],"picked":"Adrenaline","floor":16},{"not_picked":["Quick Slash","Outmaneuver"],"picked":"All Out Attack","floor":18},{"not_picked":["Bane","Dagger Spray"],"picked":"Dagger Throw+1","floor":19},{"not_picked":["Doppelganger","Malaise"],"picked":"PiercingWail","floor":23},{"not_picked":["Reflex","Expertise"],"picked":"Backflip","floor":24},{"not_picked":["Poisoned Stab","Prepared"],"picked":"Sucker Punch+1","floor":25},{"not_picked":["Outmaneuver","Dagger Throw"],"picked":"Wraith Form v2","floor":27},{"not_picked":["Underhanded Strike+1","Caltrops"],"picked":"Prepared+1","floor":28},{"not_picked":["Distraction","Deflect"],"picked":"Prepared+1","floor":29},{"not_picked":["Slice+1","Backflip"],"picked":"Dash","floor":30},{"not_picked":["Sucker Punch","Deadly Poison"],"picked":"Envenom","floor":31},{"not_picked":["Dagger Throw","Dodge and Roll"],"picked":"Catalyst","floor":31},{"not_picked":["Storm of Steel","Grand Finale"],"picked":"After Image","floor":33},{"not_picked":["Choke","Dagger Throw+1"],"picked":"Blur+1","floor":35},{"not_picked":["All Out Attack","Outmaneuver"],"picked":"Catalyst+1","floor":35},{"not_picked":["Slice+1","All Out Attack"],"picked":"Backflip+1","floor":36},{"not_picked":["Dagger Throw","Poisoned Stab","Dodge and Roll"],"picked":"SKIP","floor":36},{"not_picked":["Predator+1","Concentrate+1"],"picked":"Crippling Poison+1","floor":38},{"not_picked":["Cloak And Dagger+1","Accuracy"],"picked":"Terror+1","floor":38},{"not_picked":["Choke+1","Reflex","Cloak And Dagger"],"picked":"SKIP","floor":41},{"not_picked":["Backstab","Cloak And Dagger"],"picked":"Accuracy+1","floor":44},{"not_picked":["Accuracy","Underhanded Strike+1"],"picked":"Tools of the Trade","floor":46},{"not_picked":["Deadly Poison+1","Choke+1"],"picked":"Acrobatics+1","floor":46},{"not_picked":["Slice+1","A Thousand Cuts"],"picked":"Bouncing Flask+1","floor":47},{"not_picked":["Deadly Poison","Dagger Throw"],"picked":"Deflect+1","floor":48},{"not_picked":["Quick Slash","Outmaneuver","Sucker Punch"],"picked":"SKIP","floor":48},{"not_picked":["Calculated Gamble+1","Underhanded Strike+1"],"picked":"Catalyst+1","floor":49}],"player_experience":336259,"potions_floor_usage":[8,11,16,19,19,19,19,19,24,25,28,33,50,50],"damage_taken":[{"damage":1,"enemies":"2 Louse","floor":1,"turns":3},{"damage":1,"enemies":"Cultist","floor":2,"turns":4},{"damage":0,"enemies":"Jaw Worm","floor":3,"turns":5},{"damage":2,"enemies":"Looter","floor":5,"turns":3},{"damage":0,"enemies":"3 Louse","floor":7,"turns":1},{"damage":29,"enemies":"Lagavulin","floor":8,"turns":8},{"damage":6,"enemies":"Gremlin Nob","floor":11,"turns":3},{"damage":0,"enemies":"Gremlin Gang","floor":14,"turns":2},{"damage":22,"enemies":"Hexaghost","floor":16,"turns":9},{"damage":13,"enemies":"Shell Parasite","floor":18,"turns":10},{"damage":8,"enemies":"Chosen","floor":19,"turns":7},{"damage":2,"enemies":"Centurion and Healer","floor":24,"turns":5},{"damage":20,"enemies":"Gremlin Leader","floor":25,"turns":6},{"damage":2,"enemies":"Snecko","floor":28,"turns":5},{"damage":32,"enemies":"Slavers","floor":29,"turns":5},{"damage":2,"enemies":"Snake Plant","floor":31,"turns":4},{"damage":20,"enemies":"Automaton","floor":33,"turns":8},{"damage":4,"enemies":"3 Darklings","floor":35,"turns":5},{"damage":0,"enemies":"3 Shapes","floor":36,"turns":4},{"damage":0,"enemies":"3 Darklings","floor":38,"turns":4},{"damage":6,"enemies":"Giant Head","floor":41,"turns":7},{"damage":0,"floor":44,"turns":4},{"damage":7,"enemies":"Maw","floor":46,"turns":5},{"damage":5,"enemies":"Nemesis","floor":47,"turns":5},{"damage":0,"enemies":"4 Shapes","floor":48,"turns":3},{"damage":46,"enemies":"Awakened One","floor":50,"turns":11}],"relics_obtained":[{"floor":8,"key":"Dream Catcher"},{"floor":9,"key":"Potion Belt"},{"floor":11,"key":"Ancient Tea Set"},{"floor":25,"key":"Kunai"},{"floor":25,"key":"Tough Bandages"},{"floor":26,"key":"Snake Skull"},{"floor":29,"key":"Unceasing Top"},{"floor":29,"key":"Prayer Wheel"},{"floor":41,"key":"Pen Nib"},{"floor":41,"key":"Tiny Chest"},{"floor":43,"key":"Shovel"},{"floor":44,"key":"Turnip"},{"floor":47,"key":"War Paint"},{"floor":47,"key":"Strawberry"}],"event_choices":[{"event_name":"Match and Keep!","player_choice":"1 cards matched","floor":4,"damage_taken":0},{"event_name":"The Cleric","player_choice":"Healed","floor":10,"damage_taken":0},{"event_name":"The Woman in Blue","player_choice":"Bought 2 Potions","floor":13,"damage_taken":0},{"event_name":"Ghosts","player_choice":"Ignored","floor":20,"damage_taken":0},{"event_name":"Match and Keep!","player_choice":"2 cards matched","floor":22,"damage_taken":0},{"event_name":"Tomb of Lord Red Mask","player_choice":"Paid","floor":39,"damage_taken":0},{"event_name":"Mysterious Sphere","player_choice":"Fight","floor":44,"damage_taken":0}],"boss_relics":[{"not_picked":["Ectoplasm","Tiny House"],"picked":"Black Star"},{"not_picked":["Pandora\u0027s Box","White Beast Statue"],"picked":"Sozu"}],"items_purged_floors":[37],"potions_floor_spawned":[2,5,7,8,14,19,24,31,33,36,38,41,48],"seed_played":"-6378188059846831620","ascension_level":1,"potions_obtained":[{"floor":2,"key":"Dexterity Potion"},{"floor":5,"key":"SteroidPotion"},{"floor":7,"key":"LiquidBronze"},{"floor":8,"key":"Poison Potion"},{"floor":13,"key":"Ancient Potion"},{"floor":13,"key":"EntropicBrew"},{"floor":14,"key":"Swift Potion"},{"floor":19,"key":"SteroidPotion"},{"floor":24,"key":"Poison Potion"},{"floor":31,"key":"FearPotion"},{"floor":33,"key":"Weak Potion"}],"is_trial":false}