{"gold_per_floor":[362,382,307,317,336,336,368,368,439,439,116,145,162,188,188,188],"floor_reached":16,"playtime":822,"items_purged":["Shame"],"score":174,"play_id":"49f921b6-2603-4e02-87de-e687d1c5ebb9","local_time":"20190107160442","is_ascension_mode":true,"campfire_choices":[{"data":"Bash","floor":6.0,"key":"SMITH"},{"data":"Reaper","floor":8.0,"key":"SMITH"},{"floor":10.0,"key":"REST"},{"data":"Carnage","floor":15,"key":"SMITH"}],"neow_cost":"CURSE","seed_source_timestamp":1835343498440036,"circlet_count":0,"master_deck":["Strike_R","Strike_R","Strike_R","Strike_R","Strike_R","Defend_R","Defend_R","Defend_R","Defend_R","Bash+1","Iron Wave","Shrug It Off","Twin Strike","Reaper+1","True Grit","Carnage+1"],"special_seed":0,"relics":["Burning Blood","Magic Flower","Shuriken","Membership Card","Bag of Marbles","Anchor","Lantern"],"potions_floor_usage":[12,14],"damage_taken":[{"damage":13.0,"enemies":"Small Slimes","floor":1.0,"turns":4.0},{"damage":3.0,"enemies":"2 Louse","floor":2.0,"turns":3.0},{"damage":0.0,"enemies":"Jaw Worm","floor":4.0,"turns":3.0},{"damage":27.0,"enemies":"Gremlin Gang","floor":5.0,"turns":7.0},{"damage":39.0,"enemies":"3 Sentries","floor":7.0,"turns":14.0},{"damage":17,"enemies":"Lagavulin","floor":12,"turns":5},{"damage":1,"enemies":"Red Slaver","floor":13,"turns":4},{"damage":33,"enemies":"3 Sentries","floor":14,"turns":9},{"damage":59,"enemies":"Slime Boss","floor":16,"turns":5}],"seed_played":"4942111727774402940","potions_obtained":[{"floor":2.0,"key":"SkillPotion"},{"floor":7.0,"key":"FearPotion"},{"floor":12,"key":"FearPotion"},{"floor":14,"key":"Energy Potion"}],"is_trial":false,"path_per_floor":["M","M","$","M","M","R","E","R","T","R","$","E","M","E","R","B"],"character_chosen":"IRONCLAD","items_purchased":["Membership Card","Bag of Marbles","PowerPotion","SteroidPotion"],"campfire_rested":1,"item_purchase_floors":[11,11,11,11],"current_hp_per_floor":[65,68,68,74,53,53,20,20,20,44,44,36,44,43,43,0],"gold":188,"neow_bonus":"TWO_FIFTY_GOLD","is_prod":false,"is_daily":false,"chose_seed":false,"campfire_upgraded":3,"win_rate":0,"timestamp":1546905882,"path_taken":["M","M","$","M","M","R","E","R","T","R","$","E","M","E","R","BOSS"],"build_version":"2019-01-03v4","purchased_purges":1,"victory":false,"max_hp_per_floor":[80,80,80,80,80,80,80,80,80,80,80,80,80,80,80,80],"card_choices":[{"not_picked":["Power Through","Flex"],"picked":"Iron Wave","floor":1.0},{"not_picked":["Anger","Iron Wave"],"picked":"Shrug It Off","floor":2.0},{"not_picked":["Second Wind","Rupture","Flex"],"picked":"SKIP","floor":4.0},{"not_picked":["Flex","Perfected Strike"],"picked":"Twin Strike","floor":5.0},{"not_picked":["Thunderclap","Sentinel"],"picked":"Reaper","floor":7.0},{"not_picked":["Reaper","Flex"],"picked":"True Grit","floor":12},{"not_picked":["Body Slam","Reckless Charge","Heavy Blade"],"picked":"SKIP","floor":13},{"not_picked":["Shrug It Off","Clash"],"picked":"Carnage","floor":14}],"player_experience":382066,"relics_obtained":[{"floor":7.0,"key":"Magic Flower"},{"floor":9.0,"key":"Shuriken"},{"floor":12,"key":"Anchor"},{"floor":14,"key":"Lantern"}],"event_choices":[],"is_beta":false,"boss_relics":[],"items_purged_floors":[3],"is_endless":false,"potions_floor_spawned":[2,7,12,13,14],"killed_by":"Slime Boss","ascension_level":9}