{"gold_per_floor":[15,33,33,47,47,66,66,66,120,137,148,148,148,176,176,277,277,217,217,142,142,142,142,142,142,142,142,42,42,42,42,42,42,42,42,42,42],"floor_reached":37,"playtime":1562,"items_purged":["Strike_R","Strike_R"],"score":375,"play_id":"d1f49efd-b64d-4f85-9bb2-f65138a224d5","local_time":"20190118200546","is_ascension_mode":false,"campfire_choices":[{"data":"Bash","floor":7.0,"key":"SMITH"},{"data":"Cleave","floor":13.0,"key":"SMITH"},{"data":"Whirlwind","floor":15.0,"key":"SMITH"},{"floor":23.0,"key":"REST"},{"floor":29.0,"key":"REST"},{"floor":32.0,"key":"REST"}],"neow_cost":"NO_GOLD","seed_source_timestamp":0,"circlet_count":0,"master_deck":["Strike_R","Defend_R","Defend_R","Defend_R","Defend_R","Bash+1","Madness","Madness","Pommel Strike","Shrug It Off","Metallicize","Iron Wave","Thunderclap","Cleave+1","Iron Wave","Whirlwind+1","Limit Break","Twin Strike+1","True Grit","Heavy Blade+1","Flex+1","Whirlwind","Inflame","True Grit+1","Flame Barrier+1","Heavy Blade+1","Demon Form"],"special_seed":0,"relics":["Burning Blood","Blood Vial","Dream Catcher","Ectoplasm","Happy Flower","Mark of Pain"],"potions_floor_usage":[],"damage_taken":[{"damage":0.0,"enemies":"2 Louse","floor":1.0,"turns":3.0},{"damage":1.0,"enemies":"Cultist","floor":2.0,"turns":3.0},{"damage":2.0,"enemies":"Jaw Worm","floor":4.0,"turns":4.0},{"damage":14.0,"enemies":"Gremlin Gang","floor":6.0,"turns":5.0},{"damage":13.0,"enemies":"3 Louse","floor":10.0,"turns":6.0},{"damage":10.0,"enemies":"Lots of Slimes","floor":11.0,"turns":5.0},{"damage":23.0,"enemies":"Gremlin Nob","floor":14.0,"turns":4.0},{"damage":39.0,"enemies":"Hexaghost","floor":16.0,"turns":9.0},{"damage":25.0,"enemies":"2 Thieves","floor":18.0,"turns":4.0},{"damage":0.0,"enemies":"3 Byrds","floor":19.0,"turns":3.0},{"damage":16.0,"enemies":"Centurion and Healer","floor":21.0,"turns":7.0},{"damage":32.0,"enemies":"Cultist and Chosen","floor":22.0,"turns":6.0},{"damage":28.0,"enemies":"Snecko","floor":24.0,"turns":5.0},{"damage":11.0,"enemies":"Centurion and Healer","floor":27.0,"turns":4.0},{"damage":30.0,"enemies":"Snake Plant","floor":30.0,"turns":5.0},{"damage":20.0,"enemies":"Chosen and Byrds","floor":31.0,"turns":5.0},{"damage":66.0,"enemies":"Automaton","floor":33.0,"turns":10.0},{"damage":21,"enemies":"3 Darklings","floor":35,"turns":4},{"damage":69,"enemies":"2 Orb Walkers","floor":37,"turns":4}],"seed_played":"3542379765899506928","potions_obtained":[{"floor":2.0,"key":"PowerPotion"},{"floor":5.0,"key":"Swift Potion"},{"floor":5.0,"key":"EntropicBrew"},{"floor":21.0,"key":"FearPotion"},{"floor":22.0,"key":"PowerPotion"},{"floor":27.0,"key":"FairyPotion"}],"is_trial":false,"path_per_floor":["M","M","$","M","?","M","R","$","T","M","M","?","R","E","R","B",null,"M","M","$","M","M","R","M","?","T","M","$","R","M","M","R","B",null,"M","$","?"],"character_chosen":"IRONCLAD","items_purchased":[],"campfire_rested":3,"item_purchase_floors":[],"current_hp_per_floor":[80,80,80,80,80,72,72,72,72,67,65,65,65,50,50,19,80,61,69,69,61,37,61,41,41,41,38,38,62,40,28,52,10,80,65,65,0],"gold":42,"neow_bonus":"RANDOM_COLORLESS_2","is_prod":false,"is_daily":false,"chose_seed":false,"campfire_upgraded":3,"win_rate":0,"timestamp":1547813146,"path_taken":["M","M","$","M","?","?","R","$","T","M","M","?","R","E","R","BOSS","M","?","$","M","M","R","M","?","T","M","$","R","?","M","R","BOSS","M","$","?"],"build_version":"2019-01-17v2","purchased_purges":2,"victory":false,"max_hp_per_floor":[80,80,80,80,80,80,80,80,80,80,80,80,80,80,80,80,80,80,80,80,80,80,80,80,80,80,80,80,80,80,80,80,80,80,80,80,80],"card_choices":[{"not_picked":["Sword Boomerang","Ghostly Armor"],"picked":"Pommel Strike","floor":1.0},{"not_picked":["Disarm","Combust"],"picked":"Shrug It Off","floor":2.0},{"not_picked":["Headbutt","Dropkick"],"picked":"Metallicize","floor":4.0},{"not_picked":["Sword Boomerang","Armaments"],"picked":"Iron Wave","floor":6.0},{"not_picked":["Sword Boomerang","Clash"],"picked":"Thunderclap","floor":10.0},{"not_picked":["True Grit","Havoc"],"picked":"Cleave","floor":11.0},{"not_picked":["Heavy Blade","Uppercut"],"picked":"Whirlwind","floor":14.0},{"not_picked":["Feed","Fiend Fire"],"picked":"Limit Break","floor":16.0},{"not_picked":["Warcry","Body Slam+1"],"picked":"Twin Strike+1","floor":18.0},{"not_picked":["Clothesline","Ghostly Armor"],"picked":"True Grit","floor":19.0},{"not_picked":["Pommel Strike","Dual Wield"],"picked":"Heavy Blade+1","floor":21.0},{"not_picked":["Clash","Body Slam"],"picked":"Flex+1","floor":22.0},{"not_picked":["Perfected Strike","Headbutt"],"picked":"Whirlwind","floor":23.0},{"not_picked":["Anger+1","Burning Pact"],"picked":"Inflame","floor":24.0},{"not_picked":["Rage","Combust","Uppercut"],"picked":"SKIP","floor":27.0},{"not_picked":["Armaments","Sword Boomerang"],"picked":"True Grit+1","floor":29.0},{"not_picked":["Sever Soul+1","Clash"],"picked":"Flame Barrier+1","floor":30.0},{"not_picked":["Infernal Blade","Cleave"],"picked":"Heavy Blade+1","floor":31.0},{"not_picked":["Berserk","Bludgeon"],"picked":"Demon Form","floor":33.0},{"not_picked":["Dropkick","Flex","Warcry"],"picked":"SKIP","floor":35}],"player_experience":92764,"relics_obtained":[{"floor":9.0,"key":"Blood Vial"},{"floor":14.0,"key":"Dream Catcher"},{"floor":26.0,"key":"Happy Flower"}],"event_choices":[{"damage_healed":0.0,"max_hp_gain":0.0,"max_hp_loss":0.0,"gold_gain":0.0,"event_name":"Lab","player_choice":"Got Potions","floor":5.0,"gold_loss":0.0,"damage_taken":0.0},{"cards_removed":["Strike_R"],"damage_healed":0.0,"max_hp_gain":0.0,"max_hp_loss":0.0,"gold_gain":0.0,"event_name":"NoteForYourself","player_choice":"Took Card","floor":12.0,"gold_loss":0.0,"damage_taken":0.0,"cards_obtained":["Iron Wave"]},{"cards_removed":["Strike_R"],"damage_healed":0.0,"max_hp_gain":0.0,"max_hp_loss":0.0,"gold_gain":0.0,"event_name":"Purifier","player_choice":"Purged","floor":25.0,"gold_loss":0.0,"damage_taken":0.0},{"damage_healed":0,"gold_gain":0,"player_choice":"Fight","damage_taken":0,"max_hp_gain":0,"max_hp_loss":0,"event_name":"Mysterious Sphere","floor":37,"gold_loss":0}],"is_beta":false,"boss_relics":[{"not_picked":["Black Blood","Velvet Choker"],"picked":"Ectoplasm"},{"not_picked":["Runic Pyramid","Tiny House"],"picked":"Mark of Pain"}],"items_purged_floors":[20,28],"is_endless":false,"potions_floor_spawned":[2,6,14,21,22,27,31],"killed_by":"2 Orb Walkers","ascension_level":0}