{"gold_per_floor":[117,117,117,18,38,38,64,78,78,103,103,120,120],"floor_reached":13,"playtime":519,"items_purged":["Strike_G"],"score":107,"play_id":"f31cc48f-66ae-4d34-96a9-091857e131b6","local_time":"20181219205224","is_ascension_mode":true,"campfire_choices":[{"data":"Survivor","floor":6,"key":"SMITH"}],"neow_cost":"NONE","seed_source_timestamp":460974022609317,"circlet_count":0,"master_deck":["Defend_G","Defend_G","Defend_G","Defend_G","Defend_G","Strike_G","Strike_G","Strike_G","Survivor+1","Neutralize+1","Predator","Sucker Punch","Backflip","Backstab","Escape Plan","Die Die Die","Backflip"],"relics":["Ring of the Snake","Mummified Hand","Pantograph","Paper Crane","Boot"],"potions_floor_usage":[10],"damage_taken":[{"damage":7,"enemies":"Jaw Worm","floor":1,"turns":8},{"damage":0,"enemies":"Cultist","floor":5,"turns":3},{"damage":20,"enemies":"3 Sentries","floor":7,"turns":15},{"damage":6,"enemies":"2 Louse","floor":8,"turns":2},{"damage":25,"enemies":"Gremlin Nob","floor":10,"turns":5},{"damage":0,"enemies":"Red Slaver","floor":12,"turns":3},{"damage":30,"enemies":"Lagavulin","floor":13,"turns":6}],"seed_played":"6464248647431463986","potions_obtained":[{"floor":1,"key":"SkillPotion"},{"floor":8,"key":"Regen Potion"},{"floor":10,"key":"Weak Potion"}],"is_trial":false,"path_per_floor":["M","?","?","$","M","R","E","M","T","E","?","M","E"],"character_chosen":"THE_SILENT","items_purchased":["Sucker Punch"],"campfire_rested":0,"item_purchase_floors":[4],"current_hp_per_floor":[70,70,63,63,63,63,43,37,37,26,26,26,0],"gold":120,"neow_bonus":"TEN_PERCENT_HP_BONUS","is_prod":false,"is_daily":false,"chose_seed":false,"campfire_upgraded":1,"win_rate":0,"timestamp":1545223944,"path_taken":["M","?","?","?","?","R","E","?","T","E","?","?","E"],"build_version":"2018-12-13","purchased_purges":1,"victory":false,"max_hp_per_floor":[77,77,77,77,77,77,77,77,77,77,77,77,77],"card_choices":[{"not_picked":["Prepared","PiercingWail"],"picked":"Predator","floor":1},{"not_picked":["Slice","Leg Sweep"],"picked":"Backflip","floor":5},{"not_picked":["Concentrate","Catalyst"],"picked":"Backstab","floor":7},{"not_picked":["Blur","Underhanded Strike"],"picked":"Escape Plan","floor":8},{"not_picked":["Prepared","Quick Slash"],"picked":"Die Die Die","floor":10},{"not_picked":["PiercingWail","Skewer"],"picked":"Backflip","floor":12}],"player_experience":62177,"relics_obtained":[{"floor":7,"key":"Mummified Hand"},{"floor":9,"key":"Pantograph"},{"floor":10,"key":"Paper Crane"}],"event_choices":[{"damage_healed":0,"gold_gain":0,"player_choice":"Grow","damage_taken":0,"max_hp_gain":0,"max_hp_loss":0,"event_name":"Living Wall","floor":2,"gold_loss":0,"cards_upgraded":["Neutralize"]},{"cards_removed":["Strike_G"],"damage_healed":0,"gold_gain":0,"player_choice":"Card Removal","damage_taken":7,"max_hp_gain":0,"max_hp_loss":0,"event_name":"Golden Wing","floor":3,"gold_loss":0},{"damage_healed":0,"gold_gain":0,"player_choice":"Gave Potion","damage_taken":0,"relics_obtained":["Boot"],"max_hp_gain":0,"max_hp_loss":0,"event_name":"WeMeetAgain","floor":11,"gold_loss":0}],"is_beta":false,"boss_relics":[],"items_purged_floors":[4],"is_endless":false,"potions_floor_spawned":[1,8,10],"killed_by":"Lagavulin","ascension_level":3}