{"gold_per_floor":[114,127,144,94,124,124,157,157,157,177,177,127,127,3,3,102,102,120,120,220,236,254,254,279,291,291,291,309,100,116,130,130,230,230,240,240,111,111,10,10,25,36,36,36,36,36,36,49,49,49],"floor_reached":51,"playtime":10919,"items_purged":["Strike_B","Strike_B","Defend_B","Defend_B","Defend_B"],"score":715,"play_id":"ee4ca596-4215-4293-824b-112307e98c16","local_time":"20181117110556","is_ascension_mode":false,"campfire_choices":[{"data":"Zap","floor":6,"key":"SMITH"},{"data":"Streamline","floor":8,"key":"SMITH"},{"data":"Biased Cognition","floor":13,"key":"SMITH"},{"data":"Hologram","floor":15,"key":"SMITH"},{"data":"Electrodynamics","floor":23,"key":"SMITH"},{"floor":27,"key":"REST"},{"data":"Loop","floor":32,"key":"SMITH"},{"data":"Loop","floor":40,"key":"SMITH"},{"data":"Defragment","floor":44,"key":"SMITH"},{"data":"Biased Cognition","floor":49,"key":"SMITH"}],"neow_cost":"NONE","seed_source_timestamp":140405435648411,"circlet_count":0,"master_deck":["Zap+1","Dualcast","Streamline+1","Conserve Battery","Biased Cognition+1","FTL","Coolheaded","Hologram+1","Genetic Algorithm","Electrodynamics+1","Conserve Battery","Go for the Eyes","Leap","Gash","Gash","Sunder+1","Loop+1","Chaos","White Noise+1","Seek","Loop+1","Core Surge","Biased Cognition+1","Loop+1","Cold Snap","Defragment+1"],"relics":["Cracked Core","Tiny Chest","Smiling Mask","Letter Opener","Orrery","Bird Faced Urn","Singing Bowl","Sozu","Pocketwatch","Dead Branch","Sundial"],"potions_floor_usage":[7,10,16,22,50],"damage_taken":[{"damage":0,"enemies":"2 Louse","floor":1,"turns":2},{"damage":1,"enemies":"Jaw Worm","floor":2,"turns":3},{"damage":3,"enemies":"Small Slimes","floor":3,"turns":3},{"damage":20,"enemies":"3 Sentries","floor":7,"turns":7},{"damage":0,"enemies":"Gremlin Gang","floor":10,"turns":3},{"damage":0,"enemies":"The Guardian","floor":16,"turns":11},{"damage":13,"enemies":"2 Thieves","floor":18,"turns":3},{"damage":0,"enemies":"Spheric Guardian","floor":21,"turns":3},{"damage":17,"enemies":"Snake Plant","floor":22,"turns":5},{"damage":16,"enemies":"Book of Stabbing","floor":24,"turns":5},{"damage":0,"enemies":"Centurion and Healer","floor":25,"turns":4},{"damage":0,"enemies":"Sentry and Sphere","floor":28,"turns":5},{"damage":0,"enemies":"Snecko","floor":30,"turns":4},{"damage":0,"enemies":"Centurion and Healer","floor":31,"turns":5},{"damage":14,"enemies":"Automaton","floor":33,"turns":6},{"damage":1,"enemies":"Orb Walker","floor":35,"turns":3},{"damage":13,"enemies":"3 Darklings","floor":41,"turns":3},{"damage":0,"enemies":"Maw","floor":42,"turns":6},{"damage":1,"enemies":"Sphere and 2 Shapes","floor":48,"turns":2},{"damage":0,"enemies":"Time Eater","floor":50,"turns":19}],"seed_played":"3017771781756196755","potions_obtained":[{"floor":0,"key":"Poison Potion"},{"floor":0,"key":"Weak Potion"},{"floor":0,"key":"EssenceOfSteel"},{"floor":7,"key":"Strength Potion"},{"floor":10,"key":"Ancient Potion"},{"floor":22,"key":"Weak Potion"},{"floor":25,"key":"Block Potion"}],"is_trial":false,"path_per_floor":["M","M","M","?","?","R","E","R","T","M","?","$","R","$","R","B",null,"M","?","?","M","M","R","E","M","T","R","M","$","M","M","R","B",null,"M","T","$","?","$","R","M","M","T","R","?","$","T","M","R","B",null],"character_chosen":"DEFECT","items_purchased":["Genetic Algorithm","Core Surge","Loop","Cold Snap"],"campfire_rested":1,"item_purchase_floors":[14,29,37,39],"current_hp_per_floor":[75,74,71,71,64,64,44,44,44,44,44,44,44,44,44,44,75,62,62,62,62,45,45,29,37,37,59,67,67,77,79,79,69,79,81,81,81,81,81,81,76,83,83,83,79,79,79,81,81,81],"gold":49,"neow_bonus":"THREE_SMALL_POTIONS","is_prod":false,"is_daily":false,"chose_seed":false,"campfire_upgraded":9,"win_rate":0,"timestamp":1542470756,"path_taken":["M","M","M","?","?","R","E","R","T","M","?","?","R","$","R","BOSS","M","?","?","M","M","R","E","?","T","R","M","$","M","M","R","BOSS","M","?","$","?","?","R","M","?","T","R","?","?","?","M","R","BOSS"],"build_version":"2018-11-15","purchased_purges":5,"victory":true,"max_hp_per_floor":[75,75,75,75,75,75,75,75,75,75,75,75,75,75,75,75,75,75,75,75,75,75,75,75,75,75,75,75,75,77,79,79,79,79,81,81,81,81,81,81,83,83,83,83,79,79,79,81,81,81],"card_choices":[{"not_picked":["Force Field","Compile Driver"],"picked":"Streamline","floor":1},{"not_picked":["Compile Driver","Hologram"],"picked":"Conserve Battery","floor":2},{"not_picked":["Redo","Turbo"],"picked":"Biased Cognition","floor":3},{"not_picked":["Barrage","Streamline"],"picked":"FTL","floor":7},{"not_picked":["Turbo","Tempest"],"picked":"Coolheaded","floor":10},{"not_picked":["All For One","Reboot"],"picked":"Electrodynamics","floor":16},{"not_picked":["Rebound","Leap"],"picked":"Conserve Battery","floor":17},{"not_picked":["Steam","Consume"],"picked":"Go for the Eyes","floor":17},{"not_picked":["Rebound","Compile Driver"],"picked":"Leap","floor":17},{"not_picked":["Turbo","Streamline"],"picked":"Gash","floor":17},{"not_picked":["Lockon","Leap"],"picked":"Gash","floor":17},{"not_picked":["FTL","Hologram"],"picked":"Sunder+1","floor":18},{"not_picked":["Hologram","Hello World"],"picked":"Loop+1","floor":21},{"not_picked":["Leap","Stack"],"picked":"Chaos","floor":22},{"not_picked":["Rip and Tear","Coolheaded"],"picked":"White Noise+1","floor":24},{"not_picked":["Turbo+1","Steam"],"picked":"Seek","floor":25},{"not_picked":["Conserve Battery","Gash"],"picked":"Loop","floor":28},{"not_picked":["Blizzard","Rip and Tear","Compile Driver"],"picked":"Singing Bowl","floor":30},{"not_picked":["Aggregate","Sweeping Beam","Coolheaded"],"picked":"Singing Bowl","floor":31},{"not_picked":["Meteor Strike","Multi-Cast"],"picked":"Biased Cognition","floor":33},{"not_picked":["Coolheaded","Barrage+1","Steam+1"],"picked":"Singing Bowl","floor":35},{"not_picked":["Fusion","Steam+1","FTL+1"],"picked":"Singing Bowl","floor":41},{"not_picked":["Stack","Sweeping Beam"],"picked":"Defragment","floor":42},{"not_picked":["Cold Snap","Leap+1","Turbo+1"],"picked":"Singing Bowl","floor":48}],"player_experience":3359683,"relics_obtained":[{"floor":7,"key":"Smiling Mask"},{"floor":9,"key":"Letter Opener"},{"floor":24,"key":"Bird Faced Urn"},{"floor":26,"key":"Singing Bowl"},{"floor":36,"key":"Pocketwatch"},{"floor":43,"key":"Dead Branch"},{"floor":47,"key":"Sundial"}],"event_choices":[{"cards_removed":["Strike_B"],"damage_healed":0,"gold_gain":0,"player_choice":"Card Removal","damage_taken":0,"max_hp_gain":0,"max_hp_loss":0,"event_name":"The Cleric","floor":4,"gold_loss":50},{"damage_healed":0,"gold_gain":0,"player_choice":"Success","damage_taken":7,"relics_obtained":["Tiny Chest"],"max_hp_gain":0,"max_hp_loss":0,"event_name":"Scrap Ooze","floor":5,"gold_loss":0},{"damage_healed":0,"gold_gain":0,"cards_transformed":["Strike_B"],"player_choice":"Change","damage_taken":0,"max_hp_gain":0,"max_hp_loss":0,"event_name":"Living Wall","floor":11,"gold_loss":0,"cards_obtained":["Hologram"]},{"cards_removed":["Defend_B"],"damage_healed":0,"gold_gain":0,"player_choice":"Elegance","damage_taken":0,"max_hp_gain":0,"max_hp_loss":0,"event_name":"Back to Basics","floor":19,"gold_loss":0},{"damage_healed":0,"gold_gain":100,"player_choice":"Pray","damage_taken":0,"max_hp_gain":0,"max_hp_loss":0,"event_name":"Golden Shrine","floor":20,"gold_loss":0},{"damage_healed":0,"gold_gain":0,"player_choice":"Ignored","damage_taken":0,"max_hp_gain":0,"max_hp_loss":0,"event_name":"Mysterious Sphere","floor":38,"gold_loss":0},{"damage_healed":0,"gold_gain":0,"player_choice":"Max HP","damage_taken":0,"max_hp_gain":0,"max_hp_loss":4,"event_name":"Winding Halls","floor":45,"gold_loss":0}],"is_beta":false,"boss_relics":[{"not_picked":["Lizard Tail","Eternal Feather"],"picked":"Orrery"},{"not_picked":["Runic Dome","Snecko Eye"],"picked":"Sozu"}],"items_purged_floors":[12,14,29,37,39],"is_endless":false,"potions_floor_spawned":[3,7,10,22,25,30,31,33,35],"ascension_level":0}