{"gold_per_floor":[109,121,121,17,17,17,55,55,55,55,95,10,33,69,69,165,165,190,105,119,19,19,19,39,39],"floor_reached":25,"playtime":1633,"items_purged":["Injury","Strike_G"],"score":484,"play_id":"d1f8968d-13b3-4bdb-8212-6e71f9bee3c7","local_time":"20181230105854","is_ascension_mode":true,"campfire_choices":[{"data":"Dagger Spray","floor":6,"key":"SMITH"},{"data":"Predator","floor":8,"key":"SMITH"},{"data":"Noxious Fumes","floor":15,"key":"SMITH"},{"floor":23,"key":"REST"}],"neow_cost":"NONE","seed_source_timestamp":1125016180431315,"circlet_count":0,"master_deck":["AscendersBane","Defend_G","Defend_G","Defend_G","Defend_G","Strike_G","Strike_G","Strike_G+1","Survivor","Neutralize","Backflip+1","Predator+1","Dagger Spray+1","Quick Slash","Envenom","Noxious Fumes+1","Footwork","Adrenaline","Dodge and Roll","Backflip+1","Catalyst","Underhanded Strike","PiercingWail"],"relics":["Ring of the Serpent","NeowsBlessing","Golden Idol","Dodecahedron","PreservedInsect","Nunchaku","Bottled Lightning","Lantern"],"potions_floor_usage":[16,24],"damage_taken":[{"damage":0,"enemies":"Cultist","floor":1,"turns":1},{"damage":0,"enemies":"Small Slimes","floor":2,"turns":1},{"damage":0,"enemies":"Gremlin Nob","floor":7,"turns":1},{"damage":17,"enemies":"Lagavulin","floor":11,"turns":6},{"damage":0,"enemies":"2 Louse","floor":13,"turns":3},{"damage":3,"enemies":"Gremlin Nob","floor":14,"turns":3},{"damage":16,"enemies":"The Guardian","floor":16,"turns":14},{"damage":22,"enemies":"2 Thieves","floor":18,"turns":3},{"damage":22,"enemies":"Shell Parasite","floor":20,"turns":9},{"damage":14,"enemies":"Shelled Parasite and Fungi","floor":24,"turns":9},{"damage":19,"enemies":"3 Cultists","floor":25,"turns":4}],"seed_played":"5018782586366659252","potions_obtained":[{"floor":11,"key":"SteroidPotion"},{"floor":14,"key":"Swift Potion"},{"floor":18,"key":"Strength Potion"}],"is_trial":false,"path_per_floor":["M","M","?","$","?","R","E","R","T","?","E","$","M","E","R","B",null,"M","?","M","$","?","R","M","M"],"character_chosen":"THE_SILENT","items_purchased":["Dagger Spray","Noxious Fumes"],"campfire_rested":1,"item_purchase_floors":[4,12],"current_hp_per_floor":[59,59,59,59,39,39,39,39,39,61,44,44,44,41,41,25,56,34,34,12,12,12,31,17,0],"gold":39,"neow_bonus":"THREE_ENEMY_KILL","is_prod":false,"is_daily":false,"chose_seed":false,"campfire_upgraded":3,"win_rate":0,"timestamp":1546196334,"path_taken":["M","?","?","$","?","R","E","R","T","?","E","?","M","E","R","BOSS","M","?","M","$","?","R","M","M"],"build_version":"2018-12-20","purchased_purges":2,"victory":false,"max_hp_per_floor":[66,66,66,66,66,66,66,66,66,66,66,66,66,66,66,66,66,66,66,66,66,66,66,66,66],"card_choices":[{"not_picked":["Flying Knee","Dagger Throw"],"picked":"Backflip","floor":1},{"not_picked":["Heel Hook","Dagger Spray"],"picked":"Predator","floor":2},{"not_picked":["Underhanded Strike","Calculated Gamble"],"picked":"Quick Slash","floor":7},{"not_picked":["Bane","Infinite Blades"],"picked":"Envenom","floor":11},{"not_picked":["Deadly Poison","Sucker Punch","Quick Slash"],"picked":"SKIP","floor":13},{"not_picked":["Caltrops","Backflip"],"picked":"Footwork","floor":14},{"not_picked":["Doppelganger","Venomology"],"picked":"Adrenaline","floor":16},{"not_picked":["Heel Hook","Dagger Throw"],"picked":"Dodge and Roll","floor":18},{"not_picked":["Finisher","Choke"],"picked":"Backflip+1","floor":20},{"not_picked":["Sucker Punch","Bouncing Flask"],"picked":"PiercingWail","floor":24}],"player_experience":276862,"relics_obtained":[{"floor":7,"key":"Dodecahedron"},{"floor":9,"key":"PreservedInsect"},{"floor":11,"key":"Nunchaku"},{"floor":14,"key":"Bottled Lightning"}],"event_choices":[{"damage_healed":0,"gold_gain":0,"player_choice":"Take Wound","damage_taken":0,"relics_obtained":["Golden Idol"],"max_hp_gain":0,"max_hp_loss":0,"event_name":"Golden Idol","floor":3,"gold_loss":0,"cards_obtained":["Injury"]},{"damage_healed":0,"gold_gain":0,"player_choice":"Entered Light","damage_taken":20,"max_hp_gain":0,"max_hp_loss":0,"event_name":"Shining Light","floor":5,"gold_loss":0,"cards_upgraded":["Backflip","Strike_G"]},{"damage_healed":22,"gold_gain":0,"player_choice":"Banana","damage_taken":0,"max_hp_gain":0,"max_hp_loss":0,"event_name":"Big Fish","floor":10,"gold_loss":0},{"damage_healed":0,"gold_gain":0,"player_choice":"Obtained Relic","damage_taken":0,"relics_obtained":["Lantern"],"max_hp_gain":0,"max_hp_loss":0,"event_name":"Addict","floor":19,"gold_loss":85},{"damage_healed":0,"gold_gain":0,"cards_transformed":["Strike_G","Defend_G"],"player_choice":"Became Test Subject","damage_taken":0,"max_hp_gain":0,"max_hp_loss":0,"event_name":"Drug Dealer","floor":22,"gold_loss":0,"cards_obtained":["Catalyst","Underhanded Strike"]}],"is_beta":false,"boss_relics":[{"not_picked":["Philosopher\u0027s Stone","Busted Crown"],"picked":"Ring of the Serpent"}],"items_purged_floors":[4,21],"is_endless":false,"potions_floor_spawned":[11,14,18],"killed_by":"3 Cultists","ascension_level":20}