{"gold_per_floor":[219,147,161,7,7,27,55,55,55,69,88,188,188,215,215,318,318,258,275,289,302,312,312,329,25,51,81,109,123,123,150,150,253,253,270,220,220,237,43,78,178,178,253,283,303,323,57,105,105,105],"floor_reached":51,"playtime":5592,"items_purged":["Strike_G","Parasite","Strike_G"],"score":1041,"play_id":"ddf3e511-b7aa-42d9-9f0d-9487cad5b038","local_time":"20190125083159","is_ascension_mode":true,"campfire_choices":[{"data":"Noxious Fumes","floor":8,"key":"SMITH"},{"data":"Neutralize","floor":13,"key":"SMITH"},{"data":"Footwork","floor":15,"key":"SMITH"},{"data":"Catalyst","floor":23,"key":"SMITH"},{"data":"After Image","floor":30,"key":"SMITH"},{"data":"Noxious Fumes","floor":32,"key":"SMITH"},{"data":"Footwork","floor":42,"key":"SMITH"},{"data":"Footwork","floor":49,"key":"SMITH"}],"neow_cost":"NONE","seed_source_timestamp":39010940165800,"circlet_count":0,"master_deck":["Defend_G","Defend_G","Defend_G","Defend_G","Defend_G","Survivor","Neutralize+1","Footwork+1","Noxious Fumes+1","Leg Sweep","Cloak And Dagger","Backflip","Dodge and Roll","PiercingWail","PiercingWail","Malaise","Backstab+1","Footwork+1","Leg Sweep","Catalyst+1","Cloak And Dagger","Dodge and Roll","PiercingWail","Footwork+1","After Image+1","Noxious Fumes+1","Malaise","Acrobatics+1","Noxious Fumes+1","Sucker Punch+1","Cloak And Dagger+1","Dodge and Roll+1","Well Laid Plans+1","Catalyst+1","Dash+1","Clumsy","Catalyst+1","PiercingWail","PiercingWail+1","Footwork+1","Malaise"],"relics":["Ring of the Snake","Bronze Scales","Prayer Wheel","FossilizedHelix","Incense Burner","Cursed Key","Vajra","Smiling Mask","Question Card","Red Mask","Ornamental Fan","Astrolabe","DollysMirror","Gremlin Horn","Paper Crane","Frozen Egg 2"],"potions_floor_usage":[7,11,18,18,27,28,31,31,33,48],"damage_taken":[{"damage":0,"enemies":"Cultist","floor":1,"turns":4},{"damage":0,"enemies":"Small Slimes","floor":3,"turns":4},{"damage":0,"enemies":"2 Louse","floor":6,"turns":3},{"damage":13,"enemies":"Lagavulin","floor":7,"turns":8},{"damage":0,"enemies":"Exordium Wildlife","floor":10,"turns":5},{"damage":0,"enemies":"Blue Slaver","floor":11,"turns":5},{"damage":1,"enemies":"Gremlin Nob","floor":14,"turns":5},{"damage":11,"enemies":"Slime Boss","floor":16,"turns":13},{"damage":1,"enemies":"2 Thieves","floor":18,"turns":4},{"damage":0,"enemies":"Shell Parasite","floor":19,"turns":6},{"damage":0,"enemies":"Snecko","floor":20,"turns":10},{"damage":0,"enemies":"3 Cultists","floor":21,"turns":6},{"damage":0,"enemies":"Shelled Parasite and Fungi","floor":22,"turns":7},{"damage":0,"enemies":"Snecko","floor":24,"turns":9},{"damage":4,"enemies":"Book of Stabbing","floor":27,"turns":7},{"damage":0,"enemies":"Masked Bandits","floor":28,"turns":7},{"damage":0,"enemies":"Snake Plant","floor":29,"turns":4},{"damage":0,"enemies":"Gremlin Leader","floor":31,"turns":8},{"damage":2,"enemies":"Automaton","floor":33,"turns":9},{"damage":0,"enemies":"3 Shapes","floor":35,"turns":7},{"damage":8,"enemies":"3 Darklings","floor":38,"turns":5},{"damage":0,"enemies":"Nemesis","floor":40,"turns":7},{"damage":0,"enemies":"Giant Head","floor":44,"turns":9},{"damage":0,"enemies":"Writhing Mass","floor":45,"turns":8},{"damage":0,"enemies":"Sphere and 2 Shapes","floor":46,"turns":6},{"damage":0,"enemies":"2 Orb Walkers","floor":48,"turns":8},{"damage":0,"enemies":"Awakened One","floor":50,"turns":16}],"seed_played":"-677201707119712055","potions_obtained":[{"floor":1,"key":"AttackPotion"},{"floor":3,"key":"Weak Potion"},{"floor":7,"key":"GamblersBrew"},{"floor":10,"key":"GamblersBrew"},{"floor":22,"key":"PowerPotion"},{"floor":24,"key":"Fire Potion"},{"floor":27,"key":"SpeedPotion"},{"floor":28,"key":"GamblersBrew"},{"floor":29,"key":"Poison Potion"},{"floor":31,"key":"FearPotion"},{"floor":35,"key":"GhostInAJar"},{"floor":40,"key":"GamblersBrew"}],"is_trial":false,"path_per_floor":["M","$","M","$","?","M","E","R","T","M","M","?","R","E","R","B",null,"M","M","M","M","M","R","M","$","T","E","?","M","R","E","R","B",null,"M","$","?","M","$","E","?","R","T","E","M","M","$","?","R","B",null],"character_chosen":"THE_SILENT","items_purchased":["Noxious Fumes","Bronze Scales","Vajra","Footwork","DollysMirror","Footwork+1","Malaise"],"campfire_rested":0,"item_purchase_floors":[2,4,25,25,39,47,47],"current_hp_per_floor":[70,70,70,70,75,75,62,62,62,62,62,62,62,61,61,50,75,74,74,74,74,74,74,74,74,74,70,70,70,70,70,70,68,75,75,72,68,60,60,60,60,60,60,60,60,60,60,60,60,60],"gold":105,"neow_bonus":"HUNDRED_GOLD","is_prod":false,"is_daily":false,"chose_seed":false,"campfire_upgraded":8,"win_rate":0,"timestamp":1548401519,"path_taken":["M","$","M","$","?","M","E","R","T","M","M","?","R","E","R","BOSS","M","M","M","M","?","R","M","$","T","E","?","M","R","E","R","BOSS","M","$","?","M","$","E","?","R","T","E","M","?","$","?","R","BOSS"],"build_version":"2019-01-23","purchased_purges":3,"victory":true,"max_hp_per_floor":[70,70,70,70,75,75,75,75,75,75,75,75,75,75,75,75,75,75,75,75,75,75,75,75,75,75,75,75,75,75,75,75,75,75,75,72,68,68,68,68,68,68,68,68,68,68,68,68,68,68],"card_choices":[{"not_picked":["Calculated Gamble","Quick Slash"],"picked":"Footwork","floor":1},{"not_picked":["PiercingWail","Blade Dance"],"picked":"Leg Sweep","floor":3},{"not_picked":["Bouncing Flask","PiercingWail"],"picked":"Cloak And Dagger","floor":6},{"not_picked":["Slice","Sucker Punch"],"picked":"Backflip","floor":7},{"not_picked":["Dagger Spray","Finisher"],"picked":"Dodge and Roll","floor":10},{"not_picked":["Doppelganger","Underhanded Strike","Backstab"],"picked":"SKIP","floor":10},{"not_picked":["Catalyst","Backstab"],"picked":"PiercingWail","floor":11},{"not_picked":["Underhanded Strike","Deflect","Acrobatics"],"picked":"SKIP","floor":11},{"not_picked":["Underhanded Strike","Deflect","Acrobatics"],"picked":"SKIP","floor":11},{"not_picked":["Accuracy","Slice"],"picked":"PiercingWail","floor":14},{"not_picked":["Glass Knife","Phantasmal Killer"],"picked":"Malaise","floor":16},{"not_picked":["Cloak And Dagger","Quick Slash+1"],"picked":"Backstab+1","floor":18},{"not_picked":["Bane","Acrobatics","Distraction"],"picked":"SKIP","floor":18},{"not_picked":["PiercingWail","Escape Plan"],"picked":"Footwork","floor":19},{"not_picked":["Bane","Acrobatics","Sucker Punch+1"],"picked":"SKIP","floor":19},{"not_picked":["Deadly Poison","Flying Knee"],"picked":"Leg Sweep","floor":20},{"not_picked":["Backflip+1","Outmaneuver"],"picked":"Catalyst","floor":20},{"not_picked":["Outmaneuver","Masterful Stab+1"],"picked":"Cloak And Dagger","floor":21},{"not_picked":["Poisoned Stab","Riddle With Holes"],"picked":"Dodge and Roll","floor":21},{"not_picked":["Flying Knee","Acrobatics"],"picked":"PiercingWail","floor":22},{"not_picked":["Deadly Poison","Predator+1","Expertise"],"picked":"SKIP","floor":22},{"not_picked":["Sucker Punch","Endless Agony","Caltrops"],"picked":"SKIP","floor":24},{"not_picked":["Reflex","PiercingWail","Glass Knife"],"picked":"SKIP","floor":24},{"not_picked":["Underhanded Strike+1","Deadly Poison+1","Skewer+1"],"picked":"SKIP","floor":27},{"not_picked":["Dagger Throw","Dagger Spray","Riddle With Holes"],"picked":"After Image","floor":29},{"not_picked":["Flying Knee+1","Noxious Fumes","Leg Sweep","Bane"],"picked":"SKIP","floor":29},{"not_picked":["Flying Knee+1","Leg Sweep","Bane"],"picked":"Noxious Fumes","floor":29},{"not_picked":["Deflect","Quick Slash","Underhanded Strike","Flying Knee+1"],"picked":"SKIP","floor":31},{"not_picked":["A Thousand Cuts","Envenom","Glass Knife"],"picked":"Malaise","floor":33},{"not_picked":["Sucker Punch","Eviscerate","Poisoned Stab"],"picked":"Cloak And Dagger+1","floor":35},{"not_picked":["Escape Plan+1","Bane+1","Sucker Punch+1"],"picked":"Dodge and Roll+1","floor":35},{"not_picked":["Bane","Blade Dance+1","Dodge and Roll+1"],"picked":"Well Laid Plans+1","floor":38},{"not_picked":["Distraction","Dagger Throw+1","Dagger Spray","Slice+1"],"picked":"SKIP","floor":38},{"not_picked":["Poisoned Stab+1","Flying Knee+1","Dagger Throw"],"picked":"Dash+1","floor":40},{"not_picked":["Sucker Punch+1","Storm of Steel","Dodge and Roll","Outmaneuver+1"],"picked":"SKIP","floor":44},{"not_picked":["Dagger Throw+1","Eviscerate","Dagger Spray+1"],"picked":"Catalyst+1","floor":45},{"not_picked":["Cloak And Dagger","Flying Knee+1","Slice"],"picked":"PiercingWail","floor":45},{"not_picked":["Outmaneuver+1","Sucker Punch","Flying Knee+1"],"picked":"PiercingWail+1","floor":46},{"not_picked":["Heel Hook","Poisoned Stab+1","Bouncing Flask+1","Masterful Stab+1"],"picked":"SKIP","floor":46}],"player_experience":72476,"relics_obtained":[{"floor":7,"key":"Prayer Wheel"},{"floor":9,"key":"FossilizedHelix"},{"floor":14,"key":"Incense Burner"},{"floor":26,"key":"Smiling Mask"},{"floor":27,"key":"Question Card"},{"floor":28,"key":"Red Mask"},{"floor":31,"key":"Ornamental Fan"},{"floor":40,"key":"Gremlin Horn"},{"floor":43,"key":"Paper Crane"},{"floor":44,"key":"Frozen Egg 2"}],"event_choices":[{"damage_healed":0,"gold_gain":0,"player_choice":"Donut","damage_taken":0,"max_hp_gain":5,"max_hp_loss":0,"event_name":"Big Fish","floor":5,"gold_loss":0},{"damage_healed":0,"gold_gain":100,"player_choice":"Gold","damage_taken":0,"max_hp_gain":0,"max_hp_loss":0,"event_name":"Wheel of Change","floor":12,"gold_loss":0},{"damage_healed":0,"gold_gain":0,"player_choice":"Fought Bandits","damage_taken":0,"max_hp_gain":0,"max_hp_loss":0,"event_name":"Masked Bandits","floor":28,"gold_loss":0},{"damage_healed":0,"gold_gain":0,"player_choice":"Max HP","damage_taken":0,"max_hp_gain":0,"max_hp_loss":4,"event_name":"Winding Halls","floor":37,"gold_loss":0},{"damage_healed":0,"gold_gain":100,"player_choice":"Pray","damage_taken":0,"max_hp_gain":0,"max_hp_loss":0,"event_name":"Golden Shrine","floor":41,"gold_loss":0},{"damage_healed":0,"gold_gain":0,"player_choice":"Fight","damage_taken":0,"max_hp_gain":0,"max_hp_loss":0,"event_name":"Mysterious Sphere","floor":48,"gold_loss":0}],"is_beta":false,"boss_relics":[{"not_picked":["Lizard Tail","Fusion Hammer"],"picked":"Cursed Key"},{"not_picked":["Runic Pyramid","Calling Bell"],"picked":"Astrolabe"}],"items_purged_floors":[25,36,47],"is_endless":false,"potions_floor_spawned":[1,3,7,10,22,24,27,28,29,31,35,40,44],"ascension_level":2}