{"gold_per_floor":[115,115,128,146,156,156,183,201,201,201,223,223,252,270,270,270],"floor_reached":16,"playtime":1201,"items_purged":[],"score":224,"play_id":"3a74fe15-1f97-4051-b6bd-59b8061e4dd3","local_time":"20181231171811","is_ascension_mode":true,"campfire_choices":[{"data":"Poisoned Stab","floor":6,"key":"SMITH"},{"data":"Neutralize","floor":10,"key":"SMITH"},{"floor":12,"key":"REST"},{"data":"Noxious Fumes","floor":15,"key":"SMITH"}],"neow_cost":"NONE","seed_source_timestamp":1234596747219397,"circlet_count":0,"master_deck":["AscendersBane","Defend_G","Defend_G","Defend_G","Defend_G","Defend_G","Strike_G","Strike_G","Strike_G","Strike_G","Strike_G","Survivor","Neutralize+1","Deflect","Poisoned Stab+1","Dagger Throw","Footwork","Skewer","Noxious Fumes+1"],"relics":["Ring of the Snake","Letter Opener","Ninja Scroll","Odd Mushroom","Vajra"],"potions_floor_usage":[7,7,11,13],"damage_taken":[{"damage":3,"enemies":"Small Slimes","floor":1,"turns":6},{"damage":7,"enemies":"Jaw Worm","floor":3,"turns":6},{"damage":0,"enemies":"Cultist","floor":4,"turns":4},{"damage":2,"enemies":"Large Slime","floor":5,"turns":7},{"damage":29,"enemies":"Gremlin Nob","floor":7,"turns":4},{"damage":4,"enemies":"2 Fungi Beasts","floor":8,"turns":4},{"damage":0,"enemies":"The Mushroom Lair","floor":11,"turns":4},{"damage":17,"enemies":"Lagavulin","floor":13,"turns":6},{"damage":0,"enemies":"3 Louse","floor":14,"turns":3},{"damage":22,"enemies":"The Guardian","floor":16,"turns":2}],"seed_played":"4817474050993537825","potions_obtained":[{"floor":0,"key":"Poison Potion"},{"floor":0,"key":"EssenceOfSteel"},{"floor":7,"key":"Swift Potion"},{"floor":8,"key":"PowerPotion"}],"is_trial":false,"path_per_floor":["M","$","M","M","M","R","E","M","T","R","?","R","E","M","R","B"],"character_chosen":"THE_SILENT","items_purchased":[],"campfire_rested":1,"item_purchase_floors":[],"current_hp_per_floor":[56,56,49,49,47,47,18,14,14,14,14,33,16,16,16,0],"gold":270,"neow_bonus":"THREE_SMALL_POTIONS","is_prod":false,"is_daily":false,"chose_seed":false,"campfire_upgraded":3,"win_rate":0,"timestamp":1546305491,"path_taken":["M","$","M","M","M","R","E","M","T","R","?","R","E","M","R","BOSS"],"build_version":"2018-12-20","purchased_purges":0,"victory":false,"max_hp_per_floor":[66,66,66,66,66,66,66,66,66,66,66,66,66,66,66,66],"card_choices":[{"not_picked":["Backflip","Choke"],"picked":"Deflect","floor":1},{"not_picked":["Escape Plan","Setup"],"picked":"Poisoned Stab","floor":3},{"not_picked":["Terror","Sucker Punch"],"picked":"Dagger Throw","floor":4},{"not_picked":["Cloak And Dagger","Dagger Throw","Dodge and Roll"],"picked":"SKIP","floor":5},{"not_picked":["Underhanded Strike","Cloak And Dagger"],"picked":"Footwork","floor":7},{"not_picked":["Blur","Concentrate"],"picked":"Skewer","floor":8},{"not_picked":["Dagger Throw","Dodge and Roll"],"picked":"Noxious Fumes","floor":11},{"not_picked":["Quick Slash","Outmaneuver","Poisoned Stab"],"picked":"SKIP","floor":13},{"not_picked":["All Out Attack","Envenom","Dagger Throw"],"picked":"SKIP","floor":14}],"player_experience":299516,"relics_obtained":[{"floor":7,"key":"Letter Opener"},{"floor":9,"key":"Ninja Scroll"},{"floor":11,"key":"Odd Mushroom"},{"floor":13,"key":"Vajra"}],"event_choices":[{"damage_healed":0,"gold_gain":0,"player_choice":"Fought Mushrooms","damage_taken":0,"max_hp_gain":0,"max_hp_loss":0,"event_name":"Mushrooms","floor":11,"gold_loss":0}],"is_beta":false,"boss_relics":[],"items_purged_floors":[],"is_endless":false,"potions_floor_spawned":[4,5,7,8],"killed_by":"The Guardian","ascension_level":20}