{"gold_per_floor":[111,25,100,111,111,111,111,146,195,207,236,236],"floor_reached":12,"playtime":1425,"items_purged":[],"score":159,"play_id":"ff77d800-c408-4f4e-abdb-236a3d2a6051","local_time":"20190130221513","is_ascension_mode":true,"campfire_choices":[{"data":"Zap","floor":6,"key":"SMITH"}],"neow_cost":"NONE","seed_source_timestamp":518447828098200,"circlet_count":0,"master_deck":["AscendersBane","Strike_B","Strike_B","Strike_B","Strike_B","Defend_B","Defend_B","Defend_B","Defend_B","Zap+1","Dualcast","Ball Lightning","Defragment+1","Sweeping Beam","Parasite","Conserve Battery","Electrodynamics"],"relics":["Cracked Core","Orichalcum","Bronze Scales","Question Card"],"potions_floor_usage":[11],"damage_taken":[{"damage":0,"enemies":"Cultist","floor":1,"turns":3},{"damage":7,"enemies":"Jaw Worm","floor":4,"turns":3},{"damage":53,"enemies":"Gremlin Nob","floor":8,"turns":5},{"damage":0,"enemies":"2 Louse","floor":10,"turns":2},{"damage":16,"enemies":"3 Sentries","floor":11,"turns":5},{"damage":12,"enemies":"Large Slime","floor":12,"turns":1}],"seed_played":"-331117042031655359","potions_obtained":[{"floor":8,"key":"SkillPotion"}],"is_trial":false,"path_per_floor":["M","$","?","M","?","R","?","E","T","M","E","M"],"character_chosen":"DEFECT","items_purchased":["Defragment"],"campfire_rested":0,"item_purchase_floors":[2],"current_hp_per_floor":[71,71,60,53,53,53,72,19,19,19,3,0],"gold":236,"neow_bonus":"TEN_PERCENT_HP_BONUS","is_prod":false,"is_daily":false,"chose_seed":false,"campfire_upgraded":1,"win_rate":0,"timestamp":1548915313,"path_taken":["M","?","?","M","?","R","?","E","T","M","E","M"],"build_version":"2019-01-23","purchased_purges":0,"victory":false,"max_hp_per_floor":[78,78,78,78,78,78,78,78,78,78,78,78],"card_choices":[{"not_picked":["Rip and Tear","Consume"],"picked":"Ball Lightning","floor":1},{"not_picked":["Lockon","Gash"],"picked":"Sweeping Beam","floor":4},{"not_picked":["Streamline","Beam Cell","Rebound"],"picked":"SKIP","floor":8},{"not_picked":["Blizzard","Melter"],"picked":"Conserve Battery","floor":10},{"not_picked":["FTL","Leap"],"picked":"Electrodynamics","floor":11}],"player_experience":1214673,"relics_obtained":[{"floor":8,"key":"Orichalcum"},{"floor":9,"key":"Bronze Scales"},{"floor":11,"key":"Question Card"}],"event_choices":[{"damage_healed":0,"gold_gain":75,"player_choice":"Gather Gold","damage_taken":11,"max_hp_gain":0,"max_hp_loss":0,"event_name":"World of Goop","floor":3,"gold_loss":0},{"damage_healed":0,"gold_gain":0,"player_choice":"Grow","damage_taken":0,"max_hp_gain":0,"max_hp_loss":0,"event_name":"Living Wall","floor":5,"gold_loss":0,"cards_upgraded":["Defragment"]},{"damage_healed":19,"gold_gain":0,"player_choice":"Healed and dodged fight","damage_taken":0,"max_hp_gain":0,"max_hp_loss":0,"event_name":"Mushrooms","floor":7,"gold_loss":0,"cards_obtained":["Parasite"]}],"is_beta":false,"boss_relics":[],"items_purged_floors":[],"is_endless":false,"potions_floor_spawned":[8],"killed_by":"Large Slime","ascension_level":17}