{"gold_per_floor":[114,133,153,1,1,1,32,56,56,89,130,173,204,225,225,318,318,342,342,98,117,137,137,172,188,188,188],"floor_reached":27,"playtime":1837,"items_purged":[],"score":565,"play_id":"39c5230a-2286-40f9-adc6-2a82358b8d1b","local_time":"20190127205529","is_ascension_mode":true,"campfire_choices":[{"data":"Zap","floor":6,"key":"SMITH"},{"data":"Defragment","floor":15,"key":"SMITH"},{"data":"Loop","floor":23,"key":"SMITH"}],"neow_cost":"TEN_PERCENT_HP_LOSS","seed_source_timestamp":463148487443677,"circlet_count":0,"master_deck":["AscendersBane","Strike_B","Strike_B","Defend_B","Defend_B","Defend_B","Defend_B","Zap+1","Dualcast","Defragment+1","Sweeping Beam","Coolheaded","Glacier","Loop+1","Conserve Battery","Core Surge","Coolheaded","Steam Power","Reboot","Ball Lightning","Gash"],"relics":["Cracked Core","Pocketwatch","PreservedInsect","Golden Idol","Bag of Marbles","Bottled Tornado","WingedGreaves","Mercury Hourglass","Letter Opener","Lantern","Inserter","Frozen Egg 2","Torii","Kunai"],"potions_floor_usage":[10,24,25],"damage_taken":[{"damage":0,"enemies":"Small Slimes","floor":1,"turns":2},{"damage":0,"enemies":"2 Louse","floor":2,"turns":3},{"damage":1,"enemies":"Cultist","floor":3,"turns":3},{"damage":5,"enemies":"Lagavulin","floor":7,"turns":8},{"damage":1,"enemies":"3 Louse","floor":8,"turns":3},{"damage":0,"enemies":"Gremlin Nob","floor":10,"turns":2},{"damage":12,"enemies":"3 Sentries","floor":11,"turns":5},{"damage":10,"enemies":"Gremlin Nob","floor":12,"turns":3},{"damage":0,"enemies":"Lagavulin","floor":13,"turns":6},{"damage":0,"enemies":"Gremlin Gang","floor":14,"turns":3},{"damage":2,"enemies":"Hexaghost","floor":16,"turns":10},{"damage":5,"enemies":"2 Thieves","floor":18,"turns":5},{"damage":0,"enemies":"3 Byrds","floor":21,"turns":4},{"damage":5,"enemies":"Shelled Parasite and Fungi","floor":22,"turns":6},{"damage":4,"enemies":"Book of Stabbing","floor":24,"turns":5},{"damage":11,"enemies":"Centurion and Healer","floor":25,"turns":7},{"damage":28,"enemies":"Slavers","floor":27,"turns":2}],"seed_played":"-277662952263955270","potions_obtained":[{"floor":3,"key":"Fire Potion"},{"floor":7,"key":"Weak Potion"},{"floor":11,"key":"SkillPotion"}],"is_trial":false,"path_per_floor":["M","M","M","$","?","R","E","M","T","E","E","E","E","M","R","B",null,"M","?","$","M","M","R","E","M","T","E"],"character_chosen":"DEFECT","items_purchased":["PreservedInsect","Frozen Egg 2"],"campfire_rested":0,"item_purchase_floors":[4,20],"current_hp_per_floor":[64,64,63,63,58,58,53,52,52,52,40,30,30,30,30,28,51,46,46,46,46,41,41,37,26,26,0],"gold":188,"neow_bonus":"ONE_RARE_RELIC","is_prod":false,"is_daily":false,"chose_seed":false,"campfire_upgraded":3,"win_rate":0,"timestamp":1548651329,"path_taken":["M","M","M","$","?","R","E","M","T","E","E","E","E","M","R","BOSS","M","?","$","M","M","R","E","M","T","E"],"build_version":"2019-01-23","purchased_purges":0,"victory":false,"max_hp_per_floor":[64,64,64,64,58,58,58,58,58,58,58,58,58,58,58,58,58,58,58,58,58,58,58,58,58,58,58],"card_choices":[{"not_picked":["Compile Driver","Skim"],"picked":"Defragment","floor":1},{"not_picked":["Compile Driver","Auto Shields"],"picked":"Sweeping Beam","floor":2},{"not_picked":["Auto Shields","Hologram"],"picked":"Coolheaded","floor":3},{"not_picked":["FTL","Redo","Streamline"],"picked":"SKIP","floor":7},{"not_picked":["Stack","Beam Cell","Hello World"],"picked":"SKIP","floor":8},{"not_picked":["Darkness","Machine Learning"],"picked":"Glacier","floor":10},{"not_picked":["Redo","Gash","Coolheaded"],"picked":"SKIP","floor":11},{"not_picked":["Gash","Hello World","Turbo"],"picked":"SKIP","floor":12},{"not_picked":["Meteor Strike","Compile Driver"],"picked":"Loop","floor":13},{"not_picked":["Double Energy","Reinforced Body"],"picked":"Conserve Battery","floor":14},{"not_picked":["Machine Learning","Meteor Strike"],"picked":"Core Surge","floor":16},{"not_picked":["Reinforced Body","Heatsinks"],"picked":"Coolheaded","floor":18},{"not_picked":["Undo","Turbo+1"],"picked":"Ball Lightning","floor":21},{"not_picked":["Cold Snap","Coolheaded"],"picked":"Gash","floor":22},{"not_picked":["Redo","Stack","White Noise"],"picked":"SKIP","floor":24},{"not_picked":["Hello World+1","Rebound","Sweeping Beam"],"picked":"SKIP","floor":25}],"player_experience":469539,"relics_obtained":[{"floor":7,"key":"Bag of Marbles"},{"floor":9,"key":"Bottled Tornado"},{"floor":10,"key":"WingedGreaves"},{"floor":11,"key":"Mercury Hourglass"},{"floor":12,"key":"Letter Opener"},{"floor":13,"key":"Lantern"},{"floor":24,"key":"Torii"},{"floor":26,"key":"Kunai"}],"event_choices":[{"damage_healed":0,"gold_gain":0,"player_choice":"Lose Max HP","damage_taken":0,"relics_obtained":["Golden Idol"],"max_hp_gain":0,"max_hp_loss":6,"event_name":"Golden Idol","floor":5,"gold_loss":0},{"damage_healed":0,"gold_gain":0,"cards_transformed":["Strike_B","Strike_B"],"player_choice":"Became Test Subject","damage_taken":0,"max_hp_gain":0,"max_hp_loss":0,"event_name":"Drug Dealer","floor":19,"gold_loss":0,"cards_obtained":["Steam Power","Reboot"]}],"is_beta":false,"boss_relics":[{"not_picked":["Cursed Key","Tiny House"],"picked":"Inserter"}],"items_purged_floors":[],"is_endless":false,"potions_floor_spawned":[3,7,8,11,18,22],"killed_by":"Slavers","ascension_level":15}