{"gold_per_floor":[115,133,147,24,37,37,54,3,3,3,32,32,48,77,77,179,179,196,15,32,32,44,69,69,81,104,104,115,115,115,135,135,240,240,250,265,79,79,79,79,91,91,91,91,91,106,117,128,128,128],"floor_reached":51,"playtime":4035,"items_purged":["Strike_B","Strike_B"],"score":681,"play_id":"f56cabd6-dbc7-4635-a933-d3a82c4286d9","local_time":"20190207232634","is_ascension_mode":false,"campfire_choices":[{"data":"Zap","floor":6,"key":"SMITH"},{"data":"Hologram","floor":10,"key":"SMITH"},{"data":"Chill","floor":15,"key":"SMITH"},{"data":"Steam","floor":24,"key":"SMITH"},{"floor":29,"key":"REST"},{"data":"Regret","floor":32,"key":"PURGE"},{"data":"Normality","floor":40,"key":"PURGE"},{"data":"Defragment","floor":42,"key":"SMITH"},{"data":"Clumsy","floor":44,"key":"PURGE"},{"floor":49,"key":"REST"}],"neow_cost":"NONE","seed_source_timestamp":361042716028783,"circlet_count":0,"master_deck":["Strike_B","Defend_B","Defend_B","Defend_B","Defend_B","Zap+1","Dualcast","Sweeping Beam","Ball Lightning","Compile Driver","Ball Lightning","Hologram+1","Streamline","Conserve Battery","BootSequence","Chill+1","All For One","Steam+1","Capacitor","Coolheaded","Shame","Steam+1","Aggregate","Go for the Eyes","Conserve Battery+1","Buffer","Skim","FTL","Defragment+1","Cold Snap+1","FTL","Apotheosis","Madness","Madness","Skim","Injury","Madness","Consume+1","Aggregate","Multi-Cast","Stack+1"],"relics":["Cracked Core","NeowsBlessing","Gremlin Horn","Blue Candle","Kunai","Cursed Key","Art of War","Peace Pipe","Dream Catcher","Pantograph","Orrery","Letter Opener"],"potions_floor_usage":[11,14,16,20,23,23,41,50],"damage_taken":[{"damage":0,"enemies":"Jaw Worm","floor":1,"turns":1},{"damage":0,"enemies":"2 Louse","floor":2,"turns":1},{"damage":0,"enemies":"Small Slimes","floor":3,"turns":1},{"damage":1,"enemies":"2 Fungi Beasts","floor":5,"turns":3},{"damage":10,"enemies":"Exordium Thugs","floor":7,"turns":3},{"damage":17,"enemies":"3 Sentries","floor":11,"turns":5},{"damage":10,"enemies":"Looter","floor":13,"turns":3},{"damage":0,"enemies":"Gremlin Nob","floor":14,"turns":3},{"damage":24,"enemies":"Slime Boss","floor":16,"turns":10},{"damage":1,"enemies":"3 Byrds","floor":18,"turns":4},{"damage":10,"enemies":"Spheric Guardian","floor":20,"turns":4},{"damage":6,"enemies":"Shelled Parasite and Fungi","floor":22,"turns":5},{"damage":20,"enemies":"Book of Stabbing","floor":23,"turns":5},{"damage":7,"enemies":"Centurion and Healer","floor":25,"turns":9},{"damage":3,"enemies":"Snake Plant","floor":28,"turns":5},{"damage":6,"enemies":"Shelled Parasite and Fungi","floor":31,"turns":7},{"damage":5,"enemies":"Champ","floor":33,"turns":13},{"damage":0,"enemies":"3 Shapes","floor":35,"turns":7},{"damage":1,"enemies":"Orb Walker","floor":36,"turns":5},{"damage":25,"enemies":"Transient","floor":41,"turns":5},{"damage":0,"enemies":"Jaw Worm Horde","floor":46,"turns":5},{"damage":26,"enemies":"Spire Growth","floor":47,"turns":6},{"damage":9,"enemies":"4 Shapes","floor":48,"turns":6},{"damage":24,"enemies":"Awakened One","floor":50,"turns":12}],"seed_played":"5053875671142455678","potions_obtained":[{"floor":3,"key":"PowerPotion"},{"floor":5,"key":"SpeedPotion"},{"floor":11,"key":"Weak Potion"},{"floor":16,"key":"Swift Potion"},{"floor":18,"key":"Weak Potion"},{"floor":20,"key":"LiquidBronze"},{"floor":28,"key":"SteroidPotion"},{"floor":33,"key":"SpeedPotion"},{"floor":46,"key":"SteroidPotion"},{"floor":48,"key":"FocusPotion"}],"is_trial":false,"path_per_floor":["M","M","M","$","M","R","M","$","T","R","E","?","M","E","R","B",null,"M","$","M","?","M","E","R","M","T","?","M","R","T","M","R","B",null,"M","M","$","?","T","R","M","R","T","R","?","M","M","M","R","B",null],"character_chosen":"DEFECT","items_purchased":["Ball Lightning","Streamline","Capacitor","Apotheosis"],"campfire_rested":2,"item_purchase_floors":[4,8,19,37],"current_hp_per_floor":[75,75,75,75,74,74,64,64,64,64,47,40,30,30,30,6,75,74,74,64,64,58,38,38,31,31,31,28,50,50,44,44,64,75,75,74,74,65,65,65,40,40,40,40,40,40,14,5,27,28],"gold":128,"neow_bonus":"THREE_ENEMY_KILL","is_prod":false,"is_daily":false,"chose_seed":false,"campfire_upgraded":5,"win_rate":0,"timestamp":1549578394,"path_taken":["M","M","M","$","M","R","M","$","T","R","E","?","M","E","R","BOSS","M","$","M","?","M","E","R","M","T","?","M","R","?","M","R","BOSS","M","M","$","?","?","R","M","R","T","R","?","M","?","M","R","BOSS"],"build_version":"2019-01-23","purchased_purges":2,"victory":true,"max_hp_per_floor":[75,75,75,75,75,75,75,75,75,75,75,75,75,75,75,75,75,75,75,75,75,75,75,75,75,75,75,75,75,75,75,75,75,75,75,75,75,75,75,75,75,75,75,75,75,75,75,75,75,75],"card_choices":[{"not_picked":["Barrage","Reprogram"],"picked":"Sweeping Beam","floor":1},{"not_picked":["Skim","Gash"],"picked":"Ball Lightning","floor":2},{"not_picked":["Barrage","Turbo"],"picked":"Compile Driver","floor":3},{"not_picked":["Barrage","Meteor Strike"],"picked":"Hologram","floor":5},{"not_picked":["Fusion","Beam Cell","Sweeping Beam"],"picked":"SKIP","floor":7},{"not_picked":["Steam Power","Recycle"],"picked":"Conserve Battery","floor":11},{"not_picked":["Gash","Rip and Tear"],"picked":"BootSequence","floor":13},{"not_picked":["Rebound","Genetic Algorithm"],"picked":"Chill","floor":14},{"not_picked":["Reboot","Fission"],"picked":"All For One","floor":16},{"not_picked":["Beam Cell","Recycle"],"picked":"Steam+1","floor":18},{"not_picked":["Gash","Static Discharge"],"picked":"Coolheaded","floor":20},{"not_picked":["Tempest","Rebound"],"picked":"Steam","floor":22},{"not_picked":["Biased Cognition","Scrape","Barrage"],"picked":"SKIP","floor":23},{"not_picked":["Coolheaded","Recycle","Steam"],"picked":"SKIP","floor":25},{"not_picked":["Conserve Battery","Lockon"],"picked":"Aggregate","floor":28},{"not_picked":["Gash+1","Reinforced Body"],"picked":"Go for the Eyes","floor":29},{"not_picked":["Amplify","Beam Cell"],"picked":"Conserve Battery+1","floor":31},{"not_picked":["Machine Learning","Multi-Cast"],"picked":"Buffer","floor":33},{"not_picked":["Hello World","Static Discharge"],"picked":"Skim","floor":34},{"not_picked":["Compile Driver+1","Steam"],"picked":"FTL","floor":34},{"not_picked":["Steam Power+1","Cold Snap+1"],"picked":"Defragment","floor":34},{"not_picked":["Leap","Steam+1"],"picked":"Cold Snap+1","floor":34},{"not_picked":["Stack","Steam+1"],"picked":"FTL","floor":35},{"not_picked":["Reprogram","Chaos","Beam Cell"],"picked":"SKIP","floor":36},{"not_picked":["Gash","Leap"],"picked":"Skim","floor":41},{"not_picked":["Dramatic Entrance","Mind Blast"],"picked":"Madness","floor":45},{"not_picked":["Cold Snap","Coolheaded"],"picked":"Consume+1","floor":46},{"not_picked":["BootSequence+1","Stack+1"],"picked":"Aggregate","floor":47},{"not_picked":["Go for the Eyes+1","Gash"],"picked":"Multi-Cast","floor":48},{"not_picked":["White Noise+1","Compile Driver+1"],"picked":"Stack+1","floor":49}],"player_experience":64974,"relics_obtained":[{"floor":9,"key":"Gremlin Horn"},{"floor":11,"key":"Blue Candle"},{"floor":14,"key":"Kunai"},{"floor":23,"key":"Peace Pipe"},{"floor":26,"key":"Dream Catcher"},{"floor":30,"key":"Pantograph"},{"floor":43,"key":"Letter Opener"}],"event_choices":[{"cards_removed":["Strike_B"],"damage_healed":0,"gold_gain":0,"player_choice":"Card Removal","damage_taken":7,"max_hp_gain":0,"max_hp_loss":0,"event_name":"Golden Wing","floor":12,"gold_loss":0},{"damage_healed":0,"gold_gain":0,"player_choice":"Stole Relic","damage_taken":0,"relics_obtained":["Art of War"],"max_hp_gain":0,"max_hp_loss":0,"event_name":"Addict","floor":21,"gold_loss":0,"cards_obtained":["Shame"]},{"damage_healed":0,"gold_gain":0,"player_choice":"Ignored","damage_taken":0,"max_hp_gain":0,"max_hp_loss":0,"event_name":"Cursed Tome","floor":27,"gold_loss":0},{"damage_healed":0,"gold_gain":0,"player_choice":"Embrace Madness","damage_taken":9,"max_hp_gain":0,"max_hp_loss":0,"event_name":"Winding Halls","floor":38,"gold_loss":0,"cards_obtained":["Madness","Madness"]},{"damage_healed":0,"gold_gain":0,"player_choice":"Memory 1","damage_taken":0,"max_hp_gain":0,"max_hp_loss":0,"event_name":"SensoryStone","floor":45,"gold_loss":0}],"is_beta":false,"boss_relics":[{"not_picked":["Empty Cage","Calling Bell"],"picked":"Cursed Key"},{"not_picked":["Nuclear Battery","Tiny House"],"picked":"Orrery"}],"items_purged_floors":[4,19],"is_endless":false,"potions_floor_spawned":[3,5,11,16,18,20,28,33,46,48],"ascension_level":0}