{"gold_per_floor":[115,115,129,148,148,148,180,180,204,204,229,229,129,92,92,197,197,213,41,57,57,77,77,77],"floor_reached":24,"playtime":1206,"items_purged":[],"score":252,"play_id":"d4653327-94da-4096-97ce-8c0501de50f4","local_time":"20180701140524","is_ascension_mode":false,"campfire_choices":[{"data":"Echo Form","floor":6,"key":"SMITH"},{"floor":8,"key":"REST"},{"data":"Darkness","floor":10,"key":"SMITH"},{"floor":15,"key":"REST"}],"neow_cost":"NONE","seed_source_timestamp":12870567369334,"circlet_count":0,"master_deck":["Strike_B","Strike_B","Strike_B","Defend_B","Defend_B","Defend_B","Defend_B","Zap","Dualcast","Echo Form+1","Sweeping Beam","Turbo","Leap","Darkness+1","Gash","Reinforced Body","Redo","Ball Lightning","Multi-Cast","Loop","Go for the Eyes","Loop","Necronomicurse","Go for the Eyes"],"relics":["Cracked Core","Ancient Tea Set","Bag of Preparation","Mercury Hourglass","Inserter","Vajra","Necronomicon"],"potions_floor_usage":[7,11,16,24,24],"damage_taken":[{"damage":12,"enemies":"Small Slimes","floor":1,"turns":3},{"damage":1,"enemies":"2 Louse","floor":3,"turns":2},{"damage":3,"enemies":"Jaw Worm","floor":4,"turns":3},{"damage":38,"enemies":"Gremlin Nob","floor":7,"turns":4},{"damage":31,"enemies":"Lagavulin","floor":11,"turns":6},{"damage":0,"enemies":"Slime Boss","floor":16,"turns":5},{"damage":12,"enemies":"Shell Parasite","floor":18,"turns":4},{"damage":1,"enemies":"Chosen","floor":20,"turns":5},{"damage":17,"enemies":"Snecko","floor":22,"turns":5},{"damage":30,"enemies":"Gremlin Leader","floor":24,"turns":3}],"seed_played":"6869585127328806462","potions_obtained":[{"floor":1,"key":"AttackPotion"},{"floor":3,"key":"AttackPotion"},{"floor":11,"key":"SkillPotion"},{"floor":16,"key":"LiquidBronze"},{"floor":18,"key":"Strength Potion"}],"is_trial":false,"path_per_floor":["M","?","M","M","?","R","E","R","T","R","E","?","$","?","R","B",null,"M","$","M","?","M","?"],"character_chosen":"DEFECT","items_purchased":["Redo","Ball Lightning","Vajra","Go for the Eyes"],"campfire_rested":2,"item_purchase_floors":[13,13,19,19],"current_hp_per_floor":[63,63,62,59,75,75,37,59,59,59,28,28,28,28,50,50,75,63,63,62,46,29,29,0],"gold":77,"neow_bonus":"ONE_RANDOM_RARE_CARD","is_prod":false,"is_daily":false,"chose_seed":false,"campfire_upgraded":2,"win_rate":0,"timestamp":1530468324,"path_taken":["M","?","?","M","?","R","E","R","T","R","E","?","?","?","R","BOSS","M","$","M","?","M","?","E"],"build_version":"2018-06-28","purchased_purges":0,"victory":false,"max_hp_per_floor":[75,75,75,75,75,75,75,75,75,75,75,75,75,75,75,75,75,75,75,75,75,75,75,75],"card_choices":[{"not_picked":["Leap","Rip and Tear"],"picked":"Sweeping Beam","floor":1},{"not_picked":["FTL","Cold Snap"],"picked":"Turbo","floor":3},{"not_picked":["Compile Driver","Hologram"],"picked":"Leap","floor":4},{"not_picked":["Conserve Battery","Leap"],"picked":"Darkness","floor":7},{"not_picked":["Rebound","Sweeping Beam"],"picked":"Gash","floor":11},{"not_picked":["Biased Cognition","Electrodynamics"],"picked":"Multi-Cast","floor":16},{"not_picked":["Fusion","Capacitor"],"picked":"Loop","floor":18},{"not_picked":["Rebound","Redo"],"picked":"Loop","floor":20},{"not_picked":["Compile Driver","Genetic Algorithm"],"picked":"Go for the Eyes","floor":22}],"player_experience":166480,"relics_obtained":[{"floor":7,"key":"Ancient Tea Set"},{"floor":9,"key":"Bag of Preparation"},{"floor":11,"key":"Mercury Hourglass"},{"floor":21,"key":"Necronomicon"}],"event_choices":[{"event_name":"The Cleric","player_choice":"Leave","floor":2,"damage_taken":0},{"event_name":"Big Fish","player_choice":"Banana","floor":5,"damage_taken":0},{"event_name":"Living Wall","player_choice":"Change","floor":12,"damage_taken":0},{"event_name":"World of Goop","player_choice":"Left","floor":14,"damage_taken":0},{"event_name":"Cursed Tome","player_choice":"Obtained Book","floor":21,"damage_taken":0},{"event_name":"Addict","player_choice":"Ignored","floor":23,"damage_taken":0}],"boss_relics":[{"not_picked":["Runic Dome","Eternal Feather"],"picked":"Inserter"}],"items_purged_floors":[],"is_endless":false,"potions_floor_spawned":[1,3,11,16,18],"killed_by":"Gremlin Leader","ascension_level":0}