{"gold_per_floor":[113,113,188,188,188,188,208,208,508,508,508,529,529,543,543,663,663,686,543,543,561,577,577,621,621,621,652,652,652],"floor_reached":29,"playtime":727,"items_purged":["Strike_B"],"score":229,"play_id":"67745eae-1fb6-4334-bb76-2e7e962f24d1","local_time":"20190203180506","is_ascension_mode":false,"campfire_choices":[{"data":"Zap","floor":6.0,"key":"SMITH"},{"data":"Dualcast","floor":11,"key":"SMITH"},{"data":"Ball Lightning","floor":13,"key":"SMITH"},{"data":"Defend_B","floor":15,"key":"SMITH"},{"data":"Glacier","floor":23,"key":"SMITH"},{"data":"Buffer","floor":25,"key":"SMITH"},{"floor":28,"key":"REST"}],"neow_cost":"NONE","seed_source_timestamp":3536569954869089,"circlet_count":0,"master_deck":["Strike_B+1","Defend_B+1","Defend_B","Defend_B","Zap+1","Dualcast+1","BootSequence+1","Ball Lightning+1","Seek","Turbo+1","Fusion+1","Fission+1","Compile Driver+1","Glacier+1","Conserve Battery","Buffer+1"],"special_seed":0,"relics":["Cracked Core","Golden Idol","Old Coin","Astrolabe","WingedGreaves","Peace Pipe","Red Mask"],"potions_floor_usage":[18,24,27],"damage_taken":[{"damage":1.0,"enemies":"2 Louse","floor":1.0,"turns":3.0},{"damage":4.0,"enemies":"Small Slimes","floor":7.0,"turns":4.0},{"damage":0,"enemies":"Jaw Worm","floor":12,"turns":2},{"damage":0,"enemies":"Looter","floor":14,"turns":2},{"damage":29,"enemies":"Hexaghost","floor":16,"turns":9},{"damage":5,"enemies":"Shell Parasite","floor":18,"turns":3},{"damage":0,"enemies":"3 Byrds","floor":21,"turns":3},{"damage":0,"enemies":"Cultist and Chosen","floor":22,"turns":6},{"damage":34,"enemies":"Gremlin Leader","floor":24,"turns":11},{"damage":0,"enemies":"Masked Bandits","floor":27,"turns":7},{"damage":0,"enemies":"3 Cultists","floor":29,"turns":3}],"seed_played":"2800807944736061678","potions_obtained":[{"floor":10.0,"key":"LiquidBronze"},{"floor":10.0,"key":"Weak Potion"},{"floor":10.0,"key":"SpeedPotion"},{"floor":16,"key":"Poison Potion"},{"floor":18,"key":"GamblersBrew"},{"floor":24,"key":"Poison Potion"}],"is_trial":false,"path_per_floor":["M","$","?","?","?","R","M","?","T","?","R","M","R","M","R","B",null,"M","$","?","M","M","R","E","R","T","?","R","M"],"character_chosen":"DEFECT","items_purchased":["Glacier"],"campfire_rested":1,"item_purchase_floors":[19],"current_hp_per_floor":[81,81,70,50,50,50,46,30,30,30,30,30,30,30,30,1,82,77,77,77,77,77,77,43,43,43,43,67,67],"gold":652,"neow_bonus":"TEN_PERCENT_HP_BONUS","is_prod":false,"is_daily":false,"chose_seed":false,"campfire_upgraded":6,"win_rate":0,"timestamp":1549217106,"path_taken":["M","$","?","?","?","R","?","?","T","?","R","?","R","M","R","BOSS","M","$","?","?","?","R","E","R","T","?","R","M"],"build_version":"2019-01-23","purchased_purges":1,"victory":false,"max_hp_per_floor":[82,82,82,82,82,82,82,82,82,82,82,82,82,82,82,82,82,82,82,82,82,82,82,82,82,82,82,82,82],"card_choices":[{"not_picked":["Cold Snap","Beam Cell","Lockon"],"picked":"SKIP","floor":1.0},{"not_picked":["Streamline","Skim"],"picked":"BootSequence","floor":7.0},{"not_picked":["Streamline","Sweeping Beam"],"picked":"Ball Lightning","floor":12},{"not_picked":["Hologram","Tempest","Sweeping Beam"],"picked":"SKIP","floor":14},{"not_picked":["Creative AI","Biased Cognition"],"picked":"Seek","floor":16},{"not_picked":["Redo+1","Melter"],"picked":"Compile Driver+1","floor":18},{"not_picked":["Rebound","Turbo","Gash"],"picked":"SKIP","floor":21},{"not_picked":["Storm+1","Reinforced Body"],"picked":"Conserve Battery","floor":22},{"not_picked":["Rebound+1","Gash"],"picked":"Buffer","floor":24}],"player_experience":1015441,"relics_obtained":[{"floor":9.0,"key":"Old Coin"},{"floor":24,"key":"WingedGreaves"},{"floor":26,"key":"Peace Pipe"},{"floor":27,"key":"Red Mask"}],"event_choices":[{"damage_healed":0.0,"max_hp_gain":0.0,"max_hp_loss":0.0,"gold_gain":75.0,"event_name":"World of Goop","player_choice":"Gather Gold","floor":3.0,"gold_loss":0.0,"damage_taken":11.0},{"damage_healed":0.0,"max_hp_gain":0.0,"max_hp_loss":0.0,"gold_gain":0.0,"event_name":"Golden Idol","player_choice":"Take Damage","floor":4.0,"gold_loss":0.0,"damage_taken":20.0,"relics_obtained":["Golden Idol"]},{"damage_healed":0.0,"max_hp_gain":0.0,"max_hp_loss":0.0,"gold_gain":0.0,"event_name":"The Cleric","player_choice":"Leave","floor":5.0,"gold_loss":0.0,"damage_taken":0.0},{"damage_healed":0.0,"max_hp_gain":0.0,"max_hp_loss":0.0,"gold_gain":0.0,"event_name":"Shining Light","player_choice":"Entered Light","floor":8.0,"gold_loss":0.0,"damage_taken":16.0,"cards_upgraded":["BootSequence","Strike_B"]},{"damage_healed":0.0,"max_hp_gain":0.0,"max_hp_loss":0.0,"gold_gain":0.0,"event_name":"Lab","player_choice":"Got Potions","floor":10.0,"gold_loss":0.0,"damage_taken":0.0},{"damage_healed":0,"gold_gain":0,"player_choice":"Ignored","damage_taken":0,"max_hp_gain":0,"max_hp_loss":0,"event_name":"NoteForYourself","floor":20,"gold_loss":0},{"damage_healed":0,"gold_gain":0,"player_choice":"Fought Bandits","damage_taken":0,"max_hp_gain":0,"max_hp_loss":0,"event_name":"Masked Bandits","floor":27,"gold_loss":0}],"is_beta":false,"boss_relics":[{"not_picked":["Empty Cage","Eternal Feather"],"picked":"Astrolabe"}],"items_purged_floors":[19],"is_endless":false,"potions_floor_spawned":[16,18,21,24],"killed_by":"3 Cultists","ascension_level":0}