{"gold_per_floor":[18,28,43,43,143,143,181,201,201,201],"floor_reached":10,"playtime":1732,"items_purged":[],"score":102,"play_id":"39bfa3a9-d52b-4e92-8daa-eeae9379b731","local_time":"20190131184138","is_ascension_mode":true,"campfire_choices":[{"data":"Bash","floor":6,"key":"SMITH"}],"neow_cost":"NO_GOLD","seed_source_timestamp":0,"circlet_count":0,"master_deck":["AscendersBane","Strike_R","Strike_R","Strike_R","Defend_R","Defend_R","Defend_R","Defend_R","Bash+1","Heavy Blade","Combust","Iron Wave"],"special_seed":0,"relics":["Burning Blood","Golden Idol","Pantograph","Bottled Flame"],"potions_floor_usage":[7],"damage_taken":[{"damage":5.0,"enemies":"Small Slimes","floor":1.0,"turns":5.0},{"damage":7.0,"enemies":"2 Louse","floor":2.0,"turns":2.0},{"damage":2,"enemies":"Cultist","floor":3,"turns":4},{"damage":49,"enemies":"Lagavulin","floor":7,"turns":8},{"damage":6,"enemies":"2 Fungi Beasts","floor":8,"turns":4},{"damage":31,"enemies":"Gremlin Nob","floor":10,"turns":4}],"seed_played":"-58233109694944600","potions_obtained":[{"floor":1.0,"key":"SkillPotion"}],"is_trial":false,"path_per_floor":["M","M","M","?","?","R","E","M","T","E"],"character_chosen":"IRONCLAD","items_purchased":[],"campfire_rested":0,"item_purchase_floors":[],"current_hp_per_floor":[73,72,76,74,74,74,31,31,31,0],"gold":201,"neow_bonus":"REMOVE_TWO","is_prod":false,"is_daily":false,"chose_seed":false,"campfire_upgraded":1,"win_rate":0,"timestamp":1548956498,"path_taken":["M","M","M","?","?","R","E","M","T","E"],"build_version":"2019-01-23","purchased_purges":0,"victory":false,"max_hp_per_floor":[80,80,80,74,74,74,74,74,74,74],"card_choices":[{"not_picked":["Clothesline","Iron Wave"],"picked":"Heavy Blade","floor":1.0},{"not_picked":["Warcry","Flex"],"picked":"Combust","floor":2},{"not_picked":["Entrench","Thunderclap"],"picked":"Iron Wave","floor":3},{"not_picked":["Blood for Blood","Dual Wield","Bloodletting"],"picked":"SKIP","floor":7},{"not_picked":["Blood for Blood","Dual Wield","Power Through"],"picked":"SKIP","floor":8}],"player_experience":225392,"relics_obtained":[{"floor":7,"key":"Pantograph"},{"floor":9,"key":"Bottled Flame"}],"event_choices":[{"damage_healed":0,"gold_gain":0,"player_choice":"Lose Max HP","damage_taken":0,"relics_obtained":["Golden Idol"],"max_hp_gain":0,"max_hp_loss":6,"event_name":"Golden Idol","floor":4,"gold_loss":0},{"damage_healed":0,"gold_gain":100,"player_choice":"Gold","damage_taken":0,"max_hp_gain":0,"max_hp_loss":0,"event_name":"Wheel of Change","floor":5,"gold_loss":0}],"is_beta":false,"boss_relics":[],"items_purged_floors":[],"is_endless":false,"potions_floor_spawned":[1],"killed_by":"Gremlin Nob","ascension_level":10}