{"gold_per_floor":[118,132,151,5,15,15,33,33,33,33,61,61,76,110,110,213,213,233,77,95,95,109,109,142,142,192,192,203,228,248,266,266,361,361,376,376,392,404,404],"floor_reached":39,"playtime":1373,"items_purged":[],"score":450,"play_id":"533cd625-d090-433b-ae04-e820e3ef7b30","local_time":"20181121192620","is_ascension_mode":false,"campfire_choices":[{"data":"Dualcast","floor":6.0,"key":"SMITH"},{"data":"Zap","floor":8.0,"key":"SMITH"},{"data":"Ball Lightning","floor":12.0,"key":"SMITH"},{"data":"Go for the Eyes","floor":15.0,"key":"SMITH"},{"data":"Coolheaded","floor":23.0,"key":"SMITH"},{"floor":25.0,"key":"REST"},{"data":"Strike_B","floor":32,"key":"SMITH"}],"neow_cost":"NONE","seed_source_timestamp":340784171543307,"circlet_count":0,"master_deck":["Strike_B+1","Strike_B+1","Strike_B","Strike_B+1","Defend_B","Defend_B+1","Defend_B","Defend_B+1","Zap+1","Dualcast+1","Conserve Battery","Ball Lightning+1","Coolheaded+1","Chill","Undo+1","Go for the Eyes+1","Lockon+1","Conserve Battery+1","Electrodynamics"],"special_seed":0,"relics":["Cracked Core","War Paint","Lantern","Toxic Egg 2","Omamori","Odd Mushroom","Unceasing Top","Nuclear Battery","Whetstone","Pantograph","Bronze Scales","Sundial","Sozu"],"potions_floor_usage":[],"damage_taken":[{"damage":0.0,"enemies":"2 Louse","floor":1.0,"turns":2.0},{"damage":6.0,"enemies":"Jaw Worm","floor":2.0,"turns":3.0},{"damage":0.0,"enemies":"Small Slimes","floor":3.0,"turns":3.0},{"damage":6.0,"enemies":"3 Louse","floor":5.0,"turns":3.0},{"damage":0.0,"enemies":"Exordium Wildlife","floor":7.0,"turns":2.0},{"damage":1.0,"enemies":"The Mushroom Lair","floor":11.0,"turns":4.0},{"damage":0.0,"enemies":"Gremlin Gang","floor":13.0,"turns":4.0},{"damage":9.0,"enemies":"Gremlin Nob","floor":14.0,"turns":4.0},{"damage":8.0,"enemies":"The Guardian","floor":16.0,"turns":12.0},{"damage":0.0,"enemies":"2 Thieves","floor":18.0,"turns":4.0},{"damage":2.0,"enemies":"Shell Parasite","floor":20.0,"turns":5.0},{"damage":0.0,"enemies":"Snake Plant","floor":22.0,"turns":5.0},{"damage":32.0,"enemies":"Gremlin Leader","floor":24.0,"turns":10.0},{"damage":6.0,"enemies":"Shelled Parasite and Fungi","floor":28.0,"turns":5.0},{"damage":0.0,"enemies":"Book of Stabbing","floor":29.0,"turns":4.0},{"damage":3,"enemies":"Cultist and Chosen","floor":30,"turns":4},{"damage":0,"enemies":"Snake Plant","floor":31,"turns":4},{"damage":32,"enemies":"Champ","floor":33,"turns":14},{"damage":0,"enemies":"3 Shapes","floor":35,"turns":3},{"damage":0,"enemies":"Orb Walker","floor":37,"turns":3},{"damage":10,"enemies":"Writhing Mass","floor":38,"turns":4}],"seed_played":"-42323745599396145","potions_obtained":[{"floor":2.0,"key":"Strength Potion"},{"floor":3.0,"key":"EssenceOfSteel"},{"floor":7.0,"key":"Strength Potion"},{"floor":13.0,"key":"Explosive Potion"},{"floor":18.0,"key":"LiquidBronze"}],"is_trial":false,"path_per_floor":["M","M","M","$","M","R","M","R","T","?","?","R","M","E","R","B",null,"M","$","M","?","M","R","E","R","T","$","M","E","M","M","R","B",null,"M","?","M","M","$"],"character_chosen":"DEFECT","items_purchased":["Lantern","Whetstone"],"campfire_rested":1,"item_purchase_floors":[4,19],"current_hp_per_floor":[75,69,69,69,63,63,63,63,63,60,59,59,59,50,50,42,75,75,75,73,59,59,59,27,51,51,51,45,45,42,42,42,35,80,80,80,80,70,70],"gold":404,"neow_bonus":"RANDOM_COMMON_RELIC","is_prod":false,"is_daily":false,"chose_seed":false,"campfire_upgraded":6,"win_rate":0,"timestamp":1542828380,"path_taken":["M","M","M","$","M","R","M","R","T","?","?","R","M","E","R","BOSS","M","$","M","?","M","R","E","R","T","$","M","E","M","M","R","BOSS","M","?","M","M","$"],"build_version":"2018-11-15","purchased_purges":0,"victory":false,"max_hp_per_floor":[75,75,75,75,75,75,75,75,75,75,75,75,75,75,75,75,75,75,75,75,80,80,80,80,80,80,80,80,80,80,80,80,80,80,80,80,80,80,80],"card_choices":[{"not_picked":["Leap","Turbo","Rip and Tear"],"picked":"SKIP","floor":1.0},{"not_picked":["Chill","Beam Cell"],"picked":"Conserve Battery","floor":2.0},{"not_picked":["Rebound","Beam Cell"],"picked":"Ball Lightning","floor":3.0},{"not_picked":["Rebound","Hologram"],"picked":"Coolheaded","floor":5.0},{"not_picked":["Streamline","Self Repair"],"picked":"Chill","floor":7.0},{"not_picked":["Gash","Sunder"],"picked":"Undo+1","floor":11.0},{"not_picked":["Ball Lightning","Rebound","Steam+1"],"picked":"SKIP","floor":13.0},{"not_picked":["Buffer","Loop"],"picked":"Go for the Eyes","floor":14.0},{"not_picked":["Sweeping Beam","Static Discharge+1","Barrage"],"picked":"SKIP","floor":18.0},{"not_picked":["Turbo+1","Leap+1","Streamline+1"],"picked":"SKIP","floor":20.0},{"not_picked":["Cold Snap","Steam+1"],"picked":"Lockon+1","floor":22.0},{"not_picked":["Rip and Tear","Sweeping Beam+1","Consume+1"],"picked":"SKIP","floor":24.0},{"not_picked":["Streamline","Rebound+1","Recycle+1"],"picked":"SKIP","floor":28.0},{"not_picked":["Hyperbeam","Beam Cell","Coolheaded+1"],"picked":"SKIP","floor":29.0},{"not_picked":["Leap+1","Steam+1"],"picked":"Conserve Battery+1","floor":30},{"not_picked":["Barrage","Conserve Battery+1","Leap+1"],"picked":"SKIP","floor":31},{"not_picked":["Echo Form","Multi-Cast+1"],"picked":"Electrodynamics","floor":33},{"not_picked":["Barrage","Hello World","Stack+1"],"picked":"SKIP","floor":35},{"not_picked":["FTL+1","Rebound+1","Loop"],"picked":"SKIP","floor":37},{"not_picked":["Sunder","Turbo+1","Lockon+1"],"picked":"SKIP","floor":38}],"player_experience":809521,"relics_obtained":[{"floor":9.0,"key":"Toxic Egg 2"},{"floor":11.0,"key":"Odd Mushroom"},{"floor":14.0,"key":"Unceasing Top"},{"floor":24.0,"key":"Pantograph"},{"floor":26.0,"key":"Bronze Scales"},{"floor":29.0,"key":"Sundial"}],"event_choices":[{"damage_healed":0.0,"max_hp_gain":0.0,"max_hp_loss":0.0,"gold_gain":0.0,"event_name":"Scrap Ooze","player_choice":"Success","floor":10.0,"gold_loss":0.0,"damage_taken":3.0,"relics_obtained":["Omamori"]},{"damage_healed":0.0,"max_hp_gain":0.0,"max_hp_loss":0.0,"gold_gain":0.0,"event_name":"Mushrooms","player_choice":"Fought Mushrooms","floor":11.0,"gold_loss":0.0,"damage_taken":0.0},{"damage_healed":0.0,"max_hp_gain":5.0,"max_hp_loss":0.0,"gold_gain":0.0,"event_name":"Forgotten Altar","player_choice":"Shed Blood","floor":21.0,"gold_loss":0.0,"damage_taken":19.0},{"damage_healed":0,"gold_gain":0,"player_choice":"Ignored","damage_taken":0,"max_hp_gain":0,"max_hp_loss":0,"event_name":"Tomb of Lord Red Mask","floor":36,"gold_loss":0}],"is_beta":false,"boss_relics":[{"not_picked":["Eternal Feather","Busted Crown"],"picked":"Nuclear Battery"},{"not_picked":["Empty Cage","Pandora\u0027s Box"],"picked":"Sozu"}],"items_purged_floors":[],"is_endless":false,"potions_floor_spawned":[2,3,7,13,18,22,28,31,35],"ascension_level":0}