{"gold_per_floor":[112,187,187,206,206,241,45,62,62,62,97,97,97,107,107,207,207,219,247,260,185,203,203,237,237,261,275,275,304,304,322,322,419,419,431,431,341,5,16,42,42,58,58,92,105,105,105,8,8,8],"floor_reached":51,"playtime":1490,"items_purged":["Strike_R","Strike_R"],"score":1372,"play_id":"f0f6b420-472f-455f-82ab-d8661eef369f","local_time":"20190210195051","is_ascension_mode":true,"campfire_choices":[{"data":"Bash","floor":10.0,"key":"SMITH"},{"data":"Immolate","floor":13.0,"key":"SMITH"},{"data":"Infernal Blade","floor":15.0,"key":"SMITH"},{"data":"Sword Boomerang","floor":23.0,"key":"SMITH"},{"data":"Sword Boomerang","floor":28.0,"key":"SMITH"},{"data":"Sword Boomerang","floor":30.0,"key":"SMITH"},{"data":"Battle Trance","floor":32.0,"key":"SMITH"},{"data":"Master of Strategy","floor":41,"key":"SMITH"},{"data":"Defend_R","floor":47,"key":"SMITH"},{"data":"Trip","floor":49,"key":"SMITH"}],"neow_cost":"NONE","seed_source_timestamp":10942342048100,"circlet_count":0,"master_deck":["AscendersBane","Strike_R","Strike_R+1","Defend_R","Defend_R","Defend_R+1","Defend_R+1","Bash+1","Ghostly Armor","Twin Strike+1","Infernal Blade+1","Immolate+1","Reaper","Sword Boomerang+1","Sword Boomerang+1","Sword Boomerang+1","Heavy Blade+1","Battle Trance+1","Reaper+1","Offering","Seeing Red+1","Battle Trance","Master of Strategy+1","Iron Wave+1","Trip+1"],"special_seed":0,"relics":["Burning Blood","NeowsBlessing","Thread and Needle","Brimstone","Centennial Puzzle","Mark of Pain","Red Mask","Potion Belt","Nloth\u0027s Gift","Pen Nib","Molten Egg 2","Orrery","Self Forming Clay","Matryoshka","Omamori","Letter Opener","Ginger"],"potions_floor_usage":[44,50,50,50],"damage_taken":[{"damage":0.0,"enemies":"2 Louse","floor":1.0,"turns":1.0},{"damage":0.0,"enemies":"Small Slimes","floor":4.0,"turns":1.0},{"damage":0.0,"enemies":"Gremlin Nob","floor":6.0,"turns":1.0},{"damage":4.0,"enemies":"Cultist","floor":8.0,"turns":3.0},{"damage":18.0,"enemies":"Lagavulin","floor":11.0,"turns":3.0},{"damage":3.0,"enemies":"2 Fungi Beasts","floor":14.0,"turns":3.0},{"damage":0.0,"enemies":"Slime Boss","floor":16.0,"turns":5.0},{"damage":1.0,"enemies":"Shell Parasite","floor":18.0,"turns":3.0},{"damage":0.0,"enemies":"Masked Bandits","floor":19.0,"turns":2.0},{"damage":9.0,"enemies":"2 Thieves","floor":20.0,"turns":2.0},{"damage":0.0,"enemies":"Centurion and Healer","floor":22.0,"turns":4.0},{"damage":2.0,"enemies":"Slavers","floor":24.0,"turns":2.0},{"damage":8.0,"enemies":"Snecko","floor":27.0,"turns":3.0},{"damage":10.0,"enemies":"Gremlin Leader","floor":29.0,"turns":4.0},{"damage":0.0,"enemies":"Cultist and Chosen","floor":31.0,"turns":3.0},{"damage":45.0,"enemies":"Automaton","floor":33.0,"turns":6.0},{"damage":16.0,"enemies":"3 Shapes","floor":35.0,"turns":3.0},{"damage":6,"enemies":"3 Darklings","floor":39,"turns":1},{"damage":25,"enemies":"Reptomancer","floor":40,"turns":3},{"damage":6,"enemies":"Spire Growth","floor":42,"turns":2},{"damage":6,"enemies":"Nemesis","floor":44,"turns":3},{"damage":23,"enemies":"4 Shapes","floor":45,"turns":3},{"damage":58,"enemies":"Donu and Deca","floor":50,"turns":5}],"seed_played":"4617789751731610390","potions_obtained":[{"floor":1.0,"key":"GamblersBrew"},{"floor":4.0,"key":"SteroidPotion"},{"floor":8.0,"key":"Energy Potion"},{"floor":18.0,"key":"Poison Potion"},{"floor":22.0,"key":"SteroidPotion"},{"floor":31.0,"key":"Swift Potion"},{"floor":33.0,"key":"Regen Potion"},{"floor":35.0,"key":"Strength Potion"},{"floor":44,"key":"Strength Potion"}],"is_trial":false,"path_per_floor":["M","?","?","M","?","E","$","M","T","R","E","?","R","M","R","B",null,"M","?","M","$","M","R","E","?","T","M","R","E","R","M","R","B",null,"M","T","?","$","M","E","R","M","T","E","M","?","R","$","R","B",null],"character_chosen":"IRONCLAD","items_purchased":["Brimstone","Battle Trance","Master of Strategy","Trip"],"campfire_rested":0,"item_purchase_floors":[7,38,38,48],"current_hp_per_floor":[78,67,67,73,57,63,63,65,65,65,53,53,53,56,56,62,76,80,80,77,77,80,80,80,80,80,78,78,74,74,80,80,55,74,70,70,70,70,80,67,67,74,74,80,78,68,68,68,68,59],"gold":8,"neow_bonus":"THREE_ENEMY_KILL","is_prod":false,"is_daily":false,"chose_seed":false,"campfire_upgraded":10,"win_rate":0,"timestamp":1549821051,"path_taken":["M","?","?","?","?","E","$","M","T","R","E","?","R","M","R","BOSS","M","?","M","$","M","R","E","?","T","M","R","E","R","M","R","BOSS","M","?","?","$","?","E","R","M","T","E","M","?","R","$","R","BOSS"],"build_version":"2019-01-23","purchased_purges":2,"victory":true,"max_hp_per_floor":[80,80,80,80,80,80,80,80,80,80,80,80,80,80,80,80,80,80,80,80,80,80,80,80,80,80,80,80,80,80,80,80,80,80,80,80,80,80,80,80,80,80,80,80,80,80,80,80,80,80],"card_choices":[{"not_picked":["Sentinel","Shrug It Off"],"picked":"Ghostly Armor","floor":1.0},{"not_picked":["Perfected Strike","Body Slam"],"picked":"Twin Strike","floor":4.0},{"not_picked":["Searing Blow","Armaments","Wild Strike"],"picked":"SKIP","floor":6.0},{"not_picked":["Wild Strike","Rampage"],"picked":"Infernal Blade","floor":8.0},{"not_picked":["Body Slam","Shrug It Off"],"picked":"Immolate","floor":11.0},{"not_picked":["Clothesline","Wild Strike","True Grit"],"picked":"SKIP","floor":14.0},{"not_picked":["Exhume","Dark Embrace"],"picked":"Reaper","floor":16.0},{"not_picked":["Dropkick","Havoc","Feel No Pain"],"picked":"SKIP","floor":18.0},{"not_picked":["Combust","Pommel Strike+1"],"picked":"Sword Boomerang","floor":19.0},{"not_picked":["Cleave","Wild Strike"],"picked":"Sword Boomerang","floor":20.0},{"not_picked":["Burning Pact","Reckless Charge","Hemokinesis"],"picked":"SKIP","floor":22.0},{"not_picked":["Burning Pact","Havoc"],"picked":"Sword Boomerang","floor":24.0},{"not_picked":["Clothesline","Cleave","Clash"],"picked":"SKIP","floor":27.0},{"not_picked":["Offering","Havoc"],"picked":"Heavy Blade","floor":29.0},{"not_picked":["Ghostly Armor","Iron Wave+1"],"picked":"Battle Trance","floor":31.0},{"not_picked":["Dark Embrace","Brutality"],"picked":"Reaper+1","floor":33.0},{"not_picked":["Iron Wave+1","Clothesline+1"],"picked":"Offering","floor":34.0},{"not_picked":["Havoc","Clash+1"],"picked":"Seeing Red+1","floor":35.0},{"not_picked":["Havoc","Second Wind","Brutality"],"picked":"SKIP","floor":39},{"not_picked":["Headbutt+1","True Grit","Anger+1"],"picked":"SKIP","floor":40},{"not_picked":["Bludgeon+1","Iron Wave+1","True Grit"],"picked":"SKIP","floor":42},{"not_picked":["Armaments","Heavy Blade+1"],"picked":"Iron Wave+1","floor":44},{"not_picked":["Disarm","Headbutt+1","Cleave+1"],"picked":"SKIP","floor":45}],"player_experience":696548,"relics_obtained":[{"floor":6.0,"key":"Thread and Needle"},{"floor":9.0,"key":"Darkstone Periapt"},{"floor":11.0,"key":"Centennial Puzzle"},{"floor":19.0,"key":"Red Mask"},{"floor":24.0,"key":"Potion Belt"},{"floor":26.0,"key":"Pen Nib"},{"floor":29.0,"key":"Molten Egg 2"},{"floor":36.0,"key":"Self Forming Clay"},{"floor":40,"key":"Matryoshka"},{"floor":43,"key":"Omamori"},{"floor":43,"key":"Letter Opener"},{"floor":44,"key":"Ginger"}],"event_choices":[{"damage_healed":0.0,"max_hp_gain":0.0,"max_hp_loss":0.0,"gold_gain":75.0,"event_name":"World of Goop","player_choice":"Gather Gold","floor":2.0,"gold_loss":0.0,"damage_taken":11.0},{"damage_healed":0.0,"max_hp_gain":0.0,"max_hp_loss":0.0,"gold_gain":0.0,"event_name":"Match and Keep!","player_choice":"0 cards matched","floor":3.0,"gold_loss":0.0,"damage_taken":0.0,"cards_obtained":[]},{"damage_healed":0.0,"max_hp_gain":0.0,"max_hp_loss":0.0,"gold_gain":0.0,"event_name":"Shining Light","player_choice":"Entered Light","floor":5.0,"gold_loss":0.0,"damage_taken":16.0,"cards_upgraded":["Strike_R","Defend_R"]},{"damage_healed":0.0,"max_hp_gain":0.0,"max_hp_loss":0.0,"gold_gain":0.0,"event_name":"The Woman in Blue","player_choice":"Bought 0 Potions","floor":12.0,"gold_loss":0.0,"damage_taken":0.0},{"damage_healed":0.0,"max_hp_gain":0.0,"max_hp_loss":0.0,"gold_gain":0.0,"event_name":"Masked Bandits","player_choice":"Fought Bandits","floor":19.0,"gold_loss":0.0,"damage_taken":0.0},{"damage_healed":0.0,"max_hp_gain":0.0,"max_hp_loss":0.0,"gold_gain":0.0,"event_name":"N\u0027loth","player_choice":"Traded Relic","floor":25.0,"relics_lost":["Darkstone Periapt"],"gold_loss":0.0,"damage_taken":0.0,"relics_obtained":["Nloth\u0027s Gift"]},{"cards_removed":["Strike_R"],"damage_healed":0.0,"max_hp_gain":0.0,"max_hp_loss":0.0,"gold_gain":0.0,"event_name":"Designer","player_choice":"Upgrade and Remove","floor":37.0,"gold_loss":90.0,"damage_taken":0.0,"cards_upgraded":["Twin Strike"]},{"damage_healed":0,"gold_gain":0,"player_choice":"Memory 3","damage_taken":10,"max_hp_gain":0,"max_hp_loss":0,"event_name":"SensoryStone","floor":46,"gold_loss":0}],"is_beta":false,"boss_relics":[{"not_picked":["Runic Dome","Pandora\u0027s Box"],"picked":"Mark of Pain"},{"not_picked":["Eternal Feather","Black Star"],"picked":"Orrery"}],"items_purged_floors":[21,38],"is_endless":false,"potions_floor_spawned":[1,4,8,18,20,22,31,33,35,44],"ascension_level":12}