{"gold_per_floor":[111,111,111,111,111,111,144,319,319,319,332,332,228,253,253,384,384,384,384,384,309,39,39,39,39,39,39,0,0,0,0,0,0,0,0,0,0,0,0,0,0,0,0,0,0,0,0,0,0,0],"floor_reached":51,"playtime":1205,"items_purged":["Doubt"],"score":739,"play_id":"f55e3bf2-806a-4c55-9b03-94570991c8ae","local_time":"20181129193309","is_ascension_mode":false,"campfire_choices":[{"data":"Zap","floor":6,"key":"SMITH"},{"data":"Go for the Eyes","floor":10,"key":"SMITH"},{"data":"Ball Lightning","floor":12,"key":"SMITH"},{"data":"Defragment","floor":15,"key":"SMITH"},{"data":"Defragment","floor":23,"key":"SMITH"},{"data":"Rainbow","floor":25,"key":"SMITH"},{"data":"Conserve Battery","floor":27,"key":"SMITH"},{"data":"Electrodynamics","floor":29,"key":"SMITH"},{"data":"Conserve Battery","floor":32,"key":"SMITH"},{"data":"Amplify","floor":40,"key":"SMITH"},{"floor":42,"key":"REST"},{"data":"BootSequence","floor":46,"key":"SMITH"},{"floor":49,"key":"RECALL"}],"neow_cost":"NONE","seed_source_timestamp":73035740228437,"circlet_count":0,"master_deck":["Strike_B+1","Strike_B+1","Defend_B+1","Defend_B+1","Defend_B+1","Zap+1","Dualcast+1","Conserve Battery+1","Ball Lightning+1","Go for the Eyes+1","Defragment+1","BootSequence+1","Electrodynamics+1","Rainbow+1","Writhe","Defragment+1","Conserve Battery+1","Amplify+1","Steam+1","Undo+1","Glacier+1"],"relics":["Cracked Core","Golden Idol","Blood Vial","Mummified Hand","Ectoplasm","Ice Cream","Runic Capacitor","Pear","Pen Nib","Eternal Feather","Old Coin","Omamori","Anchor"],"potions_floor_usage":[50,50],"damage_taken":[{"damage":0,"enemies":"Jaw Worm","floor":1,"turns":3},{"damage":11,"enemies":"Gremlin Nob","floor":7,"turns":3},{"damage":3,"enemies":"Small Slimes","floor":11,"turns":3},{"damage":0,"enemies":"2 Louse","floor":14,"turns":2},{"damage":19,"enemies":"Hexaghost","floor":16,"turns":9},{"damage":0,"enemies":"Chosen","floor":18,"turns":4},{"damage":16,"enemies":"Book of Stabbing","floor":24,"turns":5},{"damage":3,"enemies":"2 Thieves","floor":28,"turns":3},{"damage":0,"enemies":"Sentry and Sphere","floor":30,"turns":3},{"damage":1,"enemies":"Snecko","floor":31,"turns":3},{"damage":14,"enemies":"Champ","floor":33,"turns":9},{"damage":9,"enemies":"Orb Walker","floor":35,"turns":4},{"damage":22,"enemies":"Mind Bloom Boss Battle","floor":36,"turns":6},{"damage":0,"enemies":"3 Shapes","floor":38,"turns":3},{"damage":35,"enemies":"Nemesis","floor":41,"turns":7},{"damage":4,"enemies":"Writhing Mass","floor":44,"turns":5},{"damage":0,"enemies":"Transient","floor":45,"turns":5},{"damage":7,"enemies":"Maw","floor":48,"turns":6},{"damage":0,"enemies":"Donu and Deca","floor":50,"turns":5}],"seed_played":"-36933718697029204","potions_obtained":[{"floor":7,"key":"Energy Potion"},{"floor":14,"key":"FearPotion"},{"floor":16,"key":"Energy Potion"},{"floor":18,"key":"Ancient Potion"},{"floor":44,"key":"PowerPotion"}],"is_trial":false,"path_per_floor":["M","?","?","?","$","R","E","?","T","R","M","R","$","M","R","B",null,"M","?","?","$","$","R","E","R","T","R","M","R","M","M","R","B",null,"M","?","?","M","?","R","E","R","T","M","M","R","?","M","R","B",null],"character_chosen":"DEFECT","items_purchased":["Defragment","BootSequence","Defragment","Runic Capacitor"],"campfire_rested":1,"item_purchase_floors":[13,13,22,22],"current_hp_per_floor":[75,75,68,50,50,50,39,39,39,39,38,38,38,40,40,23,75,75,75,75,75,75,75,69,69,69,69,68,68,70,71,71,59,85,76,56,56,58,58,67,34,68,68,66,68,80,80,75,85,85],"gold":0,"neow_bonus":"TRANSFORM_CARD","is_prod":false,"is_daily":false,"chose_seed":false,"campfire_upgraded":11,"win_rate":0,"timestamp":1543519989,"path_taken":["M","?","?","?","?","R","E","?","T","R","M","R","$","M","R","BOSS","M","?","?","?","$","R","E","R","T","R","M","R","M","M","R","BOSS","M","?","?","M","?","R","E","R","T","M","M","R","?","M","R","BOSS"],"build_version":"2018-11-15","purchased_purges":1,"victory":true,"max_hp_per_floor":[75,75,75,75,75,75,75,75,75,75,75,75,75,75,75,75,75,75,75,75,75,75,75,85,85,85,85,85,85,85,85,85,85,85,85,85,85,85,85,85,85,85,85,85,85,85,85,85,85,85],"card_choices":[{"not_picked":["Hello World","Stack"],"picked":"Ball Lightning","floor":1},{"not_picked":["Seek","Turbo"],"picked":"Go for the Eyes","floor":7},{"not_picked":["Beam Cell","Steam","White Noise"],"picked":"SKIP","floor":11},{"not_picked":["Genetic Algorithm","Cold Snap"],"picked":"Electrodynamics","floor":14},{"not_picked":["Creative AI","Multi-Cast"],"picked":"Rainbow","floor":16},{"not_picked":["Streamline","Consume","Barrage"],"picked":"SKIP","floor":18},{"not_picked":["Multi-Cast","Steam"],"picked":"Conserve Battery","floor":24},{"not_picked":["Conserve Battery","Ball Lightning","Stack"],"picked":"SKIP","floor":28},{"not_picked":["FTL","Heatsinks+1","Scrape+1"],"picked":"SKIP","floor":30},{"not_picked":["Reprogram+1","Doom and Gloom","Steam"],"picked":"SKIP","floor":31},{"not_picked":["Machine Learning","Creative AI"],"picked":"Amplify","floor":33},{"not_picked":["Turbo","Steam Power","Aggregate"],"picked":"SKIP","floor":35},{"not_picked":["Aggregate","Hologram","Coolheaded"],"picked":"SKIP","floor":38},{"not_picked":["Amplify","Rip and Tear"],"picked":"Steam+1","floor":41},{"not_picked":["Reprogram+1","FTL+1","Reinforced Body+1"],"picked":"SKIP","floor":44},{"not_picked":["Leap","Double Energy"],"picked":"Undo+1","floor":45},{"not_picked":["Cold Snap","Go for the Eyes+1"],"picked":"Glacier+1","floor":48}],"player_experience":837908,"relics_obtained":[{"floor":7,"key":"Blood Vial"},{"floor":9,"key":"Mummified Hand"},{"floor":24,"key":"Pear"},{"floor":26,"key":"Pen Nib"},{"floor":36,"key":"Old Coin"},{"floor":41,"key":"Omamori"},{"floor":43,"key":"Anchor"}],"event_choices":[{"damage_healed":0,"gold_gain":0,"player_choice":"Grow","damage_taken":0,"max_hp_gain":0,"max_hp_loss":0,"event_name":"Living Wall","floor":2,"gold_loss":0,"cards_upgraded":["Dualcast"]},{"cards_removed":["Defend_B"],"damage_healed":0,"gold_gain":0,"player_choice":"Card Removal","damage_taken":7,"max_hp_gain":0,"max_hp_loss":0,"event_name":"Golden Wing","floor":3,"gold_loss":0},{"damage_healed":0,"gold_gain":0,"player_choice":"Take Damage","damage_taken":18,"relics_obtained":["Golden Idol"],"max_hp_gain":0,"max_hp_loss":0,"event_name":"Golden Idol","floor":4,"gold_loss":0},{"damage_healed":0,"gold_gain":175,"player_choice":"AGREE","damage_taken":0,"max_hp_gain":0,"max_hp_loss":0,"event_name":"Liars Game","floor":8,"gold_loss":0,"cards_obtained":["Doubt"]},{"damage_healed":0,"gold_gain":0,"player_choice":"Simplicity","damage_taken":0,"max_hp_gain":0,"max_hp_loss":0,"event_name":"Back to Basics","floor":19,"gold_loss":0,"cards_upgraded":["Strike_B","Strike_B","Strike_B","Defend_B","Defend_B","Defend_B"]},{"damage_healed":0,"gold_gain":0,"player_choice":"Opened","damage_taken":0,"relics_obtained":["Ice Cream"],"max_hp_gain":0,"max_hp_loss":0,"event_name":"The Mausoleum","floor":20,"gold_loss":0,"cards_obtained":["Writhe"]},{"damage_healed":0,"gold_gain":0,"player_choice":"Fight","damage_taken":0,"max_hp_gain":0,"max_hp_loss":0,"event_name":"MindBloom","floor":36,"gold_loss":0},{"cards_removed":["Strike_B"],"damage_healed":0,"gold_gain":0,"player_choice":"Removed Attack","damage_taken":0,"max_hp_gain":0,"max_hp_loss":0,"event_name":"Falling","floor":37,"gold_loss":0},{"damage_healed":0,"gold_gain":0,"player_choice":"Ignored","damage_taken":0,"max_hp_gain":0,"max_hp_loss":0,"event_name":"Mysterious Sphere","floor":39,"gold_loss":0},{"damage_healed":0,"gold_gain":0,"player_choice":"0 cards matched","damage_taken":0,"max_hp_gain":0,"max_hp_loss":0,"event_name":"Match and Keep!","floor":47,"gold_loss":0,"cards_obtained":[]}],"is_beta":false,"boss_relics":[{"not_picked":["Snecko Eye","White Beast Statue"],"picked":"Ectoplasm"},{"not_picked":["Busted Crown","Philosopher\u0027s Stone"],"picked":"Eternal Feather"}],"items_purged_floors":[21],"is_endless":false,"potions_floor_spawned":[7,14,16,18,24,38,44,45],"ascension_level":0}