{"gold_per_floor":[110,130,160,172,172,198,70,97,97,107,7,26,26,40,40,142,142,162,191,116,136,136,136,148,148,148,175,194,194,194,212,212,212],"floor_reached":33,"playtime":2051,"items_purged":["Strike_B","Strike_B"],"score":458,"play_id":"9d75773f-7dd4-4fa0-b5d2-8390676978c1","local_time":"20180813205510","is_ascension_mode":true,"campfire_choices":[{"floor":15,"key":"REST"},{"floor":23,"key":"REST"},{"floor":25,"key":"REST"},{"floor":30,"key":"REST"},{"data":"Zap","floor":32,"key":"SMITH"}],"neow_cost":"NONE","seed_source_timestamp":6731295216067,"circlet_count":0,"master_deck":["Strike_B+1","Defend_B","Zap+1","Dualcast","Gash","Ball Lightning","All For One+1","Go for the Eyes","Hologram","Hologram","Sunder","Beam Cell","All For One","Streamline+1","Gash","Reboot","Stack+1","Leap","Gash"],"relics":["Empty Cage","Tiny Chest","Nunchaku","Whetstone","Meat on the Bone","Symbiotic Virus","Eternal Feather","Red Mask","Nilry\u0027s Codex","Orichalcum","Pen Nib"],"potions_floor_usage":[6,10,14,19,21,27,33],"damage_taken":[{"damage":3,"enemies":"Jaw Worm","floor":1,"turns":4},{"damage":4,"enemies":"Small Slimes","floor":2,"turns":4},{"damage":1,"enemies":"Cultist","floor":4,"turns":3},{"damage":28,"enemies":"Gremlin Nob","floor":6,"turns":4},{"damage":25,"enemies":"Lagavulin","floor":8,"turns":5},{"damage":1,"enemies":"Exordium Wildlife","floor":10,"turns":3},{"damage":4,"enemies":"Blue Slaver","floor":12,"turns":2},{"damage":1,"enemies":"Looter","floor":14,"turns":3},{"damage":0,"enemies":"Slime Boss","floor":16,"turns":5},{"damage":4,"enemies":"Chosen","floor":18,"turns":3},{"damage":36,"floor":19,"turns":4},{"damage":27,"enemies":"2 Thieves","floor":21,"turns":3},{"damage":8,"enemies":"Sentry and Sphere","floor":24,"turns":3},{"damage":31,"enemies":"Book of Stabbing","floor":27,"turns":5},{"damage":17,"enemies":"3 Cultists","floor":28,"turns":5},{"damage":12,"enemies":"Centurion and Healer","floor":31,"turns":3},{"damage":73,"enemies":"Automaton","floor":33,"turns":6}],"seed_played":"-4482800620287314660","potions_obtained":[{"floor":2,"key":"LiquidBronze"},{"floor":4,"key":"Fire Potion"},{"floor":8,"key":"Block Potion"},{"floor":10,"key":"FearPotion"},{"floor":12,"key":"SpeedPotion"},{"floor":18,"key":"Explosive Potion"},{"floor":19,"key":"Explosive Potion"},{"floor":31,"key":"PowerPotion"}],"is_trial":false,"path_per_floor":["M","M","?","M","?","E","$","E","T","M","$","M","$","M","R","B",null,"M","?","?","M","?","R","M","R","T","E","M","?","R","M","R"],"character_chosen":"DEFECT","items_purchased":["Go for the Eyes"],"campfire_rested":4,"item_purchase_floors":[7],"current_hp_per_floor":[65,61,58,57,57,29,29,4,4,15,15,23,23,34,56,56,70,66,42,42,27,11,42,46,75,75,44,46,46,75,63,72,0],"gold":212,"neow_bonus":"BOSS_RELIC","is_prod":false,"is_daily":false,"chose_seed":false,"campfire_upgraded":1,"win_rate":0,"timestamp":1534208110,"path_taken":["M","M","?","M","?","E","$","E","T","M","$","M","$","M","R","BOSS","M","?","?","M","?","R","M","R","T","E","?","?","R","M","R","BOSS"],"build_version":"2018-08-09","purchased_purges":2,"victory":false,"max_hp_per_floor":[75,75,75,75,75,75,75,75,75,75,75,75,75,75,75,75,75,75,75,75,75,75,75,75,75,75,75,75,75,75,75,75,75],"card_choices":[{"not_picked":["Go for the Eyes","FTL"],"picked":"Gash","floor":1},{"not_picked":["Sweeping Beam","Cold Snap"],"picked":"Ball Lightning","floor":2},{"not_picked":["Steam Power","Darkness"],"picked":"All For One","floor":4},{"not_picked":["Barrage","Recycle","Melter"],"picked":"SKIP","floor":6},{"not_picked":["Scrape","Compile Driver"],"picked":"Hologram","floor":8},{"not_picked":["Barrage","Coolheaded"],"picked":"Hologram","floor":10},{"not_picked":["Storm","Redo"],"picked":"Sunder","floor":12},{"not_picked":["Steam Power","Hologram"],"picked":"Beam Cell","floor":14},{"not_picked":["Multi-Cast","Rainbow"],"picked":"All For One","floor":16},{"not_picked":["Defragment+1","Leap+1"],"picked":"Streamline+1","floor":18},{"not_picked":["Hologram","Conserve Battery"],"picked":"Gash","floor":19},{"not_picked":["Coolheaded","Skim"],"picked":"Reboot","floor":21},{"not_picked":["Leap","Sweeping Beam+1"],"picked":"Stack+1","floor":24},{"not_picked":["Sweeping Beam+1","Steam"],"picked":"Leap","floor":27},{"not_picked":["Rip and Tear","Streamline+1"],"picked":"Gash","floor":28},{"not_picked":["Hologram","Recycle","Barrage"],"picked":"SKIP","floor":31}],"player_experience":687917,"relics_obtained":[{"floor":6,"key":"Whetstone"},{"floor":8,"key":"Meat on the Bone"},{"floor":9,"key":"Symbiotic Virus"},{"floor":19,"key":"Red Mask"},{"floor":22,"key":"Nilry\u0027s Codex"},{"floor":26,"key":"Orichalcum"},{"floor":27,"key":"Pen Nib"}],"event_choices":[{"event_name":"Scrap Ooze","player_choice":"success","floor":3,"damage_taken":3},{"event_name":"WeMeetAgain","player_choice":"Potion","floor":5,"damage_taken":0},{"event_name":"Masked Bandits","player_choice":"Fought Bandits","floor":19,"damage_taken":0},{"event_name":"Beggar","player_choice":"Gave Gold","floor":20,"damage_taken":0},{"event_name":"Cursed Tome","player_choice":"Obtained Book","floor":22,"damage_taken":0},{"event_name":"Back to Basics","player_choice":"Elegance","floor":29,"damage_taken":0}],"is_beta":false,"boss_relics":[{"not_picked":["Snecko Eye","Sozu"],"picked":"Eternal Feather"}],"items_purged_floors":[7,11],"is_endless":false,"potions_floor_spawned":[2,4,8,10,12,18,19,31],"killed_by":"Automaton","ascension_level":8}