{"gold_per_floor":[119,119,130,230,247,278,278,310,379,389,389,402,435,203,203,307,307,322,333,80,80,80,80,43,43],"floor_reached":25,"playtime":1375,"items_purged":["Strike_B","Strike_B"],"score":219,"play_id":"1cf789b4-eafd-4d69-8f0a-50a9b0703072","local_time":"20181007202857","is_ascension_mode":false,"campfire_choices":[{"floor":7,"key":"REST"},{"floor":11,"key":"REST"},{"floor":15,"key":"REST"},{"floor":23,"key":"REST"}],"neow_cost":"","seed_source_timestamp":1308167999817299,"circlet_count":0,"master_deck":["Strike_B","Defend_B","Defend_B","Defend_B","Defend_B","Zap","Dualcast","Leap","Genetic Algorithm","Lockon","Defragment","Leap","Darkness+1","Beam Cell","Auto Shields+1","Amplify+1","Doubt","Shame","Regret","Ball Lightning","Melter+1","Self Repair","Glacier+1","Blizzard"],"relics":["Cracked Core","Ginger","Pen Nib","Toxic Egg 2","Bottled Lightning","Oddly Smooth Stone","Calling Bell","Anchor","Kunai","Peace Pipe"],"potions_floor_usage":[],"damage_taken":[{"damage":2,"enemies":"Jaw Worm","floor":1,"turns":4},{"damage":1,"enemies":"Cultist","floor":3,"turns":3},{"damage":0,"enemies":"Small Slimes","floor":5,"turns":3},{"damage":52,"enemies":"Lagavulin","floor":6,"turns":7},{"damage":27,"enemies":"Gremlin Nob","floor":8,"turns":4},{"damage":0,"enemies":"Blue Slaver","floor":10,"turns":4},{"damage":3,"enemies":"Red Slaver","floor":12,"turns":4},{"damage":10,"enemies":"Lagavulin","floor":13,"turns":6},{"damage":34,"enemies":"Slime Boss","floor":16,"turns":12},{"damage":26,"enemies":"Chosen","floor":18,"turns":8},{"damage":32,"enemies":"Spheric Guardian","floor":19,"turns":7},{"damage":42,"enemies":"3 Cultists","floor":25,"turns":6}],"seed_played":"4066445838960434246","potions_obtained":[{"floor":1,"key":"FocusPotion"},{"floor":3,"key":"Weak Potion"},{"floor":5,"key":"Energy Potion"},{"floor":21,"key":"Fire Potion"}],"is_trial":false,"path_per_floor":["M","?","M","?","M","E","R","E","T","M","R","M","E","$","R","B",null,"M","M","$","?","?","R","$"],"character_chosen":"DEFECT","items_purchased":["Oddly Smooth Stone","Self Repair","Glacier+1","Blizzard"],"campfire_rested":4,"item_purchase_floors":[14,20,20,24],"current_hp_per_floor":[73,73,72,72,72,20,42,15,15,15,37,34,24,24,46,12,75,49,17,17,17,17,39,39,0],"gold":43,"neow_bonus":"","is_prod":false,"is_daily":false,"chose_seed":false,"campfire_upgraded":0,"win_rate":0.0,"timestamp":1538915337,"path_taken":["M","?","M","?","M","E","R","E","T","M","R","M","E","$","R","BOSS","M","M","$","?","?","R","$","M"],"build_version":"2018-10-04v2","purchased_purges":2,"victory":false,"max_hp_per_floor":[75,75,75,75,75,75,75,75,75,75,75,75,75,75,75,75,75,75,75,75,75,75,75,75,75],"card_choices":[{"not_picked":["Reinforced Body","Compile Driver"],"picked":"Leap","floor":1},{"not_picked":["Conserve Battery","Aggregate"],"picked":"Genetic Algorithm","floor":3},{"not_picked":["Skim","Barrage"],"picked":"Lockon","floor":5},{"not_picked":["Barrage","Redo"],"picked":"Defragment","floor":6},{"not_picked":["Barrage","Capacitor"],"picked":"Leap","floor":8},{"not_picked":["Barrage","Compile Driver"],"picked":"Darkness+1","floor":10},{"not_picked":["Barrage","Leap+1"],"picked":"Beam Cell","floor":12},{"not_picked":["Coolheaded+1","Conserve Battery+1"],"picked":"Auto Shields+1","floor":13},{"not_picked":["Fission+1","Seek+1"],"picked":"Amplify+1","floor":16},{"not_picked":["Cold Snap","Coolheaded+1"],"picked":"Ball Lightning","floor":18},{"not_picked":["Redo+1","Coolheaded+1"],"picked":"Melter+1","floor":19}],"player_experience":9838,"relics_obtained":[{"floor":6,"key":"Ginger"},{"floor":8,"key":"Pen Nib"},{"floor":9,"key":"Toxic Egg 2"},{"floor":13,"key":"Bottled Lightning"},{"floor":17,"key":"Anchor"},{"floor":17,"key":"Kunai"},{"floor":17,"key":"Peace Pipe"}],"event_choices":[{"event_name":"Bonfire Elementals","player_choice":"BASIC","floor":2,"damage_taken":0},{"event_name":"Golden Shrine","player_choice":"Pray","floor":4,"damage_taken":0},{"event_name":"The Lab","player_choice":"Got Potions","floor":21,"damage_taken":0}],"is_beta":false,"boss_relics":[{"not_picked":["Inserter","Busted Crown"],"picked":"Calling Bell"}],"items_purged_floors":[14,20],"is_endless":false,"potions_floor_spawned":[1,3,5,18],"killed_by":"3 Cultists","ascension_level":0}