{"gold_per_floor":[211,211,211,226,239,239,268,52,52,52,52,71,71,86,86,185,185,201,219,235,235,87,87,87,87,169,189,189,219,219,229,229,327,377,394,394,411,411,113,113,148,161,161,161,61,72,84,84,84,84],"floor_reached":51,"playtime":1449,"items_purged":["Defend_B+1","Strike_B+1"],"score":795,"play_id":"1567485d-3f6a-42ab-805b-14909b58b918","local_time":"20181208134742","is_ascension_mode":false,"campfire_choices":[{"data":"Dualcast","floor":6.0,"key":"SMITH"},{"data":"Defend_B","floor":10.0,"key":"SMITH"},{"data":"Strike_B","floor":15.0,"key":"SMITH"},{"data":"Defend_B","floor":23.0,"key":"SMITH"},{"data":"Defend_B","floor":25.0,"key":"SMITH"},{"floor":30.0,"key":"RECALL"},{"data":"Ball Lightning","floor":32.0,"key":"SMITH"},{"data":"Thunder Strike","floor":40.0,"key":"SMITH"},{"data":"Conserve Battery","floor":49,"key":"SMITH"}],"neow_cost":"NONE","seed_source_timestamp":0,"circlet_count":0,"master_deck":["Strike_B+1","Strike_B+1","Defend_B+1","Defend_B+1","Defend_B+1","Zap+1","Dualcast+1","Glacier+1","Echo Form+1","Self Repair+1","Electrodynamics+1","Conserve Battery+1","Chill+1","Defragment+1","Stack+1","White Noise+1","Ball Lightning+1","Echo Form+1","Lockon+1","Buffer+1","Thunder Strike+1","Blizzard+1","Buffer+1","Conserve Battery+1"],"special_seed":0,"relics":["Cracked Core","Frozen Egg 2","Bag of Marbles","War Paint","Bottled Tornado","Dodecahedron","Philosopher\u0027s Stone","Whetstone","Pantograph","Ice Cream","Tiny House","Ancient Tea Set","DataDisk"],"potions_floor_usage":[50,50,50,50,50,50],"damage_taken":[{"damage":4.0,"enemies":"Jaw Worm","floor":1.0,"turns":5.0},{"damage":1.0,"enemies":"Small Slimes","floor":4.0,"turns":4.0},{"damage":0.0,"enemies":"Cultist","floor":5.0,"turns":3.0},{"damage":26.0,"enemies":"Lagavulin","floor":7.0,"turns":8.0},{"damage":7.0,"enemies":"Exordium Thugs","floor":12.0,"turns":3.0},{"damage":0.0,"enemies":"Gremlin Gang","floor":14.0,"turns":4.0},{"damage":3.0,"enemies":"The Guardian","floor":16.0,"turns":11.0},{"damage":9.0,"enemies":"2 Thieves","floor":18.0,"turns":3.0},{"damage":0.0,"enemies":"Spheric Guardian","floor":19.0,"turns":4.0},{"damage":12.0,"enemies":"Cultist and Chosen","floor":20.0,"turns":5.0},{"damage":0.0,"enemies":"Sentry and Sphere","floor":27.0,"turns":4.0},{"damage":4.0,"enemies":"Book of Stabbing","floor":29.0,"turns":6.0},{"damage":9.0,"enemies":"Snake Plant","floor":31.0,"turns":4.0},{"damage":0.0,"enemies":"Champ","floor":33.0,"turns":11.0},{"damage":6.0,"enemies":"Orb Walker","floor":35.0,"turns":3.0},{"damage":4.0,"enemies":"3 Darklings","floor":37.0,"turns":3.0},{"damage":42.0,"enemies":"Nemesis","floor":41.0,"turns":7.0},{"damage":24.0,"enemies":"Jaw Worm Horde","floor":42.0,"turns":3.0},{"damage":0.0,"enemies":"Sphere and 2 Shapes","floor":46.0,"turns":4.0},{"damage":0.0,"enemies":"3 Darklings","floor":47.0,"turns":5.0},{"damage":0,"enemies":"Donu and Deca","floor":50,"turns":7}],"seed_played":"-1085216202192584388","potions_obtained":[{"floor":1.0,"key":"Energy Potion"},{"floor":5.0,"key":"LiquidBronze"},{"floor":16.0,"key":"SteroidPotion"},{"floor":18.0,"key":"Swift Potion"},{"floor":29.0,"key":"Strength Potion"},{"floor":34.0,"key":"AttackPotion"},{"floor":42.0,"key":"EntropicBrew"}],"is_trial":false,"path_per_floor":["M","?","?","M","M","R","E","$","T","R","T","M","$","M","R","B",null,"M","M","M","?","$","R","$","R","T","M","?","E","R","M","R","B",null,"M","$","M","?","$","R","E","M","T","?","$","M","M","?","R","B",null],"character_chosen":"DEFECT","items_purchased":["Echo Form+1","War Paint","Whetstone","Buffer+1","Thunder Strike"],"campfire_rested":0,"item_purchase_floors":[8,8,22,39,39],"current_hp_per_floor":[71,71,71,70,70,70,44,44,44,44,44,37,37,47,47,54,75,75,75,75,75,75,75,75,75,75,75,75,75,75,75,75,75,80,74,74,70,70,70,70,38,24,24,70,70,70,70,70,70,70],"gold":84,"neow_bonus":"HUNDRED_GOLD","is_prod":false,"is_daily":false,"chose_seed":false,"campfire_upgraded":8,"win_rate":0,"timestamp":1544276862,"path_taken":["M","?","?","?","M","R","E","$","T","R","?","?","$","M","R","BOSS","M","M","M","?","$","R","$","R","T","?","?","E","R","M","R","BOSS","M","$","M","?","$","R","E","M","T","?","$","M","?","?","R","BOSS"],"build_version":"2018-12-06","purchased_purges":2,"victory":true,"max_hp_per_floor":[75,75,75,75,75,75,75,75,75,75,75,75,75,75,75,75,75,75,75,75,75,75,75,75,75,75,75,75,75,75,75,75,75,80,80,80,80,80,80,80,80,80,80,70,70,70,70,70,70,70],"card_choices":[{"not_picked":["Static Discharge","Gash","Streamline"],"picked":"SKIP","floor":1.0},{"not_picked":["Go for the Eyes","Stack","Steam"],"picked":"SKIP","floor":4.0},{"not_picked":["Gash","Double Energy","Darkness"],"picked":"SKIP","floor":5.0},{"not_picked":["Beam Cell","Aggregate"],"picked":"Glacier","floor":7.0},{"not_picked":["Leap","Doom and Gloom"],"picked":"Self Repair+1","floor":12.0},{"not_picked":["Recycle","Beam Cell","Coolheaded"],"picked":"SKIP","floor":14.0},{"not_picked":["Thunder Strike","Reboot"],"picked":"Electrodynamics+1","floor":16.0},{"not_picked":["Hologram","Gash+1"],"picked":"Conserve Battery+1","floor":18.0},{"not_picked":["Storm+1","Compile Driver+1"],"picked":"Chill","floor":19.0},{"not_picked":["Reprogram","Stack"],"picked":"Defragment+1","floor":20.0},{"not_picked":["Sweeping Beam","Streamline"],"picked":"Stack+1","floor":27.0},{"not_picked":["Conserve Battery","Beam Cell"],"picked":"White Noise+1","floor":29.0},{"not_picked":["Reinforced Body","Hologram"],"picked":"Ball Lightning","floor":31.0},{"not_picked":["Meteor Strike","Thunder Strike"],"picked":"Echo Form+1","floor":33.0},{"not_picked":["Fusion+1","Conserve Battery"],"picked":"Lockon+1","floor":35.0},{"not_picked":["Ball Lightning","White Noise","Hologram+1"],"picked":"SKIP","floor":37.0},{"not_picked":["Stack+1","Genetic Algorithm+1"],"picked":"Blizzard+1","floor":41.0},{"not_picked":["Darkness+1","Hologram"],"picked":"Buffer+1","floor":42.0},{"not_picked":["Rebound+1","Redo"],"picked":"Conserve Battery","floor":46.0},{"not_picked":["Self Repair+1","Beam Cell+1","Cold Snap"],"picked":"SKIP","floor":47.0}],"player_experience":866011,"relics_obtained":[{"floor":7.0,"key":"Bag of Marbles"},{"floor":9.0,"key":"Bottled Tornado"},{"floor":11.0,"key":"Dodecahedron"},{"floor":26.0,"key":"Pantograph"},{"floor":29.0,"key":"Ice Cream"},{"floor":41.0,"key":"Ancient Tea Set"},{"floor":43.0,"key":"DataDisk"}],"event_choices":[{"damage_healed":0.0,"max_hp_gain":0.0,"max_hp_loss":0.0,"gold_gain":0.0,"event_name":"The Cleric","player_choice":"Leave","floor":2.0,"gold_loss":0.0,"damage_taken":0.0},{"damage_healed":0.0,"max_hp_gain":0.0,"max_hp_loss":0.0,"gold_gain":0.0,"event_name":"WeMeetAgain","player_choice":"Gave Potion","floor":3.0,"gold_loss":0.0,"damage_taken":0.0,"relics_obtained":["Frozen Egg 2"]},{"damage_healed":0.0,"max_hp_gain":0.0,"max_hp_loss":0.0,"gold_gain":0.0,"event_name":"Upgrade Shrine","player_choice":"Upgraded","floor":21.0,"gold_loss":0.0,"damage_taken":0.0,"cards_upgraded":["Chill"]},{"damage_healed":0.0,"max_hp_gain":0.0,"max_hp_loss":0.0,"gold_gain":0.0,"event_name":"Back to Basics","player_choice":"Simplicity","floor":28.0,"gold_loss":0.0,"damage_taken":0.0,"cards_upgraded":["Strike_B","Defend_B"]},{"cards_removed":["Strike_B"],"damage_healed":0.0,"max_hp_gain":0.0,"max_hp_loss":0.0,"gold_gain":0.0,"event_name":"Falling","player_choice":"Removed Attack","floor":38.0,"gold_loss":0.0,"damage_taken":0.0},{"damage_healed":70.0,"max_hp_gain":0.0,"max_hp_loss":10.0,"gold_gain":0.0,"event_name":"The Moai Head","player_choice":"Heal","floor":44.0,"gold_loss":0.0,"damage_taken":0.0},{"damage_healed":0,"gold_gain":0,"player_choice":"Memory 1","damage_taken":0,"max_hp_gain":0,"max_hp_loss":0,"event_name":"SensoryStone","floor":48,"gold_loss":0}],"is_beta":false,"boss_relics":[{"not_picked":["Black Star","Coffee Dripper"],"picked":"Philosopher\u0027s Stone"},{"not_picked":["Runic Pyramid","Eternal Feather"],"picked":"Tiny House"}],"items_purged_floors":[39,45],"is_endless":false,"potions_floor_spawned":[1,5,16,18,29,33,35,42],"ascension_level":0}