{"gold_per_floor":[112,129,143,153,48,48,78,78,78,78,93,93,111,130,130,226,226,244,260,43,43,59,59,59,72,95,121,36,56,68,68,68,68],"floor_reached":33,"playtime":1573,"items_purged":[],"score":346,"play_id":"e966f346-c660-4e2a-932f-ab0fde5c31c8","local_time":"20190210164953","is_ascension_mode":false,"campfire_choices":[{"data":"Shrug It Off","floor":6,"key":"SMITH"},{"data":"Reaper","floor":10,"key":"SMITH"},{"data":"Anger","floor":12,"key":"SMITH"},{"data":"Disarm","floor":15,"key":"SMITH"},{"data":"Shrug It Off","floor":23,"key":"SMITH"},{"data":"Inflame","floor":32,"key":"SMITH"}],"neow_cost":"NONE","seed_source_timestamp":147272129069800,"circlet_count":0,"master_deck":["Strike_R","Strike_R","Defend_R","Defend_R","Defend_R","Defend_R","Bash","Shrug It Off+1","Seeing Red","Anger+1","Carnage","Thunderclap","Seeing Red","Reaper+1","Disarm+1","Spot Weakness","Rage","Immolate","Sentinel+1","Brutality+1","Sever Soul+1","Cleave+1","Clash+1","Inflame+1","Dark Shackles","Shrug It Off+1","Ghostly","Ghostly","Ghostly","Ghostly","Ghostly","Shrug It Off","Necronomicurse","Fire Breathing","Shrug It Off","Mind Blast","Combust+1","Dual Wield"],"relics":["Burning Blood","Darkstone Periapt","Sundial","Astrolabe","Necronomicon","Smiling Mask","Lantern"],"potions_floor_usage":[7,14,30,33],"damage_taken":[{"damage":2,"enemies":"2 Louse","floor":1,"turns":3},{"damage":5,"enemies":"Cultist","floor":2,"turns":5},{"damage":0,"enemies":"Small Slimes","floor":3,"turns":4},{"damage":14,"enemies":"3 Louse","floor":4,"turns":4},{"damage":39,"enemies":"Lagavulin","floor":7,"turns":7},{"damage":9,"enemies":"Blue Slaver","floor":11,"turns":4},{"damage":5,"enemies":"2 Fungi Beasts","floor":13,"turns":3},{"damage":8,"enemies":"Red Slaver","floor":14,"turns":2},{"damage":43,"enemies":"Hexaghost","floor":16,"turns":10},{"damage":46,"enemies":"2 Thieves","floor":18,"turns":4},{"damage":14,"enemies":"Spheric Guardian","floor":19,"turns":4},{"damage":3,"enemies":"Snecko","floor":22,"turns":7},{"damage":21,"enemies":"Shelled Parasite and Fungi","floor":25,"turns":8},{"damage":15,"enemies":"Slavers","floor":27,"turns":10},{"damage":3,"enemies":"Snake Plant","floor":29,"turns":2},{"damage":12,"enemies":"Cultist and Chosen","floor":30,"turns":5},{"damage":59,"enemies":"Collector","floor":33,"turns":10}],"seed_played":"1614701252651369814","potions_obtained":[{"floor":1,"key":"Ancient Potion"},{"floor":3,"key":"BloodPotion"},{"floor":7,"key":"GamblersBrew"},{"floor":13,"key":"Weak Potion"},{"floor":19,"key":"Dexterity Potion"},{"floor":27,"key":"SkillPotion"}],"is_trial":false,"path_per_floor":["M","M","M","M","$","R","E","?","T","R","M","R","M","M","R","B",null,"M","M","$","?","M","R","?","M","T","E","$","M","M","?","R","B"],"character_chosen":"IRONCLAD","items_purchased":["Thunderclap","Seeing Red","Inflame","Dark Shackles","Shrug It Off","Mind Blast"],"campfire_rested":0,"item_purchase_floors":[5,5,20,20,20,28],"current_hp_per_floor":[88,88,88,80,80,80,55,55,55,55,57,57,68,66,66,41,88,48,40,40,40,44,44,34,21,21,41,41,44,50,42,42,0],"gold":68,"neow_bonus":"TEN_PERCENT_HP_BONUS","is_prod":false,"is_daily":false,"chose_seed":false,"campfire_upgraded":6,"win_rate":0,"timestamp":1549788593,"path_taken":["M","M","M","M","$","R","E","?","T","R","M","R","M","M","R","BOSS","M","?","$","?","M","R","?","M","T","E","?","M","M","?","R","BOSS"],"build_version":"2019-01-23","purchased_purges":0,"victory":false,"max_hp_per_floor":[88,88,88,88,88,88,88,88,88,88,88,88,88,88,88,88,88,88,88,88,44,44,44,50,50,50,50,50,50,50,55,55,55],"card_choices":[{"not_picked":["Second Wind","Rupture"],"picked":"Shrug It Off","floor":1},{"not_picked":["Iron Wave","Headbutt"],"picked":"Seeing Red","floor":2},{"not_picked":["Havoc","Warcry"],"picked":"Anger","floor":3},{"not_picked":["Shrug It Off","Clothesline"],"picked":"Carnage","floor":4},{"not_picked":["Thunderclap","Warcry"],"picked":"Reaper","floor":7},{"not_picked":["Sword Boomerang","Thunderclap"],"picked":"Disarm","floor":11},{"not_picked":["Cleave","Infernal Blade"],"picked":"Spot Weakness","floor":13},{"not_picked":["Evolve","Warcry"],"picked":"Rage","floor":14},{"not_picked":["Brutality","Barricade"],"picked":"Immolate","floor":16},{"not_picked":["Perfected Strike","Wild Strike+1"],"picked":"Cleave+1","floor":18},{"not_picked":["Pummel","Second Wind"],"picked":"Clash+1","floor":19},{"not_picked":["Carnage","Clothesline"],"picked":"Shrug It Off","floor":22},{"not_picked":["Iron Wave+1","Bloodletting"],"picked":"Fire Breathing","floor":25},{"not_picked":["Offering","Fire Breathing"],"picked":"Shrug It Off","floor":27},{"not_picked":["Pommel Strike","Wild Strike"],"picked":"Combust+1","floor":29},{"not_picked":["Pommel Strike+1","True Grit"],"picked":"Dual Wield","floor":30}],"player_experience":43659,"relics_obtained":[{"floor":7,"key":"Darkstone Periapt"},{"floor":9,"key":"Sundial"},{"floor":24,"key":"Necronomicon"},{"floor":26,"key":"Smiling Mask"},{"floor":27,"key":"Lantern"}],"event_choices":[{"damage_healed":0,"gold_gain":0,"player_choice":"Bought 0 Potions","damage_taken":0,"max_hp_gain":0,"max_hp_loss":0,"event_name":"The Woman in Blue","floor":8,"gold_loss":0},{"damage_healed":0,"gold_gain":0,"player_choice":"Became a Ghost","damage_taken":0,"max_hp_gain":0,"max_hp_loss":44,"event_name":"Ghosts","floor":21,"gold_loss":0,"cards_obtained":["Ghostly","Ghostly","Ghostly","Ghostly","Ghostly"]},{"damage_healed":0,"gold_gain":0,"player_choice":"Obtained Book","damage_taken":16,"max_hp_gain":0,"max_hp_loss":0,"event_name":"Cursed Tome","floor":24,"gold_loss":0},{"damage_healed":0,"gold_gain":0,"player_choice":"Shed Blood","damage_taken":13,"max_hp_gain":5,"max_hp_loss":0,"event_name":"Forgotten Altar","floor":31,"gold_loss":0}],"is_beta":false,"boss_relics":[{"not_picked":["Snecko Eye","Cursed Key"],"picked":"Astrolabe"}],"items_purged_floors":[],"is_endless":false,"potions_floor_spawned":[1,3,7,13,19,27],"killed_by":"Collector","ascension_level":0}