{"gold_per_floor":[113,126,139,151,226,261,261,226,301,334,346,346,361,361,361,440,440,455,455,455,505,202,230,242,242,318,318,337,337,350,367,367,439,439,459,559,295,295,341,341,373,55,55,55,55,55,55,74,74,74],"floor_reached":50,"playtime":2034,"items_purged":["Strike_B","Strike_B"],"score":1035,"play_id":"1585fa4f-ef3b-4eb7-9e7d-1a62955cd337","local_time":"20190202174623","is_ascension_mode":true,"campfire_choices":[{"floor":7.0,"key":"REST"},{"floor":12.0,"key":"REST"},{"data":"Defragment","floor":15.0,"key":"SMITH"},{"floor":25.0,"key":"REST"},{"data":"White Noise","floor":27.0,"key":"SMITH"},{"data":"Go for the Eyes","floor":29.0,"key":"SMITH"},{"data":"Electrodynamics","floor":32.0,"key":"SMITH"},{"floor":40.0,"key":"REST"},{"data":"Biased Cognition","floor":46.0,"key":"SMITH"},{"data":"Multi-Cast","floor":49.0,"key":"SMITH"}],"neow_cost":"NONE","seed_source_timestamp":0,"circlet_count":0,"master_deck":["AscendersBane","Defend_B","Defend_B","Defend_B","Dualcast","Ball Lightning","Go for the Eyes+1","Electrodynamics+1","Defragment+1","Auto Shields","Ball Lightning","Glacier","Conserve Battery","White Noise+1","Multi-Cast+1","Hologram+1","FTL","Coolheaded+1","Biased Cognition+1","BootSequence+1","Writhe"],"special_seed":0,"relics":["Cracked Core","Ice Cream","Art of War","White Beast Statue","Frozen Eye","Bag of Preparation","Mercury Hourglass","Empty Cage","Mango","Potion Belt","Gambling Chip","Du-Vu Doll","DataDisk","Strawberry","Prayer Wheel"],"potions_floor_usage":[50,50],"damage_taken":[{"damage":1.0,"enemies":"Cultist","floor":1.0,"turns":3.0},{"damage":2.0,"enemies":"Jaw Worm","floor":2.0,"turns":4.0},{"damage":0.0,"enemies":"2 Louse","floor":3.0,"turns":1.0},{"damage":18.0,"enemies":"2 Fungi Beasts","floor":4.0,"turns":3.0},{"damage":19.0,"enemies":"Lagavulin","floor":6.0,"turns":7.0},{"damage":15.0,"enemies":"3 Sentries","floor":10.0,"turns":4.0},{"damage":6.0,"enemies":"Looter","floor":11.0,"turns":3.0},{"damage":0.0,"enemies":"Blue Slaver","floor":13.0,"turns":2.0},{"damage":0.0,"enemies":"Slime Boss","floor":16.0,"turns":6.0},{"damage":6.0,"enemies":"Chosen","floor":18.0,"turns":5.0},{"damage":19.0,"enemies":"Book of Stabbing","floor":23.0,"turns":6.0},{"damage":12.0,"enemies":"3 Byrds","floor":24.0,"turns":2.0},{"damage":5.0,"enemies":"Shelled Parasite and Fungi","floor":28.0,"turns":7.0},{"damage":7.0,"enemies":"Centurion and Healer","floor":30.0,"turns":5.0},{"damage":4.0,"enemies":"Snecko","floor":31.0,"turns":5.0},{"damage":28.0,"enemies":"Champ","floor":33.0,"turns":12.0},{"damage":5.0,"enemies":"3 Shapes","floor":35.0,"turns":3.0},{"damage":0.0,"enemies":"Mind Bloom Boss Battle","floor":36.0,"turns":7.0},{"damage":29.0,"enemies":"2 Orb Walkers","floor":39.0,"turns":3.0},{"damage":33.0,"enemies":"Reptomancer","floor":41.0,"turns":5.0},{"damage":0.0,"enemies":"Orb Walker","floor":48.0,"turns":3.0},{"damage":57,"enemies":"Awakened One","floor":50,"turns":9}],"seed_played":"-979601238490034169","potions_obtained":[{"floor":2.0,"key":"PowerPotion"},{"floor":6.0,"key":"Explosive Potion"},{"floor":11.0,"key":"FocusPotion"},{"floor":16.0,"key":"FocusPotion"},{"floor":18.0,"key":"FocusPotion"},{"floor":23.0,"key":"GamblersBrew"},{"floor":24.0,"key":"Dexterity Potion"},{"floor":28.0,"key":"PowerPotion"},{"floor":30.0,"key":"SteroidPotion"},{"floor":31.0,"key":"Regen Potion"},{"floor":33.0,"key":"SteroidPotion"},{"floor":35.0,"key":"FocusPotion"},{"floor":36.0,"key":"EssenceOfSteel"},{"floor":39.0,"key":"SpeedPotion"},{"floor":41.0,"key":"Dexterity Potion"},{"floor":48.0,"key":"Swift Potion"}],"is_trial":false,"path_per_floor":["M","M","M","M","?","E","R","?","T","E","M","R","M","?","R","B",null,"M","?","?","?","$","E","M","R","T","R","M","R","M","M","R","B",null,"M","?","$","?","?","R","E","$","T","?","$","R","?","M","R","B"],"character_chosen":"DEFECT","items_purchased":["Frozen Eye","Potion Belt","DataDisk","Strawberry"],"campfire_rested":4,"item_purchase_floors":[22,37,42,42],"current_hp_per_floor":[63,61,61,43,32,13,34,51,51,36,30,51,51,51,51,51,66,60,60,60,60,60,41,29,50,50,50,45,45,38,34,34,21,59,54,68,68,68,39,64,31,38,38,56,56,56,56,56,56,0],"gold":74,"neow_bonus":"THREE_CARDS","is_prod":false,"is_daily":false,"chose_seed":false,"campfire_upgraded":6,"win_rate":0,"timestamp":1549158383,"path_taken":["M","M","?","M","?","E","R","?","T","E","M","R","M","?","R","BOSS","M","?","?","?","?","E","M","R","T","R","M","R","M","M","R","BOSS","M","?","$","?","?","R","E","?","T","?","$","R","?","M","R","BOSS"],"build_version":"2019-01-23","purchased_purges":2,"victory":false,"max_hp_per_floor":[71,71,71,71,71,71,71,71,71,71,71,71,71,71,71,71,71,71,71,71,71,71,71,71,71,71,71,71,71,71,71,71,71,71,71,85,85,85,85,85,85,92,92,92,92,92,92,92,92,92],"card_choices":[{"not_picked":["Turbo","Compile Driver"],"picked":"Ball Lightning","floor":0.0},{"not_picked":["Hologram","Turbo"],"picked":"Go for the Eyes","floor":1.0},{"not_picked":["Sweeping Beam","Go for the Eyes"],"picked":"Electrodynamics","floor":2.0},{"not_picked":["Scrape","Conserve Battery"],"picked":"Defragment","floor":3.0},{"not_picked":["Gash","Steam Power"],"picked":"Auto Shields","floor":4.0},{"not_picked":["Coolheaded","Hologram"],"picked":"Ball Lightning","floor":6.0},{"not_picked":["Fusion","Turbo"],"picked":"Glacier","floor":10.0},{"not_picked":["Darkness","Rebound"],"picked":"Conserve Battery","floor":11.0},{"not_picked":["Hologram","Stack"],"picked":"White Noise","floor":13.0},{"not_picked":["Hyperbeam","Creative AI"],"picked":"Multi-Cast","floor":16.0},{"not_picked":["Sweeping Beam","Streamline","White Noise"],"picked":"SKIP","floor":18.0},{"not_picked":["Ball Lightning","Barrage","Sweeping Beam"],"picked":"SKIP","floor":23.0},{"not_picked":["Gash","Barrage"],"picked":"Hologram+1","floor":24.0},{"not_picked":["Redo","Beam Cell"],"picked":"FTL","floor":28.0},{"not_picked":["Rebound","Redo","Force Field"],"picked":"SKIP","floor":30.0},{"not_picked":["Lockon","Hologram"],"picked":"Coolheaded+1","floor":31.0},{"not_picked":["Fission","Buffer"],"picked":"Biased Cognition","floor":33.0},{"not_picked":["Heatsinks","Steam Power+1","Storm"],"picked":"SKIP","floor":35.0},{"not_picked":["Hologram","Beam Cell"],"picked":"BootSequence+1","floor":39.0},{"not_picked":["Undo+1","Biased Cognition","Go for the Eyes+1"],"picked":"SKIP","floor":41.0},{"not_picked":["Go for the Eyes","Hello World","Steam Power"],"picked":"SKIP","floor":48.0},{"not_picked":["Sweeping Beam","Chaos+1","Steam+1"],"picked":"SKIP","floor":48.0}],"player_experience":1218684,"relics_obtained":[{"floor":6.0,"key":"Ice Cream"},{"floor":10.0,"key":"Art of War"},{"floor":23.0,"key":"Bag of Preparation"},{"floor":26.0,"key":"Mercury Hourglass"},{"floor":36.0,"key":"Mango"},{"floor":39.0,"key":"Gambling Chip"},{"floor":41.0,"key":"Du-Vu Doll"},{"floor":43.0,"key":"Prayer Wheel"}],"event_choices":[{"damage_healed":0.0,"max_hp_gain":0.0,"max_hp_loss":0.0,"gold_gain":75.0,"event_name":"World of Goop","player_choice":"Gather Gold","floor":5.0,"gold_loss":0.0,"damage_taken":11.0},{"damage_healed":17.0,"max_hp_gain":0.0,"max_hp_loss":0.0,"gold_gain":0.0,"event_name":"The Cleric","player_choice":"Healed","floor":8.0,"gold_loss":35.0,"damage_taken":0.0},{"damage_healed":0.0,"max_hp_gain":0.0,"max_hp_loss":0.0,"gold_gain":0.0,"event_name":"Liars Game","player_choice":"Ignored","floor":14.0,"gold_loss":0.0,"damage_taken":0.0},{"cards_removed":["Strike_B"],"damage_healed":0.0,"max_hp_gain":0.0,"max_hp_loss":0.0,"gold_gain":0.0,"event_name":"Back to Basics","player_choice":"Elegance","floor":19.0,"gold_loss":0.0,"damage_taken":0.0},{"damage_healed":0.0,"max_hp_gain":0.0,"max_hp_loss":0.0,"gold_gain":0.0,"event_name":"Vampires","player_choice":"Ignored","floor":20.0,"gold_loss":0.0,"damage_taken":0.0},{"damage_healed":0.0,"max_hp_gain":0.0,"max_hp_loss":0.0,"gold_gain":50.0,"event_name":"Nest","player_choice":"Stole From Cult","floor":21.0,"gold_loss":0.0,"damage_taken":0.0},{"damage_healed":0.0,"max_hp_gain":0.0,"max_hp_loss":0.0,"gold_gain":0.0,"event_name":"MindBloom","player_choice":"Fight","floor":36.0,"gold_loss":0.0,"damage_taken":0.0},{"damage_healed":0.0,"max_hp_gain":0.0,"max_hp_loss":0.0,"gold_gain":0.0,"event_name":"SensoryStone","player_choice":"Memory 1","floor":38.0,"gold_loss":0.0,"damage_taken":0.0},{"damage_healed":0.0,"max_hp_gain":0.0,"max_hp_loss":0.0,"gold_gain":0.0,"event_name":"Mysterious Sphere","player_choice":"Fight","floor":39.0,"gold_loss":0.0,"damage_taken":0.0},{"damage_healed":18.0,"max_hp_gain":0.0,"max_hp_loss":0.0,"gold_gain":0.0,"event_name":"Winding Halls","player_choice":"Writhe","floor":44.0,"gold_loss":0.0,"damage_taken":0.0,"cards_obtained":["Writhe"]},{"cards_removed":["Zap"],"damage_healed":0.0,"max_hp_gain":0.0,"max_hp_loss":0.0,"gold_gain":0.0,"event_name":"Falling","player_choice":"Removed Skill","floor":47.0,"gold_loss":0.0,"damage_taken":0.0}],"is_beta":false,"boss_relics":[{"not_picked":["Sozu","Runic Dome"],"picked":"White Beast Statue"},{"not_picked":["Orrery","Pandora\u0027s Box"],"picked":"Empty Cage"}],"items_purged_floors":[22,37],"is_endless":false,"potions_floor_spawned":[2,6,11,16,18,23,24,28,30,31,33,35,36,39,41,48],"killed_by":"Awakened One","ascension_level":17}