{"gold_per_floor":[109,119,119,132,143,178,178,68,146,175,190,190,365,380,380,380],"floor_reached":16,"playtime":777,"items_purged":[],"score":129,"play_id":"daf4d618-53d2-416a-90b5-373a3a2e327f","local_time":"20190210123255","is_ascension_mode":true,"campfire_choices":[{"data":"A Thousand Cuts","floor":7,"key":"SMITH"},{"floor":15,"key":"REST"}],"neow_cost":"NONE","seed_source_timestamp":8670122534723,"circlet_count":0,"master_deck":["Defend_G+1","Defend_G+1","Defend_G","Defend_G","Defend_G","Strike_G","Strike_G","Strike_G","Strike_G","Survivor+1","Neutralize","Backflip","Quick Slash","A Thousand Cuts+1","Dodge and Roll","Masterful Stab","Dash","Escape Plan","Footwork","Backflip","Escape Plan+1","Doubt","Acrobatics"],"relics":["Ring of the Snake","War Paint","Girya","Pantograph","Anchor"],"potions_floor_usage":[10,16],"damage_taken":[{"damage":0,"enemies":"Jaw Worm","floor":1,"turns":4},{"damage":0,"enemies":"Cultist","floor":2,"turns":5},{"damage":0,"enemies":"2 Louse","floor":4,"turns":3},{"damage":0,"enemies":"Exordium Wildlife","floor":5,"turns":6},{"damage":16,"enemies":"3 Sentries","floor":6,"turns":8},{"damage":29,"enemies":"Lagavulin","floor":10,"turns":7},{"damage":0,"enemies":"3 Louse","floor":11,"turns":3},{"damage":0,"enemies":"2 Fungi Beasts","floor":14,"turns":2},{"damage":57,"enemies":"Hexaghost","floor":16,"turns":16}],"seed_played":"-8133052607958358536","potions_obtained":[{"floor":2,"key":"GamblersBrew"},{"floor":5,"key":"Poison Potion"},{"floor":14,"key":"SteroidPotion"}],"is_trial":false,"path_per_floor":["M","M","?","M","M","E","R","$","T","E","M","?","?","M","R","B"],"character_chosen":"THE_SILENT","items_purchased":["Escape Plan","Footwork"],"campfire_rested":1,"item_purchase_floors":[8,8],"current_hp_per_floor":[70,70,70,70,70,54,54,54,54,25,25,11,11,11,32,0],"gold":380,"neow_bonus":"RANDOM_COMMON_RELIC","is_prod":false,"is_daily":false,"chose_seed":false,"campfire_upgraded":1,"win_rate":0,"timestamp":1549823575,"path_taken":["M","M","?","M","?","E","R","$","T","E","M","?","?","M","R","BOSS"],"build_version":"2019-01-23","purchased_purges":0,"victory":false,"max_hp_per_floor":[70,70,70,70,70,70,70,70,70,70,70,70,70,70,70,70],"card_choices":[{"not_picked":["Sucker Punch","Outmaneuver"],"picked":"Backflip","floor":1},{"not_picked":["Masterful Stab","Bane"],"picked":"Quick Slash","floor":2},{"not_picked":["PiercingWail","Bane"],"picked":"Dodge and Roll","floor":4},{"not_picked":["Eviscerate","Outmaneuver"],"picked":"Masterful Stab","floor":5},{"not_picked":["Sucker Punch","PiercingWail"],"picked":"Dash","floor":6},{"not_picked":["Expertise","Glass Knife"],"picked":"Backflip","floor":10},{"not_picked":["Deflect","Quick Slash"],"picked":"Escape Plan","floor":11},{"not_picked":["Dagger Throw","Bane"],"picked":"Acrobatics","floor":14}],"player_experience":145319,"relics_obtained":[{"floor":6,"key":"Girya"},{"floor":9,"key":"Pantograph"},{"floor":10,"key":"Anchor"}],"event_choices":[{"damage_healed":0,"gold_gain":0,"cards_transformed":["Strike_G"],"player_choice":"Transformed","damage_taken":0,"max_hp_gain":0,"max_hp_loss":0,"event_name":"Transmorgrifier","floor":3,"gold_loss":0,"cards_obtained":["A Thousand Cuts"]},{"damage_healed":0,"gold_gain":0,"player_choice":"Entered Light","damage_taken":14,"max_hp_gain":0,"max_hp_loss":0,"event_name":"Shining Light","floor":12,"gold_loss":0,"cards_upgraded":["Defend_G","Escape Plan"]},{"damage_healed":0,"gold_gain":175,"player_choice":"AGREE","damage_taken":0,"max_hp_gain":0,"max_hp_loss":0,"event_name":"Liars Game","floor":13,"gold_loss":0,"cards_obtained":["Doubt"]}],"is_beta":false,"boss_relics":[],"items_purged_floors":[],"is_endless":false,"potions_floor_spawned":[2,5,14],"killed_by":"Hexaghost","ascension_level":3}