{"gold_per_floor":[319,335,354,366,380,380,405,405,405,437,455,468,468,482,482,559,559,578,27,47,47,47,47,62,62,62,62,77,95,95,109,109,186,186,199,199,9,59,78,78,110,110,160,188,63,0,300,300],"floor_reached":48,"playtime":3513,"items_purged":["Endless Agony","Strike_G","Strike_G"],"score":1129,"play_id":"f20a7fe1-816f-4f76-a199-648be1e4db4c","local_time":"20181228005632","is_ascension_mode":true,"campfire_choices":[{"data":"Crippling Poison","floor":6,"key":"SMITH"},{"data":"Noxious Fumes","floor":8,"key":"SMITH"},{"floor":13,"key":"REST"},{"floor":15,"key":"REST"},{"data":"Acrobatics","floor":23,"key":"SMITH"},{"floor":25,"key":"REST"},{"data":"Footwork","floor":27,"key":"SMITH"},{"data":"Dash","floor":30,"key":"SMITH"},{"floor":32,"key":"REST"},{"data":"Leg Sweep","floor":40,"key":"SMITH"},{"floor":42,"key":"REST"}],"neow_cost":"NO_GOLD","seed_source_timestamp":914219159814472,"circlet_count":0,"master_deck":["AscendersBane","Defend_G","Defend_G","Defend_G","Defend_G","Defend_G","Strike_G","Strike_G","Survivor","Neutralize","Crippling Poison+1","Flying Knee","Poisoned Stab","Noxious Fumes+1","Deadly Poison","After Image","Footwork+1","Acrobatics+1","Riddle With Holes","Dodge and Roll","Quick Slash+1","After Image","Envenom","PiercingWail","Dash+1","Leg Sweep+1","Corpse Explosion","Predator","Sucker Punch+1","Footwork+1"],"relics":["Ring of the Snake","Old Coin","Bottled Lightning","Dodecahedron","Bottled Tornado","Snecko Eye","Anchor","WingedGreaves","Busted Crown","Bronze Scales","Juzu Bracelet","Du-Vu Doll","Red Mask"],"potions_floor_usage":[7,10,10,16,44,44],"damage_taken":[{"damage":9,"enemies":"Cultist","floor":1,"turns":6},{"damage":3,"enemies":"2 Louse","floor":2,"turns":3},{"damage":0,"enemies":"Jaw Worm","floor":3,"turns":5},{"damage":1,"enemies":"Exordium Wildlife","floor":4,"turns":4},{"damage":6,"enemies":"Red Slaver","floor":5,"turns":5},{"damage":7,"enemies":"3 Sentries","floor":7,"turns":6},{"damage":15,"enemies":"Gremlin Nob","floor":10,"turns":5},{"damage":1,"enemies":"Large Slime","floor":11,"turns":4},{"damage":6,"enemies":"Looter","floor":12,"turns":3},{"damage":3,"enemies":"Red Slaver","floor":14,"turns":3},{"damage":0,"enemies":"Slime Boss","floor":16,"turns":6},{"damage":9,"enemies":"3 Byrds","floor":18,"turns":4},{"damage":23,"enemies":"2 Thieves","floor":20,"turns":4},{"damage":6,"enemies":"Chosen and Byrds","floor":24,"turns":4},{"damage":0,"enemies":"Centurion and Healer","floor":28,"turns":6},{"damage":12,"enemies":"Snake Plant","floor":29,"turns":6},{"damage":9,"enemies":"Snecko","floor":31,"turns":5},{"damage":18,"enemies":"Automaton","floor":33,"turns":12},{"damage":0,"enemies":"3 Shapes","floor":35,"turns":3},{"damage":0,"enemies":"3 Darklings","floor":39,"turns":2},{"damage":17,"enemies":"Nemesis","floor":41,"turns":9},{"damage":43,"enemies":"Reptomancer","floor":44,"turns":10},{"damage":25,"enemies":"Spire Growth","floor":48,"turns":4}],"seed_played":"6873715245586513336","potions_obtained":[{"floor":2,"key":"SkillPotion"},{"floor":3,"key":"SpeedPotion"},{"floor":7,"key":"Block Potion"},{"floor":11,"key":"SkillPotion"},{"floor":12,"key":"Explosive Potion"},{"floor":14,"key":"SteroidPotion"},{"floor":16,"key":"SteroidPotion"},{"floor":31,"key":"FairyPotion"},{"floor":41,"key":"Dexterity Potion"}],"is_trial":false,"path_per_floor":["M","M","M","M","M","R","E","R","T","E","M","M","R","M","R","B",null,"M","$","M","$","?","R","M","R","T","R","M","M","R","M","R","B",null,"M","?","$","?","M","R","E","R","T","E","$","?","?","M"],"character_chosen":"THE_SILENT","items_purchased":["Footwork","Acrobatics","Anchor","GhostInAJar","Riddle With Holes","Dodge and Roll","Predator"],"campfire_rested":5,"item_purchase_floors":[19,19,19,19,19,19,37],"current_hp_per_floor":[50,47,47,46,40,40,33,33,33,18,17,11,30,27,46,46,61,52,52,29,29,29,29,23,42,42,42,42,30,30,21,40,22,55,55,55,55,55,55,55,38,57,57,14,14,14,14,0],"gold":300,"neow_bonus":"ONE_RARE_RELIC","is_prod":false,"is_daily":false,"chose_seed":false,"campfire_upgraded":6,"win_rate":0,"timestamp":1545987392,"path_taken":["M","M","M","M","M","R","E","R","T","E","?","M","R","?","R","BOSS","M","$","M","$","?","R","M","R","T","R","M","M","R","M","R","BOSS","M","?","$","?","?","R","E","R","T","E","$","?","?","M"],"build_version":"2018-12-20","purchased_purges":3,"victory":false,"max_hp_per_floor":[66,66,66,66,66,66,66,66,66,66,66,66,66,66,66,66,66,66,66,66,66,66,66,66,66,66,66,66,66,66,66,66,66,66,66,66,66,66,66,66,66,66,66,66,66,66,66,66],"card_choices":[{"not_picked":["Slice","PiercingWail"],"picked":"Crippling Poison","floor":1},{"not_picked":["Finisher","Bane"],"picked":"Flying Knee","floor":2},{"not_picked":["Prepared","PiercingWail","Tactician"],"picked":"SKIP","floor":3},{"not_picked":["Sucker Punch","Prepared"],"picked":"Poisoned Stab","floor":4},{"not_picked":["Dodge and Roll","Finisher"],"picked":"Endless Agony","floor":5},{"not_picked":["Slice","Cloak And Dagger"],"picked":"Noxious Fumes","floor":7},{"not_picked":["Quick Slash","Acrobatics"],"picked":"Glass Knife","floor":10},{"not_picked":["Poisoned Stab","Dagger Throw"],"picked":"Deadly Poison","floor":11},{"not_picked":["Cloak And Dagger","Deflect","Poisoned Stab"],"picked":"SKIP","floor":12},{"not_picked":["Noxious Fumes","Malaise"],"picked":"Masterful Stab","floor":14},{"not_picked":["Tools of the Trade","Envenom"],"picked":"After Image","floor":16},{"not_picked":["Quick Slash","Endless Agony","Sucker Punch"],"picked":"SKIP","floor":18},{"not_picked":["Reflex","Slice"],"picked":"Quick Slash+1","floor":20},{"not_picked":["Bane","Expertise"],"picked":"PiercingWail","floor":24},{"not_picked":["Dodge and Roll","Underhanded Strike"],"picked":"Dash","floor":28},{"not_picked":["Poisoned Stab","Backstab","All Out Attack"],"picked":"SKIP","floor":29},{"not_picked":["Underhanded Strike","Dodge and Roll+1"],"picked":"Leg Sweep","floor":31},{"not_picked":["After Image","Doppelganger"],"picked":"Corpse Explosion","floor":33},{"not_picked":["Slice"],"picked":"SKIP","floor":35},{"not_picked":["Quick Slash"],"picked":"SKIP","floor":39},{"not_picked":[],"picked":"Sucker Punch+1","floor":41},{"not_picked":[],"picked":"Footwork+1","floor":44}],"player_experience":243784,"relics_obtained":[{"floor":7,"key":"Bottled Lightning"},{"floor":9,"key":"Dodecahedron"},{"floor":10,"key":"Bottled Tornado"},{"floor":26,"key":"WingedGreaves"},{"floor":41,"key":"Bronze Scales"},{"floor":43,"key":"Juzu Bracelet"},{"floor":44,"key":"Du-Vu Doll"}],"event_choices":[{"damage_healed":0,"gold_gain":0,"cards_transformed":["Masterful Stab","Strike_G"],"player_choice":"Became Test Subject","damage_taken":0,"max_hp_gain":0,"max_hp_loss":0,"event_name":"Drug Dealer","floor":22,"gold_loss":0,"cards_obtained":["After Image","Envenom"]},{"cards_removed":["Glass Knife"],"damage_healed":0,"gold_gain":0,"player_choice":"Removed Attack","damage_taken":0,"max_hp_gain":0,"max_hp_loss":0,"event_name":"Falling","floor":36,"gold_loss":0},{"damage_healed":0,"gold_gain":50,"player_choice":"Pray","damage_taken":0,"max_hp_gain":0,"max_hp_loss":0,"event_name":"Golden Shrine","floor":38,"gold_loss":0},{"damage_healed":0,"gold_gain":0,"player_choice":"Paid","damage_taken":0,"relics_obtained":["Red Mask"],"max_hp_gain":0,"max_hp_loss":0,"event_name":"Tomb of Lord Red Mask","floor":46,"gold_loss":63},{"damage_healed":0,"gold_gain":300,"player_choice":"Gold","damage_taken":0,"max_hp_gain":0,"max_hp_loss":0,"event_name":"Wheel of Change","floor":47,"gold_loss":0}],"is_beta":false,"boss_relics":[{"not_picked":["White Beast Statue","Empty Cage"],"picked":"Snecko Eye"},{"not_picked":["Tiny House","Eternal Feather"],"picked":"Busted Crown"}],"items_purged_floors":[19,37,45],"is_endless":false,"potions_floor_spawned":[2,3,7,11,12,14,16,20,29,31,41],"killed_by":"Spire Growth","ascension_level":20}