{"gold_per_floor":[212,232,249,249,266,266,297,297,297,317,317,335,349,349,349,451,451,461,461],"floor_reached":19,"playtime":517,"items_purged":[],"score":171,"play_id":"8b6ce5c7-d407-447b-aa9e-e20021b7f6de","local_time":"20181124141603","is_ascension_mode":false,"campfire_choices":[{"data":"Dualcast","floor":6.0,"key":"SMITH"},{"data":"Sunder","floor":8.0,"key":"SMITH"},{"data":"Beam Cell","floor":15,"key":"SMITH"}],"neow_cost":"NONE","seed_source_timestamp":582187553592720,"circlet_count":0,"master_deck":["Strike_B","Strike_B","Strike_B","Strike_B","Defend_B","Defend_B","Defend_B","Defend_B","Zap","Dualcast+1","Go for the Eyes","Cold Snap","Chaos","Sunder+1","Beam Cell+1","Coolheaded"],"special_seed":0,"relics":["FrozenCore","Happy Flower","Smiling Mask","The Courier"],"potions_floor_usage":[],"damage_taken":[{"damage":1.0,"enemies":"Cultist","floor":1.0,"turns":3.0},{"damage":0.0,"enemies":"Jaw Worm","floor":2.0,"turns":3.0},{"damage":0.0,"enemies":"Small Slimes","floor":3.0,"turns":4.0},{"damage":12.0,"enemies":"Exordium Wildlife","floor":5.0,"turns":3.0},{"damage":20.0,"enemies":"Gremlin Nob","floor":7.0,"turns":5.0},{"damage":4.0,"enemies":"Red Slaver","floor":10.0,"turns":3.0},{"damage":5,"enemies":"Exordium Thugs","floor":12,"turns":3},{"damage":0,"enemies":"Looter","floor":13,"turns":3},{"damage":7,"enemies":"Slime Boss","floor":16,"turns":7},{"damage":4,"enemies":"Spheric Guardian","floor":18,"turns":4}],"seed_played":"-2606901852745223201","potions_obtained":[{"floor":2.0,"key":"Fire Potion"},{"floor":7.0,"key":"Ancient Potion"},{"floor":12,"key":"Swift Potion"},{"floor":16,"key":"Poison Potion"}],"is_trial":false,"path_per_floor":["M","M","M","$","M","R","E","R","T","M","?","M","M","$","R","B",null,"M","$"],"character_chosen":"DEFECT","items_purchased":[],"campfire_rested":0,"item_purchase_floors":[],"current_hp_per_floor":[74,74,74,74,62,62,42,42,42,38,38,33,33,33,33,26,75,71,71],"gold":461,"neow_bonus":"HUNDRED_GOLD","is_prod":false,"is_daily":false,"chose_seed":false,"campfire_upgraded":3,"win_rate":0,"timestamp":1543068963,"path_taken":["M","M","M","$","M","R","E","R","T","M","?","M","?","$","R","BOSS","M","$"],"build_version":"2018-11-15","purchased_purges":0,"victory":false,"max_hp_per_floor":[75,75,75,75,75,75,75,75,75,75,75,75,75,75,75,75,75,75,75],"card_choices":[{"not_picked":["Barrage","Turbo"],"picked":"Go for the Eyes","floor":1.0},{"not_picked":["FTL","Barrage"],"picked":"Cold Snap","floor":2.0},{"not_picked":["Force Field","Gash"],"picked":"Chaos","floor":3.0},{"not_picked":["Stack","Streamline","Compile Driver"],"picked":"SKIP","floor":5.0},{"not_picked":["Hologram","Redo"],"picked":"Sunder","floor":7.0},{"not_picked":["Sweeping Beam","Meteor Strike"],"picked":"Beam Cell","floor":10.0},{"not_picked":["Cold Snap","Rebound","Sweeping Beam"],"picked":"SKIP","floor":12},{"not_picked":["Reprogram","Streamline","Rebound"],"picked":"SKIP","floor":13},{"not_picked":["Hello World","Redo"],"picked":"Coolheaded","floor":18}],"player_experience":818435,"relics_obtained":[{"floor":7.0,"key":"Happy Flower"},{"floor":9.0,"key":"Smiling Mask"}],"event_choices":[{"damage_healed":0.0,"max_hp_gain":0.0,"max_hp_loss":0.0,"gold_gain":0.0,"event_name":"WeMeetAgain","player_choice":"Gave Potion","floor":11.0,"gold_loss":0.0,"damage_taken":0.0,"relics_obtained":["The Courier"]}],"is_beta":false,"boss_relics":[{"not_picked":["Black Star","White Beast Statue"],"picked":"FrozenCore"}],"items_purged_floors":[],"is_endless":false,"potions_floor_spawned":[2,7,12,16],"ascension_level":0}