{"gold_per_floor":[114,114,177,1,13,13,32,32,58,73,1,17,30,62,62,160,160,170,170,190,114,131,131,146,146,146,146,178,178,196,196,196,300,300,318,418,418,418,435,435,285,312,312,312,338,358,358,376,376,376],"floor_reached":51,"playtime":2263,"items_purged":["Madness"],"score":725,"play_id":"7a2a2819-bea4-4ba3-8311-d674314fb65b","local_time":"20190125204655","is_ascension_mode":false,"campfire_choices":[{"data":"Dualcast","floor":6.0,"key":"SMITH"},{"data":"Beam Cell","floor":8.0,"key":"SMITH"},{"data":"Zap","floor":15.0,"key":"SMITH"},{"data":"Echo Form","floor":23.0,"key":"SMITH"},{"data":"Capacitor","floor":25.0,"key":"SMITH"},{"data":"Ball Lightning","floor":29.0,"key":"SMITH"},{"data":"Capacitor","floor":32.0,"key":"SMITH"},{"data":"Rainbow","floor":40.0,"key":"SMITH"},{"floor":47,"key":"REST"},{"floor":49,"key":"REST"}],"neow_cost":"NONE","seed_source_timestamp":2766937606128729,"circlet_count":0,"master_deck":["Strike_B+1","Strike_B+1","Defend_B+1","Defend_B+1","Zap+1","Dualcast+1","Sunder+1","Coolheaded","Conserve Battery","Beam Cell+1","Capacitor+1","Chill","Glacier+1","Echo Form+1","Go for the Eyes+1","Capacitor+1","Ball Lightning+1","Conserve Battery+1","Ball Lightning+1","Rainbow+1","Redo+1","Echo Form+1","Conserve Battery+1","Madness","Cold Snap+1","Undo","Force Field+1","BootSequence+1"],"special_seed":0,"relics":["Cracked Core","DataDisk","Regal Pillow","Anchor","Cursed Key","Strawberry","Astrolabe","Du-Vu Doll","Bronze Scales","Peace Pipe"],"potions_floor_usage":[45,50],"damage_taken":[{"damage":0.0,"enemies":"Cultist","floor":1.0,"turns":2.0},{"damage":0.0,"enemies":"2 Louse","floor":5.0,"turns":1.0},{"damage":4.0,"enemies":"Small Slimes","floor":7.0,"turns":2.0},{"damage":0.0,"enemies":"Looter","floor":10.0,"turns":3.0},{"damage":0.0,"enemies":"Large Slime","floor":12.0,"turns":3.0},{"damage":0.0,"enemies":"2 Fungi Beasts","floor":13.0,"turns":2.0},{"damage":1.0,"enemies":"Lagavulin","floor":14.0,"turns":6.0},{"damage":13.0,"enemies":"Slime Boss","floor":16.0,"turns":11.0},{"damage":9.0,"enemies":"2 Thieves","floor":18.0,"turns":3.0},{"damage":0.0,"enemies":"Shell Parasite","floor":20.0,"turns":4.0},{"damage":3.0,"enemies":"Centurion and Healer","floor":22.0,"turns":5.0},{"damage":7.0,"enemies":"3 Cultists","floor":24.0,"turns":4.0},{"damage":12.0,"enemies":"Slavers","floor":28.0,"turns":4.0},{"damage":3.0,"enemies":"Sentry and Sphere","floor":30.0,"turns":3.0},{"damage":24.0,"enemies":"Collector","floor":33.0,"turns":13.0},{"damage":0.0,"enemies":"Orb Walker","floor":35.0,"turns":3.0},{"damage":5.0,"enemies":"Mind Bloom Boss Battle","floor":36.0,"turns":6.0},{"damage":9.0,"enemies":"3 Darklings","floor":39.0,"turns":7.0},{"damage":17.0,"enemies":"Nemesis","floor":42.0,"turns":9.0},{"damage":22,"enemies":"Giant Head","floor":45,"turns":9},{"damage":3,"enemies":"Spire Growth","floor":46,"turns":7},{"damage":8,"enemies":"Maw","floor":48,"turns":7},{"damage":15,"enemies":"Time Eater","floor":50,"turns":12}],"seed_played":"-7651322742302805936","potions_obtained":[{"floor":5.0,"key":"Energy Potion"},{"floor":10.0,"key":"AttackPotion"},{"floor":13.0,"key":"Weak Potion"},{"floor":30.0,"key":"SteroidPotion"},{"floor":33.0,"key":"AttackPotion"},{"floor":46,"key":"Block Potion"}],"is_trial":false,"path_per_floor":["M","?","?","$","M","R","M","R","T","M","$","M","M","E","R","B",null,"M","?","M","$","M","R","M","R","T","?","E","R","M","$","R","B",null,"M","?","?","?","M","R","$","E","T","?","E","M","R","M","R","B",null],"character_chosen":"DEFECT","items_purchased":["DataDisk","Coolheaded","Capacitor","Capacitor","Undo"],"campfire_rested":2,"item_purchase_floors":[4,4,11,21,41],"current_hp_per_floor":[75,75,75,75,75,75,71,71,71,71,71,71,71,70,70,57,75,66,66,66,66,63,63,56,56,56,56,51,51,48,48,48,24,82,82,77,77,67,58,58,58,41,41,41,19,16,55,47,82,67],"gold":376,"neow_bonus":"TRANSFORM_CARD","is_prod":false,"is_daily":false,"chose_seed":false,"campfire_upgraded":8,"win_rate":0,"timestamp":1548449215,"path_taken":["M","?","?","$","M","R","M","R","T","M","$","M","M","E","R","BOSS","M","?","M","$","M","R","M","R","T","?","E","R","M","$","R","BOSS","M","?","?","?","M","R","$","E","T","?","E","M","R","M","R","BOSS"],"build_version":"2019-01-23","purchased_purges":1,"victory":true,"max_hp_per_floor":[75,75,75,75,75,75,75,75,75,75,75,75,75,75,75,75,75,75,75,75,75,75,75,75,75,75,75,82,82,82,82,82,82,82,82,82,82,82,82,82,82,82,82,82,82,82,82,82,82,82],"card_choices":[{"not_picked":["Gash","Rebound","Chaos"],"picked":"SKIP","floor":1.0},{"not_picked":["Blizzard","Barrage"],"picked":"Conserve Battery","floor":5.0},{"not_picked":["Gash","Self Repair"],"picked":"Beam Cell","floor":7.0},{"not_picked":["Sunder","Turbo","Recycle"],"picked":"SKIP","floor":10.0},{"not_picked":["Static Discharge","Fusion"],"picked":"Chill","floor":12.0},{"not_picked":["Consume","Aggregate"],"picked":"Glacier","floor":13.0},{"not_picked":["Static Discharge","Hello World","Double Energy"],"picked":"SKIP","floor":14.0},{"not_picked":["Meteor Strike","Machine Learning"],"picked":"Echo Form","floor":16.0},{"not_picked":["Cold Snap","Tempest+1"],"picked":"Go for the Eyes+1","floor":18.0},{"not_picked":["Compile Driver","White Noise","Redo+1"],"picked":"SKIP","floor":20.0},{"not_picked":["Fusion","Double Energy"],"picked":"Ball Lightning+1","floor":22.0},{"not_picked":["Compile Driver","Coolheaded"],"picked":"Conserve Battery+1","floor":24.0},{"not_picked":["Hologram","Compile Driver"],"picked":"Ball Lightning","floor":28.0},{"not_picked":["Redo","Barrage","Beam Cell"],"picked":"SKIP","floor":30.0},{"not_picked":["All For One","Creative AI"],"picked":"Rainbow","floor":33.0},{"not_picked":["Streamline+1","Go for the Eyes+1","Beam Cell+1"],"picked":"SKIP","floor":35.0},{"not_picked":["Ball Lightning","Hologram+1"],"picked":"Cold Snap+1","floor":39.0},{"not_picked":["Static Discharge+1","Reprogram","Stack"],"picked":"SKIP","floor":42.0},{"not_picked":["Streamline","Chaos"],"picked":"Force Field+1","floor":45},{"not_picked":["Leap+1","Hologram","Gash+1"],"picked":"SKIP","floor":46},{"not_picked":["Steam+1","Heatsinks+1"],"picked":"BootSequence+1","floor":48}],"player_experience":996250,"relics_obtained":[{"floor":9.0,"key":"Regal Pillow"},{"floor":14.0,"key":"Anchor"},{"floor":28.0,"key":"Strawberry"},{"floor":36.0,"key":"Du-Vu Doll"},{"floor":42.0,"key":"Bronze Scales"},{"floor":45,"key":"Peace Pipe"}],"event_choices":[{"damage_healed":0.0,"max_hp_gain":0.0,"max_hp_loss":0.0,"gold_gain":0.0,"event_name":"Living Wall","player_choice":"Grow","floor":2.0,"gold_loss":0.0,"damage_taken":0.0,"cards_upgraded":["Sunder"]},{"damage_healed":0.0,"max_hp_gain":0.0,"max_hp_loss":0.0,"gold_gain":63.0,"event_name":"Golden Wing","player_choice":"Gained Gold","floor":3.0,"gold_loss":0.0,"damage_taken":0.0},{"damage_healed":0.0,"max_hp_gain":0.0,"max_hp_loss":0.0,"gold_gain":0.0,"event_name":"Back to Basics","player_choice":"Simplicity","floor":19.0,"gold_loss":0.0,"damage_taken":0.0,"cards_upgraded":["Strike_B","Strike_B","Strike_B","Strike_B","Defend_B","Defend_B","Defend_B"]},{"damage_healed":0.0,"max_hp_gain":0.0,"max_hp_loss":0.0,"gold_gain":0.0,"event_name":"The Mausoleum","player_choice":"Ignored","floor":27.0,"gold_loss":0.0,"damage_taken":0.0},{"damage_healed":0.0,"max_hp_gain":0.0,"max_hp_loss":0.0,"gold_gain":0.0,"event_name":"MindBloom","player_choice":"Fight","floor":36.0,"gold_loss":0.0,"damage_taken":0.0},{"damage_healed":0.0,"max_hp_gain":0.0,"max_hp_loss":0.0,"gold_gain":0.0,"event_name":"SensoryStone","player_choice":"Memory 1","floor":37.0,"gold_loss":0.0,"damage_taken":0.0},{"damage_healed":0.0,"max_hp_gain":0.0,"max_hp_loss":0.0,"gold_gain":0.0,"event_name":"Winding Halls","player_choice":"Embrace Madness","floor":38.0,"gold_loss":0.0,"damage_taken":10.0,"cards_obtained":["Madness","Madness"]},{"damage_healed":0,"gold_gain":0,"player_choice":"Forge","damage_taken":0,"max_hp_gain":0,"max_hp_loss":0,"event_name":"Accursed Blacksmith","floor":44,"gold_loss":0,"cards_upgraded":["Glacier"]}],"is_beta":false,"boss_relics":[{"not_picked":["Coffee Dripper","Lizard Tail"],"picked":"Cursed Key"},{"not_picked":["Pandora\u0027s Box","Fusion Hammer"],"picked":"Astrolabe"}],"items_purged_floors":[41],"is_endless":false,"potions_floor_spawned":[5,10,13,16,22,24,30,33,39,42,46],"ascension_level":0}