{"gold_per_floor":[115,128,53,70,85,110,110,143,170,132,142,159,173,239,239,344,344,362,375,375,375,375,375,375],"floor_reached":24,"playtime":1114,"items_purged":["Defend_B"],"score":331,"play_id":"ff3c6f76-16e4-4a57-a059-ab0033510dd6","local_time":"20180714175234","is_ascension_mode":true,"campfire_choices":[{"floor":7,"key":"REST"},{"floor":15,"key":"REST"},{"floor":23,"key":"REST"}],"neow_cost":"NONE","seed_source_timestamp":22541812970987,"circlet_count":0,"master_deck":["Defend_B","Defend_B+1","Defend_B","Zap","Dualcast","Hyperbeam","Scrape","Sweeping Beam","Sunder","Go for the Eyes","Streamline","Leap+1","Conserve Battery","Darkness","Hyperbeam","Go for the Eyes","Gash","Streamline","Coolheaded","Turbo","Gash","Consume","Ghostly","Ghostly","Ghostly","Ghostly","Ghostly","Bite","Bite","Bite","Bite","Bite"],"relics":["Cracked Core","Juzu Bracelet","Ancient Tea Set","War Paint","Orrery","Nilry\u0027s Codex"],"potions_floor_usage":[6,12,16,16,19],"damage_taken":[{"damage":1,"enemies":"Cultist","floor":1,"turns":3},{"damage":3,"enemies":"Small Slimes","floor":2,"turns":2},{"damage":7,"enemies":"Jaw Worm","floor":4,"turns":2},{"damage":0,"enemies":"Large Slime","floor":5,"turns":4},{"damage":33,"enemies":"Lagavulin","floor":6,"turns":6},{"damage":31,"enemies":"Gremlin Nob","floor":8,"turns":4},{"damage":0,"enemies":"Looter","floor":11,"turns":3},{"damage":0,"enemies":"Blue Slaver","floor":12,"turns":3},{"damage":0,"enemies":"2 Fungi Beasts","floor":13,"turns":1},{"damage":12,"enemies":"Slime Boss","floor":16,"turns":8},{"damage":20,"enemies":"Spheric Guardian","floor":18,"turns":4},{"damage":19,"enemies":"3 Byrds","floor":19,"turns":5},{"damage":18,"enemies":"Slavers","floor":24,"turns":2}],"seed_played":"5396597417142546685","potions_obtained":[{"floor":1,"key":"Block Potion"},{"floor":6,"key":"Dexterity Potion"},{"floor":8,"key":"Fire Potion"},{"floor":12,"key":"Block Potion"},{"floor":16,"key":"SpeedPotion"},{"floor":18,"key":"AttackPotion"}],"is_trial":false,"path_per_floor":["M","M","$","M","M","E","R","E","T","?","M","M","M","?","R","B",null,"M","M","?","?","?","R"],"character_chosen":"DEFECT","items_purchased":[],"campfire_rested":3,"item_purchase_floors":[],"current_hp_per_floor":[67,64,64,57,57,24,46,15,15,15,15,15,15,15,37,25,63,43,24,24,8,8,15,0],"gold":375,"neow_bonus":"ONE_RANDOM_RARE_CARD","is_prod":false,"is_daily":false,"chose_seed":false,"campfire_upgraded":0,"win_rate":0,"timestamp":1531605154,"path_taken":["M","?","$","M","M","E","R","E","T","?","M","M","M","?","R","BOSS","M","M","?","?","?","R","E"],"build_version":"2018-07-12","purchased_purges":1,"victory":false,"max_hp_per_floor":[75,75,75,75,75,75,75,75,75,75,75,75,75,75,75,75,75,75,75,37,37,25,25,25],"card_choices":[{"not_picked":["Sweeping Beam","Cold Snap"],"picked":"Scrape","floor":1},{"not_picked":["Stack","Beam Cell"],"picked":"Sweeping Beam","floor":2},{"not_picked":["Beam Cell","Streamline"],"picked":"Sunder","floor":4},{"not_picked":["Double Energy","Static Discharge"],"picked":"Go for the Eyes","floor":5},{"not_picked":["Sweeping Beam","Skim"],"picked":"Streamline","floor":6},{"not_picked":["Ball Lightning","FTL"],"picked":"Leap","floor":8},{"not_picked":["Seek","Stack"],"picked":"Conserve Battery","floor":11},{"not_picked":["Stack","Turbo"],"picked":"Darkness","floor":12},{"not_picked":["Cold Snap","Coolheaded","Streamline"],"picked":"SKIP","floor":13},{"not_picked":["Echo Form","Multi-Cast"],"picked":"Hyperbeam","floor":16},{"not_picked":["Conserve Battery","Stack"],"picked":"Go for the Eyes","floor":17},{"not_picked":["FTL","Static Discharge"],"picked":"Gash","floor":17},{"not_picked":["Rip and Tear","Hello World"],"picked":"Streamline","floor":17},{"not_picked":["Storm","Force Field"],"picked":"Coolheaded","floor":17},{"not_picked":["Rebound","Reprogram"],"picked":"Turbo","floor":17},{"not_picked":["Recycle","Beam Cell"],"picked":"Gash","floor":18},{"not_picked":["Reboot","Rebound"],"picked":"Consume","floor":19}],"player_experience":372169,"relics_obtained":[{"floor":6,"key":"Juzu Bracelet"},{"floor":8,"key":"Ancient Tea Set"},{"floor":9,"key":"War Paint"},{"floor":21,"key":"Nilry\u0027s Codex"}],"event_choices":[{"event_name":"World of Goop","player_choice":"Left","floor":10,"damage_taken":0},{"event_name":"Golden Wing","player_choice":"Gained Gold","floor":14,"damage_taken":0},{"event_name":"Ghosts","player_choice":"Became a Ghost","floor":20,"damage_taken":0},{"event_name":"Cursed Tome","player_choice":"Obtained Book","floor":21,"damage_taken":0},{"event_name":"Vampires","player_choice":"Became a vampire","floor":22,"damage_taken":0}],"boss_relics":[{"not_picked":["Ectoplasm","Cursed Key"],"picked":"Orrery"}],"items_purged_floors":[3],"is_endless":false,"potions_floor_spawned":[1,6,8,12,16,18],"killed_by":"Slavers","ascension_level":7}