{"gold_per_floor":[109,120,131,148,21,21,21,21,21,34,52,63,63,63,63,136,136,147,166,176,176,176,176,193,213,213,213,213,213,224,238,238,314,314,327,341,351,351,365,365,60,79,79,79,79,79,91,108,108,108],"floor_reached":50,"playtime":15474,"items_purged":["Shame","Strike_R"],"score":959,"play_id":"69e5f20e-0fc7-486c-8cc3-684dabdc8559","local_time":"20180915000210","is_ascension_mode":true,"campfire_choices":[{"data":"Infernal Blade","floor":6,"key":"SMITH"},{"data":"Cleave","floor":8,"key":"SMITH"},{"data":"Shockwave","floor":13,"key":"SMITH"},{"floor":15,"key":"REST"},{"data":"Feed","floor":23,"key":"SMITH"},{"data":"Spot Weakness","floor":27,"key":"SMITH"},{"floor":32,"key":"REST"},{"data":"Demon Form","floor":40,"key":"SMITH"},{"data":"Armaments","floor":44,"key":"SMITH"},{"data":"Heavy Blade","floor":46,"key":"SMITH"},{"floor":49,"key":"REST"}],"neow_cost":"CURSE","seed_source_timestamp":521872968787888,"circlet_count":0,"master_deck":["Strike_R","Strike_R","Defend_R","Defend_R","Defend_R","Defend_R","Bash","AscendersBane","Reaper","Havoc+1","Intimidate","Infernal Blade+1","Warcry","Cleave+1","Shockwave+1","Flame Barrier","Iron Wave","Feed+1","Feel No Pain","Spot Weakness+1","Clothesline","Demon Form+1","Fiend Fire","Heavy Blade+1","Warcry+1","Spot Weakness+1","Battle Trance+1","Uppercut","Armaments+1","Headbutt","Thunderclap","Carnage"],"relics":["Burning Blood","Oddly Smooth Stone","Snecko Eye","Art of War","CultistMask","Cursed Key"],"potions_floor_usage":[16,19,30,31,33,50,50],"damage_taken":[{"damage":6,"enemies":"Cultist","floor":1,"turns":3},{"damage":16,"enemies":"Jaw Worm","floor":2,"turns":4},{"damage":16,"enemies":"Small Slimes","floor":3,"turns":4},{"damage":4,"enemies":"Looter","floor":4,"turns":4},{"damage":8,"enemies":"Red Slaver","floor":10,"turns":2},{"damage":22,"enemies":"Large Slime","floor":11,"turns":7},{"damage":3,"enemies":"2 Fungi Beasts","floor":12,"turns":4},{"damage":53,"enemies":"The Guardian","floor":16,"turns":17},{"damage":12,"enemies":"Chosen","floor":18,"turns":6},{"damage":21,"enemies":"2 Thieves","floor":19,"turns":4},{"damage":0,"enemies":"Snecko","floor":20,"turns":7},{"damage":14,"enemies":"Centurion and Healer","floor":24,"turns":6},{"damage":33,"enemies":"Shelled Parasite and Fungi","floor":25,"turns":6},{"damage":2,"enemies":"3 Cultists","floor":30,"turns":4},{"damage":46,"enemies":"Cultist and Chosen","floor":31,"turns":7},{"damage":51,"enemies":"Collector","floor":33,"turns":10},{"damage":4,"enemies":"3 Shapes","floor":35,"turns":10},{"damage":6,"enemies":"Orb Walker","floor":36,"turns":4},{"damage":46,"enemies":"Transient","floor":37,"turns":6},{"damage":50,"enemies":"Reptomancer","floor":39,"turns":4},{"damage":10,"enemies":"3 Darklings","floor":42,"turns":4},{"damage":10,"enemies":"4 Shapes","floor":47,"turns":4},{"damage":65,"enemies":"Maw","floor":48,"turns":9},{"damage":90,"enemies":"Awakened One","floor":50,"turns":8}],"seed_played":"-5115766964638991086","potions_obtained":[{"floor":2,"key":"Regen Potion"},{"floor":10,"key":"SpeedPotion"},{"floor":11,"key":"SteroidPotion"},{"floor":16,"key":"Swift Potion"},{"floor":19,"key":"Strength Potion"},{"floor":31,"key":"PowerPotion"},{"floor":37,"key":"EssenceOfSteel"},{"floor":39,"key":"Weak Potion"}],"is_trial":false,"path_per_floor":["M","M","M","M","$","R","?","R","T","M","M","M","R","$","R","B",null,"M","M","M","$","$","R","M","M","T","R","?","?","M","M","R","B",null,"M","M","M","?","M","R","$","M","T","R","?","R","M","M","R"],"character_chosen":"IRONCLAD","items_purchased":["Cleave","PowerPotion","Uppercut","Armaments"],"campfire_rested":3,"item_purchase_floors":[5,41,41,41],"current_hp_per_floor":[68,62,52,54,54,54,54,54,54,52,42,51,51,51,73,32,64,61,52,67,67,67,67,73,50,50,50,23,23,55,29,59,49,88,105,105,83,83,73,73,73,105,105,105,105,105,109,50,82,0],"gold":108,"neow_bonus":"THREE_RARE_CARDS","is_prod":false,"is_daily":false,"chose_seed":false,"campfire_upgraded":8,"win_rate":0,"timestamp":1536984130,"path_taken":["M","?","M","M","$","R","?","R","T","M","M","M","R","$","R","BOSS","M","M","M","?","$","R","?","M","T","R","?","?","?","M","R","BOSS","M","M","M","?","M","R","$","M","T","R","?","R","M","M","R","BOSS"],"build_version":"2018-09-06","purchased_purges":2,"victory":false,"max_hp_per_floor":[75,75,75,75,75,75,75,75,75,75,75,75,75,75,75,75,75,78,81,84,84,84,84,88,92,92,92,97,97,101,101,101,101,101,105,105,105,105,105,105,105,105,105,105,105,105,109,109,109,109],"card_choices":[{"not_picked":["Barricade","Dark Embrace"],"picked":"Reaper","floor":0},{"not_picked":["Twin Strike","Heavy Blade"],"picked":"Havoc","floor":1},{"not_picked":["Twin Strike","Pummel"],"picked":"Intimidate","floor":2},{"not_picked":["Thunderclap","Headbutt"],"picked":"Infernal Blade","floor":3},{"not_picked":["Havoc","Power Through"],"picked":"Warcry","floor":4},{"not_picked":["Sword Boomerang","Armaments"],"picked":"Shockwave","floor":10},{"not_picked":["Disarm","Second Wind"],"picked":"Flame Barrier","floor":11},{"not_picked":["Warcry","Body Slam"],"picked":"Iron Wave","floor":12},{"not_picked":["Impervious","Offering"],"picked":"Feed","floor":16},{"not_picked":["Thunderclap","Havoc","Flex"],"picked":"SKIP","floor":18},{"not_picked":["Corruption","Searing Blow"],"picked":"Feel No Pain","floor":19},{"not_picked":["Inflame","Sword Boomerang"],"picked":"Spot Weakness","floor":20},{"not_picked":["Body Slam","Havoc"],"picked":"Clothesline","floor":24},{"not_picked":["Iron Wave","Hemokinesis","Cleave"],"picked":"SKIP","floor":25},{"not_picked":["Clash","Warcry","Second Wind"],"picked":"SKIP","floor":30},{"not_picked":["Sentinel","Evolve"],"picked":"Demon Form","floor":31},{"not_picked":["Immolate","Brutality"],"picked":"Fiend Fire","floor":33},{"not_picked":["Sever Soul","Clothesline"],"picked":"Heavy Blade","floor":35},{"not_picked":["Rage","Havoc"],"picked":"Warcry+1","floor":36},{"not_picked":["Body Slam","Sever Soul"],"picked":"Spot Weakness+1","floor":37},{"not_picked":["Thunderclap+1","Barricade"],"picked":"Battle Trance+1","floor":39},{"not_picked":["Twin Strike","Shrug It Off"],"picked":"Headbutt","floor":42},{"not_picked":["Headbutt","Clash"],"picked":"Carnage","floor":47},{"not_picked":["Rupture","Cleave","Rage+1"],"picked":"SKIP","floor":48}],"player_experience":2734861,"relics_obtained":[{"floor":9,"key":"Oddly Smooth Stone"},{"floor":26,"key":"Art of War"}],"event_choices":[{"event_name":"Living Wall","player_choice":"Grow","floor":7,"damage_taken":0},{"event_name":"Forgotten Altar","player_choice":"Shed Blood","floor":28,"damage_taken":0},{"event_name":"FaceTrader","player_choice":"Trade","floor":29,"damage_taken":0},{"event_name":"Purifier","player_choice":"One Purge","floor":38,"damage_taken":0},{"event_name":"Transmorgrifier","player_choice":"Transform","floor":45,"damage_taken":0}],"is_beta":false,"boss_relics":[{"not_picked":["Empty Cage","Tiny House"],"picked":"Snecko Eye"},{"not_picked":["Runic Dome","Eternal Feather"],"picked":"Cursed Key"}],"items_purged_floors":[5,41],"is_endless":false,"potions_floor_spawned":[2,10,11,16,19,24,25,31,37,39,42],"killed_by":"Awakened One","ascension_level":20}