{"gold_per_floor":[113,123,47,65,84,112,129,143,193,205,217,229],"floor_reached":12,"playtime":647,"items_purged":[],"score":148,"play_id":"39e7b76a-c696-4bd2-a6de-c981984375bf","local_time":"20190119173811","is_ascension_mode":true,"campfire_choices":[{"floor":11,"key":"REST"}],"neow_cost":"NONE","seed_source_timestamp":844293469529400,"circlet_count":0,"master_deck":["AscendersBane","Strike_B","Strike_B","Strike_B","Strike_B","Defend_B","Defend_B","Defend_B","Defend_B","Zap","Dualcast","Chill","Coolheaded","Glacier","Loop","Echo Form","Coolheaded","Heatsinks","Electrodynamics","Echo Form","Zap"],"relics":["Cracked Core","Bag of Marbles","Matryoshka","MawBank","DataDisk"],"potions_floor_usage":[5,5,12],"damage_taken":[{"damage":10,"enemies":"Cultist","floor":1,"turns":4},{"damage":8,"enemies":"2 Louse","floor":2,"turns":2},{"damage":3,"enemies":"Jaw Worm","floor":4,"turns":4},{"damage":36,"enemies":"Exordium Thugs","floor":5,"turns":9},{"damage":2,"enemies":"Lagavulin","floor":6,"turns":10},{"damage":12,"enemies":"Looter","floor":7,"turns":5},{"damage":4,"enemies":"2 Fungi Beasts","floor":8,"turns":7},{"damage":31,"enemies":"Gremlin Nob","floor":12,"turns":3}],"seed_played":"7322001833114815862","potions_obtained":[{"floor":1,"key":"Regen Potion"},{"floor":4,"key":"Fruit Juice"},{"floor":7,"key":"Energy Potion"},{"floor":8,"key":"SpeedPotion"}],"is_trial":false,"path_per_floor":["M","M","$","M","M","E","M","M","T","?","R","E"],"character_chosen":"DEFECT","items_purchased":["Glacier"],"campfire_rested":1,"item_purchase_floors":[3],"current_hp_per_floor":[54,46,46,43,27,25,13,9,9,9,31,0],"gold":229,"neow_bonus":"RANDOM_COMMON_RELIC","is_prod":false,"is_daily":false,"chose_seed":false,"campfire_upgraded":0,"win_rate":0,"timestamp":1547948291,"path_taken":["M","?","?","M","M","E","M","M","T","?","R","E"],"build_version":"2019-01-17v2","purchased_purges":0,"victory":false,"max_hp_per_floor":[71,71,71,71,76,76,76,76,76,76,76,76],"card_choices":[{"not_picked":["Static Discharge","Turbo"],"picked":"Chill","floor":1},{"not_picked":["Capacitor","Compile Driver"],"picked":"Coolheaded","floor":2},{"not_picked":["Storm","Leap"],"picked":"Loop","floor":4},{"not_picked":["Ball Lightning","Steam Power"],"picked":"Echo Form","floor":5},{"not_picked":["Beam Cell","Genetic Algorithm"],"picked":"Coolheaded","floor":6},{"not_picked":["Turbo","Coolheaded"],"picked":"Heatsinks","floor":7},{"not_picked":["Ball Lightning","Compile Driver"],"picked":"Electrodynamics","floor":8}],"player_experience":1136261,"relics_obtained":[{"floor":6,"key":"Matryoshka"},{"floor":9,"key":"MawBank"},{"floor":9,"key":"DataDisk"}],"event_choices":[{"damage_healed":0,"gold_gain":0,"player_choice":"2 cards matched","damage_taken":0,"max_hp_gain":0,"max_hp_loss":0,"event_name":"Match and Keep!","floor":10,"gold_loss":0,"cards_obtained":["Echo Form","Zap"]}],"is_beta":false,"boss_relics":[],"items_purged_floors":[],"is_endless":false,"potions_floor_spawned":[1,4,7,8],"killed_by":"Gremlin Nob","ascension_level":16}