{"gold_per_floor":[109,121,121,135,135,135,152,186,234,269,269,269],"floor_reached":12,"playtime":953,"items_purged":[],"score":163,"play_id":"4caf852c-1b42-4be2-9444-9c3715cafc58","local_time":"20190203012045","is_ascension_mode":true,"campfire_choices":[{"data":"Neutralize","floor":6,"key":"SMITH"},{"floor":11,"key":"REST"}],"neow_cost":"TEN_PERCENT_HP_LOSS","seed_source_timestamp":100769552095400,"circlet_count":0,"master_deck":["AscendersBane","Defend_G","Defend_G","Defend_G","Defend_G","Defend_G","Strike_G","Strike_G","Strike_G","Survivor","Neutralize+1","Cloak And Dagger","Poisoned Stab","Dagger Spray","Doubt","Neutralize","Cloak And Dagger","Predator","Envenom"],"relics":["Ring of the Snake","Singing Bowl","Oddly Smooth Stone","Vajra"],"potions_floor_usage":[8,10],"damage_taken":[{"damage":0,"enemies":"2 Louse","floor":1,"turns":4},{"damage":5,"enemies":"Jaw Worm","floor":2,"turns":7},{"damage":1,"enemies":"Cultist","floor":4,"turns":5},{"damage":12,"enemies":"Exordium Wildlife","floor":7,"turns":7},{"damage":26,"enemies":"Gremlin Nob","floor":8,"turns":6},{"damage":14,"enemies":"Lagavulin","floor":10,"turns":8},{"damage":22,"enemies":"Gremlin Nob","floor":12,"turns":3}],"seed_played":"5250483310357774819","potions_obtained":[{"floor":2,"key":"EssenceOfSteel"},{"floor":8,"key":"Poison Potion"}],"is_trial":false,"path_per_floor":["M","M","?","M","?","R","M","E","T","E","R","E"],"character_chosen":"THE_SILENT","items_purchased":[],"campfire_rested":1,"item_purchase_floors":[],"current_hp_per_floor":[59,54,54,53,53,53,41,15,15,1,19,0],"gold":269,"neow_bonus":"REMOVE_TWO","is_prod":false,"is_daily":false,"chose_seed":false,"campfire_upgraded":1,"win_rate":0,"timestamp":1549153245,"path_taken":["M","M","?","M","?","R","M","E","T","E","R","E"],"build_version":"2019-01-23","purchased_purges":0,"victory":false,"max_hp_per_floor":[60,60,60,60,60,60,60,60,60,60,60,60],"card_choices":[{"not_picked":["Slice","Quick Slash"],"picked":"Cloak And Dagger","floor":1},{"not_picked":["Blur","Quick Slash"],"picked":"Poisoned Stab","floor":2},{"not_picked":["Flying Knee","Prepared"],"picked":"Dagger Spray","floor":4},{"not_picked":["Slice","Sucker Punch"],"picked":"Cloak And Dagger","floor":7},{"not_picked":["Bane","Well Laid Plans"],"picked":"Predator","floor":8},{"not_picked":["Deflect","Finisher"],"picked":"Envenom","floor":10}],"player_experience":336430,"relics_obtained":[{"floor":8,"key":"Singing Bowl"},{"floor":9,"key":"Oddly Smooth Stone"},{"floor":10,"key":"Vajra"}],"event_choices":[{"damage_healed":0,"gold_gain":0,"player_choice":"Ignored","damage_taken":0,"max_hp_gain":0,"max_hp_loss":0,"event_name":"Liars Game","floor":3,"gold_loss":0},{"damage_healed":0,"gold_gain":0,"player_choice":"2 cards matched","damage_taken":0,"max_hp_gain":0,"max_hp_loss":0,"event_name":"Match and Keep!","floor":5,"gold_loss":0,"cards_obtained":["Doubt","Neutralize"]},{"damage_healed":0,"gold_gain":0,"player_choice":"2 cards matched","damage_taken":0,"max_hp_gain":0,"max_hp_loss":0,"event_name":"Match and Keep!","floor":5,"gold_loss":0,"cards_obtained":["Doubt","Neutralize"]}],"is_beta":false,"boss_relics":[],"items_purged_floors":[],"is_endless":false,"potions_floor_spawned":[2,8],"killed_by":"Gremlin Nob","ascension_level":17}