{"gold_per_floor":[109,34,50,0,13,13,13,42,42,42,72,86,86,86,86,186,186,186,8,8,8,8,8,8,8,8,8,8,8,8,8],"floor_reached":31,"playtime":1622,"items_purged":["Strike_G","Strike_G"],"score":281,"play_id":"6b9316bc-24f0-4303-9fbd-403148c83309","local_time":"20190103220442","is_ascension_mode":false,"campfire_choices":[{"data":"Neutralize","floor":6.0,"key":"SMITH"},{"data":"Blade Dance","floor":10.0,"key":"SMITH"},{"data":"Footwork","floor":15.0,"key":"SMITH"},{"data":"Envenom","floor":23.0,"key":"SMITH"},{"floor":25.0,"key":"REST"},{"data":"Noxious Fumes","floor":27.0,"key":"SMITH"}],"neow_cost":"NONE","seed_source_timestamp":91853419949233,"circlet_count":0,"master_deck":["Defend_G","Defend_G","Defend_G","Defend_G","Defend_G","Strike_G","Strike_G","Survivor","Neutralize+1","Blade Dance","Blade Dance+1","Quick Slash+1","Footwork+1","Noxious Fumes+1","Envenom+1","Sucker Punch+1","Footwork","Iron Wave","Dagger Throw+1","Slice+1","Blade Dance+1"],"special_seed":0,"relics":["Ring of the Snake","Molten Egg 2","Sundial","Bag of Marbles","Ectoplasm","Juzu Bracelet","Strawberry","Torii"],"potions_floor_usage":[31,31],"damage_taken":[{"damage":5.0,"enemies":"Small Slimes","floor":1.0,"turns":4.0},{"damage":0.0,"enemies":"2 Louse","floor":3.0,"turns":3.0},{"damage":0.0,"enemies":"Jaw Worm","floor":5.0,"turns":5.0},{"damage":32.0,"enemies":"3 Sentries","floor":8.0,"turns":13.0},{"damage":12.0,"enemies":"Gremlin Nob","floor":11.0,"turns":3.0},{"damage":3.0,"enemies":"Large Slime","floor":12.0,"turns":8.0},{"damage":14.0,"enemies":"Hexaghost","floor":16.0,"turns":13.0},{"damage":8.0,"enemies":"Spheric Guardian","floor":18.0,"turns":6.0},{"damage":0.0,"enemies":"Shell Parasite","floor":20.0,"turns":6.0},{"damage":9.0,"enemies":"Snake Plant","floor":22.0,"turns":6.0},{"damage":24.0,"enemies":"Gremlin Leader","floor":24.0,"turns":7.0},{"damage":3.0,"enemies":"Centurion and Healer","floor":29.0,"turns":5.0},{"damage":16.0,"enemies":"Book of Stabbing","floor":30.0,"turns":5.0},{"damage":11,"enemies":"Colosseum Slavers","floor":31,"turns":4},{"damage":46,"enemies":"Colosseum Nobs","floor":31,"turns":3}],"seed_played":"-2482764331438015414","potions_obtained":[{"floor":1.0,"key":"Fire Potion"},{"floor":3.0,"key":"Ancient Potion"},{"floor":12.0,"key":"Regen Potion"},{"floor":16.0,"key":"LiquidBronze"},{"floor":18.0,"key":"Fire Potion"},{"floor":30.0,"key":"Energy Potion"}],"is_trial":false,"path_per_floor":["M","$","M","?","M","R","$","E","T","R","E","M","?","$","R","B",null,"M","$","M","?","M","R","E","R","T","R","$","M","E","?"],"character_chosen":"THE_SILENT","items_purchased":["Footwork"],"campfire_rested":1,"item_purchase_floors":[19],"current_hp_per_floor":[72,72,72,72,72,72,72,40,40,40,28,25,50,50,50,36,77,69,69,69,69,60,60,36,59,66,66,66,63,47,0],"gold":8,"neow_bonus":"TEN_PERCENT_HP_BONUS","is_prod":false,"is_daily":false,"chose_seed":false,"campfire_upgraded":5,"win_rate":0.0,"timestamp":1546549482,"path_taken":["M","$","M","?","M","R","$","E","T","R","E","M","?","?","R","BOSS","M","$","M","?","M","R","E","R","T","R","?","M","E","?"],"build_version":"2018-12-20","purchased_purges":2,"victory":false,"max_hp_per_floor":[77,77,77,77,77,77,77,77,77,77,77,77,77,77,77,77,77,77,77,77,77,77,77,77,77,84,84,84,84,84,84],"card_choices":[{"not_picked":["Blur","Deflect"],"picked":"PiercingWail","floor":1.0},{"not_picked":["Predator","Riddle With Holes"],"picked":"Blade Dance","floor":3.0},{"not_picked":["Flechettes","Dagger Spray"],"picked":"Blade Dance","floor":5.0},{"not_picked":["Distraction","Deadly Poison"],"picked":"Quick Slash","floor":8.0},{"not_picked":["Acrobatics","Calculated Gamble"],"picked":"Footwork","floor":11.0},{"not_picked":["Sucker Punch+1","Deflect"],"picked":"Noxious Fumes","floor":12.0},{"not_picked":["Doppelganger","Malaise"],"picked":"Envenom","floor":16.0},{"not_picked":["Underhanded Strike+1","PiercingWail+1"],"picked":"Sucker Punch+1","floor":18.0},{"not_picked":["Dagger Spray+1","Acrobatics","Crippling Poison"],"picked":"SKIP","floor":20.0},{"not_picked":["Leg Sweep","Poisoned Stab+1"],"picked":"Dagger Throw+1","floor":22.0},{"not_picked":["PiercingWail","Poisoned Stab+1"],"picked":"Slice+1","floor":24.0},{"not_picked":["Skewer+1","Flying Knee+1"],"picked":"Blade Dance+1","floor":29.0},{"not_picked":["Prepared","Tactician","PiercingWail"],"picked":"SKIP","floor":30.0}],"player_experience":527,"relics_obtained":[{"floor":8.0,"key":"Molten Egg 2"},{"floor":9.0,"key":"Sundial"},{"floor":11.0,"key":"Bag of Marbles"},{"floor":24.0,"key":"Juzu Bracelet"},{"floor":26.0,"key":"Strawberry"},{"floor":30.0,"key":"Torii"}],"event_choices":[{"cards_removed":["Strike_G"],"damage_healed":0.0,"max_hp_gain":0.0,"max_hp_loss":0.0,"gold_gain":0.0,"event_name":"The Cleric","player_choice":"Card Removal","floor":4.0,"gold_loss":50.0,"damage_taken":0.0},{"damage_healed":25.0,"max_hp_gain":0.0,"max_hp_loss":0.0,"gold_gain":0.0,"event_name":"Big Fish","player_choice":"Banana","floor":13.0,"gold_loss":0.0,"damage_taken":0.0},{"cards_removed":["PiercingWail"],"damage_healed":0.0,"max_hp_gain":0.0,"max_hp_loss":0.0,"gold_gain":0.0,"event_name":"NoteForYourself","player_choice":"Took Card","floor":21.0,"gold_loss":0.0,"damage_taken":0.0,"cards_obtained":["Iron Wave"]},{"damage_healed":0,"gold_gain":0,"player_choice":"Fight","damage_taken":0,"max_hp_gain":0,"max_hp_loss":0,"event_name":"Colosseum","floor":31,"gold_loss":0},{"damage_healed":0,"gold_gain":0,"player_choice":"Fought Nobs","damage_taken":0,"max_hp_gain":0,"max_hp_loss":0,"event_name":"Colosseum","floor":31,"gold_loss":0}],"is_beta":false,"boss_relics":[{"not_picked":["White Beast Statue","Fusion Hammer"],"picked":"Ectoplasm"}],"items_purged_floors":[2,19],"is_endless":false,"potions_floor_spawned":[1,3,12,16,18,24,30,31],"killed_by":"Colosseum Nobs","ascension_level":0}