{"gold_per_floor":[117,117,127,43,63,63,94,94,94,110,135,152,163,198,198,299,299,311,325,345,44,44,70,70,24,24,24,224,243,243,257,257,354,354,371,371,383,396,7,7,24,53,53,53,70,83,98,26,26,26],"floor_reached":51,"playtime":4325,"items_purged":[],"score":1107,"play_id":"8580c4c6-e36f-44bc-92e2-d88d1b06f26c","local_time":"20181027194254","is_ascension_mode":true,"campfire_choices":[{"data":"Cloak And Dagger","floor":6,"key":"SMITH"},{"data":"Neutralize","floor":8,"key":"SMITH"},{"floor":15,"key":"REST"},{"data":"A Thousand Cuts","floor":24,"key":"SMITH"},{"data":"Cloak And Dagger","floor":30,"key":"SMITH"},{"data":"Expertise","floor":32,"key":"SMITH"},{"data":"Accuracy","floor":40,"key":"SMITH"},{"data":"Sucker Punch","floor":49,"key":"SMITH"}],"neow_cost":"NONE","seed_source_timestamp":162361271710777,"circlet_count":0,"master_deck":["Defend_G","Defend_G","Defend_G","Defend_G","Defend_G","Strike_G","Strike_G","Strike_G","Strike_G","Strike_G","Survivor","Neutralize+1","Cloak And Dagger+1","Poisoned Stab","Accuracy+1","Sucker Punch","Backflip","Sucker Punch+1","Cloak And Dagger+1","Expertise+1","Dodge and Roll","Backstab","Acrobatics+1","A Thousand Cuts+1","Backflip+1","Reflex+1","Dagger Spray","Blade Dance+1","Concentrate+1","Backflip+1","Concentrate+1","Escape Plan+1","Acrobatics+1","Malaise+1","Quick Slash+1","Dodge and Roll+1","Blade Dance+1","Acrobatics+1","Finesse+1","Deflect+1","Parasite","Secret Technique+1","Expertise+1"],"relics":["Sozu","Kunai","Gambling Chip","Bottled Lightning","Bronze Scales","Toxic Egg 2","Coffee Dripper","Bottled Tornado","Pocketwatch","Pantograph","Mercury Hourglass","Busted Crown","HandDrill","Mango","Letter Opener"],"potions_floor_usage":[],"damage_taken":[{"damage":1,"enemies":"Jaw Worm","floor":1,"turns":5},{"damage":0,"enemies":"Cultist","floor":3,"turns":5},{"damage":6,"enemies":"2 Louse","floor":5,"turns":3},{"damage":16,"enemies":"3 Sentries","floor":7,"turns":9},{"damage":2,"enemies":"Exordium Thugs","floor":10,"turns":5},{"damage":1,"enemies":"Lagavulin","floor":11,"turns":6},{"damage":0,"enemies":"Blue Slaver","floor":12,"turns":2},{"damage":9,"enemies":"Lots of Slimes","floor":13,"turns":3},{"damage":2,"enemies":"3 Sentries","floor":14,"turns":7},{"damage":0,"enemies":"The Guardian","floor":16,"turns":13},{"damage":1,"enemies":"Spheric Guardian","floor":18,"turns":3},{"damage":1,"enemies":"3 Byrds","floor":19,"turns":4},{"damage":3,"enemies":"Centurion and Healer","floor":20,"turns":6},{"damage":31,"enemies":"Slavers","floor":23,"turns":4},{"damage":0,"enemies":"Chosen and Byrds","floor":29,"turns":3},{"damage":3,"enemies":"Snecko","floor":31,"turns":4},{"damage":19,"enemies":"Automaton","floor":33,"turns":7},{"damage":5,"enemies":"Orb Walker","floor":35,"turns":2},{"damage":0,"enemies":"3 Darklings","floor":37,"turns":2},{"damage":0,"enemies":"Spire Growth","floor":38,"turns":5},{"damage":0,"enemies":"Writhing Mass","floor":41,"turns":4},{"damage":7,"enemies":"Nemesis","floor":42,"turns":5},{"damage":15,"enemies":"4 Shapes","floor":45,"turns":2},{"damage":0,"enemies":"Transient","floor":46,"turns":5},{"damage":7,"enemies":"3 Darklings","floor":47,"turns":2},{"damage":66,"enemies":"Time Eater","floor":50,"turns":11}],"seed_played":"-7265077059183261546","potions_obtained":[],"is_trial":false,"path_per_floor":["M","?","M","$","M","R","E","R","T","M","E","M","M","E","R","B",null,"M","M","M","$","?","E","R","$","T","?","?","M","R","M","R","B",null,"M","?","M","M","$","R","M","E","T","?","M","M","M","$","R","B"],"character_chosen":"THE_SILENT","items_purchased":["Accuracy","Sucker Punch","Blade Dance+1","Bottled Tornado","Backflip+1","HandDrill","Acrobatics+1","Finesse+1","Deflect+1","Expertise+1"],"campfire_rested":1,"item_purchase_floors":[4,4,21,21,25,39,39,39,39,48],"current_hp_per_floor":[62,59,59,59,53,53,37,37,37,35,34,34,25,23,44,44,64,63,62,59,59,59,28,28,28,28,28,28,28,28,25,25,31,60,55,70,70,70,70,70,70,77,77,77,62,62,55,55,55,14],"gold":26,"neow_bonus":"BOSS_RELIC","is_prod":false,"is_daily":false,"chose_seed":false,"campfire_upgraded":7,"win_rate":0,"timestamp":1540694574,"path_taken":["M","?","?","?","M","R","E","R","T","M","E","M","M","E","R","BOSS","M","M","M","$","?","E","R","$","T","?","?","M","R","M","R","BOSS","M","?","?","M","?","R","M","E","T","?","M","?","M","?","R","BOSS"],"build_version":"2018-10-25v2","purchased_purges":0,"victory":true,"max_hp_per_floor":[70,70,70,70,70,70,70,70,70,70,70,70,70,70,70,70,70,70,70,70,70,70,70,70,70,70,70,70,70,70,70,70,70,70,70,70,70,70,70,70,70,84,84,84,84,84,84,84,84,84],"card_choices":[{"not_picked":["Skewer","Blade Dance"],"picked":"Cloak And Dagger","floor":1},{"not_picked":["Prepared","Deadly Poison"],"picked":"Poisoned Stab","floor":3},{"not_picked":["Flying Knee","Calculated Gamble"],"picked":"Backflip","floor":5},{"not_picked":["Caltrops","Skewer"],"picked":"Sucker Punch","floor":7},{"not_picked":["Escape Plan","Choke"],"picked":"Cloak And Dagger","floor":10},{"not_picked":["Bullet Time","Well Laid Plans"],"picked":"Expertise","floor":11},{"not_picked":["Sucker Punch","Backflip"],"picked":"Dodge and Roll","floor":12},{"not_picked":["Dagger Spray","Blade Dance"],"picked":"Backstab","floor":13},{"not_picked":["Sucker Punch","Prepared"],"picked":"Acrobatics","floor":14},{"not_picked":["Glass Knife","Corpse Explosion+1"],"picked":"A Thousand Cuts","floor":16},{"not_picked":["Dagger Throw","Bane"],"picked":"Backflip+1","floor":18},{"not_picked":["Crippling Poison+1","Heel Hook+1"],"picked":"Reflex+1","floor":19},{"not_picked":["Underhanded Strike","Poisoned Stab"],"picked":"Dagger Spray","floor":20},{"not_picked":["Heel Hook","Quick Slash+1"],"picked":"Concentrate+1","floor":23},{"not_picked":["Corpse Explosion+1","Cloak And Dagger+1"],"picked":"Escape Plan+1","floor":29},{"not_picked":["Quick Slash+1","Blade Dance+1"],"picked":"Acrobatics+1","floor":31},{"not_picked":["Venomology+1","Bullet Time+1"],"picked":"Malaise+1","floor":33},{"not_picked":[],"picked":"Quick Slash+1","floor":35},{"not_picked":[],"picked":"Dodge and Roll+1","floor":37},{"not_picked":[],"picked":"Blade Dance+1","floor":38},{"not_picked":["Deflect+1"],"picked":"SKIP","floor":41},{"not_picked":["Crippling Poison+1"],"picked":"SKIP","floor":42},{"not_picked":[],"picked":"Secret Technique+1","floor":44},{"not_picked":["Bouncing Flask+1"],"picked":"SKIP","floor":45},{"not_picked":["Underhanded Strike+1"],"picked":"SKIP","floor":46},{"not_picked":["Choke"],"picked":"SKIP","floor":47}],"player_experience":68160,"relics_obtained":[{"floor":7,"key":"Gambling Chip"},{"floor":9,"key":"Bottled Lightning"},{"floor":11,"key":"Bronze Scales"},{"floor":14,"key":"Toxic Egg 2"},{"floor":23,"key":"Pantograph"},{"floor":26,"key":"Mercury Hourglass"},{"floor":42,"key":"Mango"},{"floor":43,"key":"Letter Opener"}],"event_choices":[{"damage_healed":0,"gold_gain":0,"player_choice":"Success","damage_taken":3,"relics_obtained":["Kunai"],"max_hp_gain":0,"max_hp_loss":0,"event_name":"Scrap Ooze","floor":2,"gold_loss":0},{"damage_healed":0,"gold_gain":0,"player_choice":"Opened","damage_taken":0,"relics_obtained":["Pocketwatch"],"max_hp_gain":0,"max_hp_loss":0,"event_name":"The Mausoleum","floor":22,"gold_loss":0},{"damage_healed":0,"gold_gain":0,"player_choice":"Copied","damage_taken":0,"max_hp_gain":0,"max_hp_loss":0,"event_name":"Duplicator","floor":27,"gold_loss":0,"cards_obtained":["Concentrate"]},{"damage_healed":0,"gold_gain":200,"player_choice":"Gold","damage_taken":0,"max_hp_gain":0,"max_hp_loss":0,"event_name":"Wheel of Change","floor":28,"gold_loss":0},{"damage_healed":15,"gold_gain":0,"player_choice":"Full Heal","damage_taken":0,"max_hp_gain":0,"max_hp_loss":0,"event_name":"Wheel of Change","floor":36,"gold_loss":0},{"damage_healed":0,"gold_gain":0,"player_choice":"Memory 1","damage_taken":0,"max_hp_gain":0,"max_hp_loss":0,"event_name":"SensoryStone","floor":44,"gold_loss":0}],"is_beta":false,"boss_relics":[{"not_picked":["Calling Bell","Runic Pyramid"],"picked":"Coffee Dripper"},{"not_picked":["Runic Dome","Snecko Eye"],"picked":"Busted Crown"}],"items_purged_floors":[],"is_endless":false,"potions_floor_spawned":[1,3,11,12,14,23,31,33,37,38,45,46,47],"ascension_level":9}