{"gold_per_floor":[119,44,44,61,61,61,96,96,172,172,189,206,106,106,106,229,229,250,250,250,264,89,89,162,162,240,240],"floor_reached":27,"playtime":1468,"items_purged":["Strike_B","Strike_B","Strike_B"],"score":261,"play_id":"d7abb540-f37f-417e-b398-d53cbd064459","local_time":"20180707185152","is_ascension_mode":true,"campfire_choices":[{"data":"Gash","floor":6,"key":"SMITH"},{"floor":8,"key":"REST"},{"data":"Zap","floor":10,"key":"SMITH"},{"floor":15,"key":"REST"},{"floor":23,"key":"REST"},{"floor":25,"key":"REST"}],"neow_cost":"NONE","seed_source_timestamp":36770442446940,"circlet_count":0,"master_deck":["Strike_B","Defend_B","Defend_B","Defend_B","Defend_B","Zap+1","Dualcast","All For One","Gash+1","Rebound","Injury","Rainbow+1","Static Discharge+1","Gash","Gash","Decay"],"relics":["Cracked Core","Mummified Hand","Ornamental Fan","Golden Idol","Cursed Key","Tiny Chest","Kunai"],"potions_floor_usage":[7,16,16,27],"damage_taken":[{"damage":19,"enemies":"Small Slimes","floor":1,"turns":4},{"damage":7,"enemies":"Jaw Worm","floor":4,"turns":2},{"damage":22,"enemies":"3 Sentries","floor":7,"turns":7},{"damage":0,"enemies":"2 Louse","floor":11,"turns":2},{"damage":7,"enemies":"Looter","floor":12,"turns":2},{"damage":24,"enemies":"The Guardian","floor":16,"turns":8},{"damage":24,"enemies":"2 Thieves","floor":18,"turns":5},{"damage":4,"enemies":"Shell Parasite","floor":21,"turns":3},{"damage":41,"enemies":"Book of Stabbing","floor":24,"turns":5},{"damage":59,"enemies":"Slavers","floor":27,"turns":4}],"seed_played":"-6263036968869080761","potions_obtained":[{"floor":1,"key":"LiquidBronze"},{"floor":7,"key":"AttackPotion"},{"floor":11,"key":"Strength Potion"},{"floor":18,"key":"LiquidBronze"},{"floor":21,"key":"Dexterity Potion"}],"is_trial":false,"path_per_floor":["M","$","?","M","?","R","E","R","T","R","M","M","$","?","R","B",null,"M","?","?","M","$","R","E","R","T"],"character_chosen":"DEFECT","items_purchased":["Gash"],"campfire_rested":4,"item_purchase_floors":[22],"current_hp_per_floor":[56,56,61,54,54,54,32,56,56,56,56,49,49,49,73,49,80,56,56,56,52,52,76,35,59,59,0],"gold":240,"neow_bonus":"ONE_RANDOM_RARE_CARD","is_prod":false,"is_daily":false,"chose_seed":false,"campfire_upgraded":2,"win_rate":0,"timestamp":1531003912,"path_taken":["M","$","?","M","?","R","E","R","T","R","M","M","$","?","R","BOSS","M","?","?","M","$","R","E","R","T","E"],"build_version":"2018-07-05","purchased_purges":3,"victory":false,"max_hp_per_floor":[75,75,80,80,80,80,80,80,80,80,80,80,80,80,80,80,80,80,80,80,80,80,80,80,80,80,80],"card_choices":[{"not_picked":["Undo","Stack"],"picked":"Gash","floor":1},{"not_picked":["Turbo","Compile Driver","Coolheaded"],"picked":"SKIP","floor":4},{"not_picked":["Coolheaded","Compile Driver","Turbo"],"picked":"SKIP","floor":7},{"not_picked":["Barrage","Fusion"],"picked":"Rebound","floor":11},{"not_picked":["Steam","Amplify","Turbo"],"picked":"SKIP","floor":12},{"not_picked":["Buffer","Core Surge"],"picked":"Rainbow","floor":16},{"not_picked":["Rebound","Self Repair"],"picked":"Static Discharge+1","floor":18},{"not_picked":["Steam","Redo","Ball Lightning"],"picked":"SKIP","floor":21},{"not_picked":["Sweeping Beam","Ball Lightning","Compile Driver"],"picked":"SKIP","floor":24}],"player_experience":285872,"relics_obtained":[{"floor":7,"key":"Mummified Hand"},{"floor":9,"key":"Ornamental Fan"},{"floor":24,"key":"Tiny Chest"},{"floor":26,"key":"Kunai"}],"event_choices":[{"event_name":"Big Fish","player_choice":"Donut","floor":3,"damage_taken":0},{"event_name":"The Woman in Blue","player_choice":"Bought 0 Potions","floor":5,"damage_taken":0},{"event_name":"Golden Idol","player_choice":"Take Wound","floor":14,"damage_taken":0},{"event_name":"Upgrade Shrine","player_choice":"Upgraded","floor":19,"damage_taken":0},{"event_name":"The Library","player_choice":"Read","floor":20,"damage_taken":0}],"boss_relics":[{"not_picked":["Velvet Choker","White Beast Statue"],"picked":"Cursed Key"}],"items_purged_floors":[2,13,22],"is_endless":false,"potions_floor_spawned":[1,7,11,18,21],"killed_by":"Slavers","ascension_level":3}