{"gold_per_floor":[110,110,26,26,46,46,46,46,71,71,91,126,136,136,136,234,234,234,204,204,204,204,204,204,204,204,204,204,204,204,204,204,204,204,204,204,204,204,204,204,204,204,204,204,204,204,204,28,28,28],"floor_reached":51,"playtime":1674,"items_purged":["Defend_B"],"score":787,"play_id":"1e90f385-0546-4a35-b553-60d395422068","local_time":"20181117214123","is_ascension_mode":false,"campfire_choices":[{"data":"Defragment","floor":6.0,"key":"SMITH"},{"data":"Zap","floor":8.0,"key":"SMITH"},{"data":"Go for the Eyes","floor":10.0,"key":"SMITH"},{"data":"Ball Lightning","floor":15.0,"key":"SMITH"},{"data":"Electrodynamics","floor":23.0,"key":"SMITH"},{"data":"Conserve Battery","floor":28.0,"key":"SMITH"},{"data":"Defragment","floor":32.0,"key":"SMITH"},{"data":"Capacitor","floor":44,"key":"SMITH"},{"floor":49,"key":"REST"}],"neow_cost":"NONE","seed_source_timestamp":2924298372511,"circlet_count":0,"master_deck":["Defend_B","Defend_B+1","Zap+1","Dualcast+1","Coolheaded+1","Defragment+1","Go for the Eyes+1","Conserve Battery+1","Ball Lightning+1","Electrodynamics+1","Cold Snap","Double Energy","All For One","Echo Form","Chill","Defragment+1","Coolheaded+1","Capacitor+1","Conserve Battery+1","Barrage+1"],"special_seed":0,"relics":["Cracked Core","Potion Belt","Bag of Marbles","PreservedInsect","Ectoplasm","The Courier","Bag of Preparation","Bronze Scales","Dead Branch","Centennial Puzzle","Empty Cage","Darkstone Periapt","Blood Vial"],"potions_floor_usage":[46,46,48,50,50,50,50,50],"damage_taken":[{"damage":1.0,"enemies":"Cultist","floor":1.0,"turns":3.0},{"damage":0.0,"enemies":"Small Slimes","floor":5.0,"turns":2.0},{"damage":0.0,"enemies":"Jaw Worm","floor":11.0,"turns":3.0},{"damage":8.0,"enemies":"3 Sentries","floor":12.0,"turns":7.0},{"damage":6.0,"enemies":"3 Louse","floor":13.0,"turns":3.0},{"damage":4.0,"enemies":"Hexaghost","floor":16.0,"turns":9.0},{"damage":0.0,"enemies":"Shell Parasite","floor":18.0,"turns":3.0},{"damage":8.0,"enemies":"2 Thieves","floor":19.0,"turns":2.0},{"damage":11.0,"enemies":"Gremlin Leader","floor":24.0,"turns":4.0},{"damage":3.0,"enemies":"Book of Stabbing","floor":27.0,"turns":3.0},{"damage":0.0,"enemies":"Gremlin Leader","floor":29.0,"turns":3.0},{"damage":0.0,"enemies":"Centurion and Healer","floor":30.0,"turns":3.0},{"damage":5.0,"enemies":"Shelled Parasite and Fungi","floor":31.0,"turns":3.0},{"damage":4.0,"enemies":"Champ","floor":33.0,"turns":10.0},{"damage":0.0,"enemies":"3 Darklings","floor":35.0,"turns":2.0},{"damage":0.0,"enemies":"Orb Walker","floor":38.0,"turns":3.0},{"damage":15,"enemies":"Writhing Mass","floor":39,"turns":7},{"damage":0,"enemies":"Nemesis","floor":40,"turns":5},{"damage":6,"enemies":"Spire Growth","floor":41,"turns":4},{"damage":0,"enemies":"Sphere and 2 Shapes","floor":42,"turns":4},{"damage":3,"enemies":"Maw","floor":45,"turns":5},{"damage":16,"enemies":"Writhing Mass","floor":46,"turns":4},{"damage":0,"enemies":"Jaw Worm Horde","floor":47,"turns":2},{"damage":37,"enemies":"Awakened One","floor":50,"turns":9}],"seed_played":"-4777966105371441888","potions_obtained":[{"floor":5.0,"key":"AttackPotion"},{"floor":13.0,"key":"Energy Potion"},{"floor":16.0,"key":"Fire Potion"},{"floor":19.0,"key":"Energy Potion"},{"floor":29.0,"key":"Poison Potion"},{"floor":30.0,"key":"Weak Potion"},{"floor":35.0,"key":"LiquidBronze"},{"floor":40,"key":"LiquidBronze"},{"floor":46,"key":"Dexterity Potion"}],"is_trial":false,"path_per_floor":["M","?","$","?","M","R","T","R","T","R","M","E","M","?","R","B",null,"M","M","?","?","$","R","E","T","T","E","R","E","M","M","R","B",null,"M","$","?","M","M","E","M","M","T","R","M","M","M","$","R","B",null],"character_chosen":"DEFECT","items_purchased":["Defragment","Go for the Eyes","Fruit Juice","Explosive Potion"],"campfire_rested":1,"item_purchase_floors":[3,3,48,48],"current_hp_per_floor":[74,59,59,52,52,52,52,52,52,52,52,44,38,43,43,39,80,80,72,72,72,72,72,61,61,61,58,58,58,58,53,53,49,80,80,80,80,80,65,65,59,59,59,59,58,44,46,51,76,41],"gold":28,"neow_bonus":"UPGRADE_CARD","is_prod":false,"is_daily":false,"chose_seed":false,"campfire_upgraded":8,"win_rate":0,"timestamp":1542490883,"path_taken":["M","?","$","?","M","R","?","R","T","R","M","E","M","?","R","BOSS","M","M","?","?","$","R","E","?","T","E","R","E","?","M","R","BOSS","M","$","?","M","M","E","M","?","T","R","M","M","?","$","R","BOSS"],"build_version":"2018-11-15","purchased_purges":1,"victory":true,"max_hp_per_floor":[75,75,75,75,75,75,75,75,75,75,75,75,75,80,80,80,80,80,80,80,80,80,80,80,80,80,80,80,80,80,80,80,80,80,80,80,80,80,80,80,80,80,80,80,80,80,80,85,85,85],"card_choices":[{"not_picked":["Gash","Reprogram"],"picked":"Coolheaded","floor":1.0},{"not_picked":["Scrape","Stack","Doom and Gloom"],"picked":"SKIP","floor":5.0},{"not_picked":["Lockon","Redo","Compile Driver"],"picked":"SKIP","floor":11.0},{"not_picked":["Ball Lightning","Streamline"],"picked":"Conserve Battery","floor":12.0},{"not_picked":["Double Energy","Redo"],"picked":"Ball Lightning","floor":13.0},{"not_picked":["Fission","Seek"],"picked":"Electrodynamics","floor":16.0},{"not_picked":["Compile Driver+1","Beam Cell","Stack"],"picked":"SKIP","floor":18.0},{"not_picked":["Rip and Tear","Compile Driver"],"picked":"Cold Snap","floor":19.0},{"not_picked":["Sweeping Beam+1","Gash"],"picked":"Echo Form","floor":24.0},{"not_picked":["Ball Lightning","Cold Snap","Turbo"],"picked":"SKIP","floor":27.0},{"not_picked":["Stack","Buffer"],"picked":"Chill","floor":29.0},{"not_picked":["Auto Shields","Chill"],"picked":"Defragment","floor":30.0},{"not_picked":["Conserve Battery","Compile Driver"],"picked":"Coolheaded+1","floor":31.0},{"not_picked":["Heatsinks","Stack"],"picked":"Capacitor","floor":35.0},{"not_picked":["Rip and Tear+1","Conserve Battery","Reinforced Body"],"picked":"SKIP","floor":38.0},{"not_picked":["Aggregate+1","Double Energy+1","Sunder+1"],"picked":"SKIP","floor":39},{"not_picked":["Steam","Hello World","Rebound"],"picked":"SKIP","floor":40},{"not_picked":["Rebound","Recycle"],"picked":"Conserve Battery+1","floor":41},{"not_picked":["Redo+1","Compile Driver+1","Reboot"],"picked":"SKIP","floor":42},{"not_picked":["Gash+1","Steam+1","FTL"],"picked":"SKIP","floor":45},{"not_picked":["Ball Lightning+1","Turbo+1"],"picked":"Barrage+1","floor":46},{"not_picked":["Rebound","Streamline","Redo+1"],"picked":"SKIP","floor":47}],"player_experience":796394,"relics_obtained":[{"floor":7.0,"key":"Potion Belt"},{"floor":9.0,"key":"Bag of Marbles"},{"floor":12.0,"key":"PreservedInsect"},{"floor":24.0,"key":"The Courier"},{"floor":25.0,"key":"Bag of Preparation"},{"floor":26.0,"key":"Bronze Scales"},{"floor":27.0,"key":"Dead Branch"},{"floor":29.0,"key":"Centennial Puzzle"},{"floor":40,"key":"Darkstone Periapt"},{"floor":43,"key":"Blood Vial"}],"event_choices":[{"damage_healed":0.0,"max_hp_gain":0.0,"max_hp_loss":0.0,"gold_gain":0.0,"event_name":"Shining Light","player_choice":"Entered Light","floor":2.0,"gold_loss":0.0,"damage_taken":15.0,"cards_upgraded":["Coolheaded","Defend_B"]},{"cards_removed":["Defend_B"],"damage_healed":0.0,"max_hp_gain":0.0,"max_hp_loss":0.0,"gold_gain":0.0,"event_name":"Golden Wing","player_choice":"Card Removal","floor":4.0,"gold_loss":0.0,"damage_taken":7.0},{"damage_healed":0.0,"max_hp_gain":5.0,"max_hp_loss":0.0,"gold_gain":0.0,"event_name":"Big Fish","player_choice":"Donut","floor":14.0,"gold_loss":0.0,"damage_taken":0.0},{"damage_healed":0.0,"max_hp_gain":0.0,"max_hp_loss":0.0,"gold_gain":0.0,"cards_transformed":["Strike_B","Strike_B"],"event_name":"Drug Dealer","player_choice":"Became Test Subject","floor":20.0,"gold_loss":0.0,"damage_taken":0.0,"cards_obtained":["Double Energy","All For One"]},{"damage_healed":0.0,"max_hp_gain":0.0,"max_hp_loss":0.0,"gold_gain":0.0,"event_name":"Ghosts","player_choice":"Ignored","floor":21.0,"gold_loss":0.0,"damage_taken":0.0},{"damage_healed":0.0,"max_hp_gain":0.0,"max_hp_loss":0.0,"gold_gain":100.0,"event_name":"Golden Shrine","player_choice":"Pray","floor":37.0,"gold_loss":0.0,"damage_taken":0.0}],"is_beta":false,"boss_relics":[{"not_picked":["Eternal Feather","Calling Bell"],"picked":"Ectoplasm"},{"not_picked":["Astrolabe","Black Star"],"picked":"Empty Cage"}],"items_purged_floors":[48],"is_endless":false,"potions_floor_spawned":[5,13,16,19,29,30,35,40,42,46],"ascension_level":0}