{"gold_per_floor":[114,94,13,13,13,30,30,40,115,115,115,25,25,35,35,110,110,130,130,150,200,33,58,71,71,71,71,71,16,30,47,47,47],"floor_reached":33,"playtime":2031,"items_purged":["Defend_R"],"score":479,"play_id":"6d1364f1-8f0f-4415-8c6e-6b887023aadf","local_time":"20180823224212","is_ascension_mode":true,"campfire_choices":[{"data":"Bash","floor":7,"key":"SMITH"},{"data":"Disarm","floor":10,"key":"SMITH"},{"data":"Intimidate","floor":13,"key":"SMITH"},{"data":"Sword Boomerang","floor":15,"key":"SMITH"},{"data":"Uppercut","floor":25,"key":"SMITH"},{"data":"Shrug It Off","floor":27,"key":"SMITH"},{"data":"Armaments","floor":32,"key":"SMITH"}],"neow_cost":"PERCENT_DAMAGE","seed_source_timestamp":81248663923504,"circlet_count":0,"master_deck":["Defend_R","Defend_R","Defend_R","Bash+1","AscendersBane","Headbutt","Hemokinesis+1","Intimidate+1","Disarm+1","Inflame+1","Sword Boomerang+1","Offering","Shrug It Off+1","Bite","Bite","Bite","Bite","Bite","Shrug It Off","Rupture+1","Uppercut+1","Metallicize+1","Armaments+1","Heavy Blade"],"relics":["Burning Blood","Darkstone Periapt","Frozen Egg 2","Cursed Key","Bronze Scales","Turnip","Spirit Poop"],"potions_floor_usage":[23,23,33],"damage_taken":[{"damage":1,"enemies":"Cultist","floor":1,"turns":4},{"damage":7,"enemies":"2 Louse","floor":6,"turns":3},{"damage":4,"enemies":"Jaw Worm","floor":8,"turns":3},{"damage":10,"enemies":"Blue Slaver","floor":14,"turns":5},{"damage":26,"enemies":"Slime Boss","floor":16,"turns":7},{"damage":3,"enemies":"Chosen","floor":18,"turns":3},{"damage":24,"enemies":"Spheric Guardian","floor":20,"turns":4},{"damage":27,"enemies":"Gremlin Leader","floor":23,"turns":3},{"damage":24,"enemies":"Cultist and Chosen","floor":24,"turns":5},{"damage":10,"enemies":"Chosen and Byrds","floor":30,"turns":3},{"damage":10,"enemies":"Snecko","floor":31,"turns":5},{"damage":89,"enemies":"Champ","floor":33,"turns":14}],"seed_played":"-726122285666296197","potions_obtained":[{"floor":2,"key":"SkillPotion"},{"floor":14,"key":"FearPotion"},{"floor":24,"key":"Poison Potion"}],"is_trial":false,"path_per_floor":["M","?","$","?","?","M","R","M","T","R","?","$","R","M","R","B",null,"M","?","M","?","$","E","M","R","T","R","?","$","M","M","R"],"character_chosen":"IRONCLAD","items_purchased":["Hemokinesis","Inflame+1","Rupture+1","Armaments"],"campfire_rested":0,"item_purchase_floors":[3,12,22,29],"current_hp_per_floor":[63,63,63,63,63,62,62,64,64,64,53,53,53,49,49,29,74,77,62,48,48,48,37,29,29,35,35,35,35,42,50,50,0],"gold":47,"neow_bonus":"TWENTY_PERCENT_HP_BONUS","is_prod":false,"is_daily":false,"chose_seed":false,"campfire_upgraded":7,"win_rate":0,"timestamp":1535078532,"path_taken":["M","?","$","?","?","M","R","M","T","R","?","$","R","M","R","BOSS","M","?","M","?","$","E","M","R","T","R","?","$","M","M","R","BOSS"],"build_version":"2018-08-23","purchased_purges":1,"victory":false,"max_hp_per_floor":[89,89,89,89,89,89,89,89,89,89,89,89,89,89,89,89,89,89,62,62,62,62,62,62,62,68,68,68,68,68,68,68,68],"card_choices":[{"not_picked":["Sword Boomerang","Sever Soul"],"picked":"Headbutt","floor":1},{"not_picked":["Feel No Pain","Perfected Strike"],"picked":"Intimidate","floor":6},{"not_picked":["Perfected Strike","Body Slam"],"picked":"Disarm","floor":8},{"not_picked":["Blood for Blood","Thunderclap"],"picked":"Sword Boomerang","floor":14},{"not_picked":["Berserk+1","Dark Embrace+1"],"picked":"Offering","floor":16},{"not_picked":["Pommel Strike+1","Disarm"],"picked":"Shrug It Off","floor":18},{"not_picked":["Twin Strike","Perfected Strike"],"picked":"Shrug It Off","floor":20},{"not_picked":["Headbutt","Flex"],"picked":"Uppercut","floor":23},{"not_picked":["True Grit","Twin Strike+1"],"picked":"Metallicize+1","floor":24},{"not_picked":["Cleave","Immolate","Thunderclap"],"picked":"SKIP","floor":30},{"not_picked":["Body Slam","Armaments"],"picked":"Heavy Blade","floor":31}],"player_experience":2469709,"relics_obtained":[{"floor":9,"key":"Darkstone Periapt"},{"floor":23,"key":"Bronze Scales"},{"floor":26,"key":"Turnip"}],"event_choices":[{"event_name":"The Woman in Blue","player_choice":"Bought 1 Potion","floor":2,"damage_taken":0},{"event_name":"Living Wall","player_choice":"Grow","floor":4,"damage_taken":0},{"event_name":"The Cleric","player_choice":"Leave","floor":5,"damage_taken":0},{"event_name":"Scrap Ooze","player_choice":"success","floor":11,"damage_taken":11},{"event_name":"Vampires","player_choice":"Became a vampire","floor":19,"damage_taken":0},{"event_name":"Golden Shrine","player_choice":"Pray","floor":21,"damage_taken":0},{"event_name":"Bonfire Elementals","player_choice":"CURSE","floor":28,"damage_taken":0}],"is_beta":false,"boss_relics":[{"not_picked":["Mark of Pain","Ectoplasm"],"picked":"Cursed Key"}],"items_purged_floors":[22],"is_endless":false,"potions_floor_spawned":[14,18,24],"killed_by":"Champ","ascension_level":16}