{"gold_per_floor":[211,227,227,114,132,132,147,9,78,105,120,120,137,169,169,270,270,287,11,11,26,26,26,26,37,64,93,93,109,109,128,128,232,232,250,262,262,281,293,293,293,293,318,0,18,33,33,33,33,33],"floor_reached":50,"playtime":2251,"items_purged":["Strike_B","Strike_B","Strike_B","Defend_B"],"score":474,"play_id":"1b9169df-d9f7-45d5-9bbb-866c4724b333","local_time":"20181008004523","is_ascension_mode":false,"campfire_choices":[{"data":"Zap","floor":6,"key":"SMITH"},{"floor":12,"key":"REST"},{"floor":15,"key":"REST"},{"data":"Auto Shields","floor":23,"key":"SMITH"},{"floor":28,"key":"REST"},{"data":"Glacier","floor":30,"key":"SMITH"},{"floor":32,"key":"REST"},{"data":"Discovery","floor":40,"key":"SMITH"},{"floor":47,"key":"REST"},{"floor":49,"key":"REST"}],"neow_cost":"NONE","seed_source_timestamp":1322689417552029,"circlet_count":0,"master_deck":["Defend_B","Defend_B","Zap+1","Dualcast","Coolheaded","Cold Snap","Rebound","Auto Shields+1","Ball Lightning","Cold Snap","Doom and Gloom","Glacier+1","Machine Learning+1","Conserve Battery","Echo Form+1","Aggregate","Reboot","Stack+1","Conserve Battery","Loop+1","Electrodynamics+1","Ball Lightning","Self Repair+1","Leap+1","Rainbow","Reinforced Body","Loop+1","Ball Lightning","Discovery+1","Creative AI+1","Mayhem+1"],"relics":["Cracked Core","Frozen Egg 2","Orichalcum","Mercury Hourglass","Velvet Choker","Strawberry","Regal Pillow","Centennial Puzzle","Orrery","Blood Vial","MawBank"],"potions_floor_usage":[16,16,25,27,27,50],"damage_taken":[{"damage":10,"enemies":"Small Slimes","floor":1,"turns":3},{"damage":5,"enemies":"2 Louse","floor":2,"turns":3},{"damage":0,"enemies":"Cultist","floor":5,"turns":3},{"damage":1,"enemies":"Lots of Slimes","floor":7,"turns":3},{"damage":29,"enemies":"Lagavulin","floor":10,"turns":5},{"damage":0,"enemies":"Blue Slaver","floor":11,"turns":3},{"damage":0,"enemies":"2 Fungi Beasts","floor":13,"turns":3},{"damage":8,"enemies":"3 Sentries","floor":14,"turns":6},{"damage":27,"enemies":"Hexaghost","floor":16,"turns":11},{"damage":19,"enemies":"2 Thieves","floor":18,"turns":3},{"damage":4,"enemies":"Chosen","floor":21,"turns":5},{"damage":10,"enemies":"Shelled Parasite and Fungi","floor":25,"turns":5},{"damage":19,"enemies":"Slavers","floor":27,"turns":4},{"damage":0,"enemies":"Cultist and Chosen","floor":29,"turns":6},{"damage":4,"enemies":"Chosen and Byrds","floor":31,"turns":4},{"damage":41,"enemies":"Automaton","floor":33,"turns":9},{"damage":11,"enemies":"Orb Walker","floor":35,"turns":3},{"damage":46,"enemies":"3 Darklings","floor":36,"turns":3},{"damage":14,"enemies":"Sphere and 2 Shapes","floor":38,"turns":5},{"damage":16,"enemies":"Maw","floor":39,"turns":8},{"damage":38,"enemies":"Spire Growth","floor":45,"turns":6},{"damage":19,"enemies":"Reptomancer","floor":46,"turns":6},{"damage":94,"enemies":"Time Eater","floor":50,"turns":10}],"seed_played":"1754733945034582772","potions_obtained":[{"floor":1,"key":"Ancient Potion"},{"floor":5,"key":"Block Potion"},{"floor":11,"key":"EssenceOfSteel"},{"floor":16,"key":"Explosive Potion"},{"floor":18,"key":"PowerPotion"},{"floor":27,"key":"Swift Potion"},{"floor":29,"key":"SpeedPotion"},{"floor":33,"key":"Poison Potion"},{"floor":35,"key":"EssenceOfSteel"}],"is_trial":false,"path_per_floor":["M","M","?","$","M","R","M","$","T","E","M","R","M","E","R","B",null,"M","$","?","M","?","R","?","M","T","E","R","M","R","M","R","B",null,"M","M","?","M","M","R","?","?","T","$","M","M","R","$","R"],"character_chosen":"DEFECT","items_purchased":["Auto Shields","Doom and Gloom","Strawberry","Mayhem+1"],"campfire_rested":6,"item_purchase_floors":[4,8,19,44],"current_hp_per_floor":[65,60,60,60,60,60,59,59,59,30,30,52,52,44,66,39,75,56,63,63,59,59,59,43,33,33,14,55,55,55,51,87,46,87,86,40,40,46,50,50,50,50,50,50,24,17,58,58,87,0],"gold":33,"neow_bonus":"HUNDRED_GOLD","is_prod":false,"is_daily":false,"chose_seed":false,"campfire_upgraded":4,"win_rate":0.0,"timestamp":1538930723,"path_taken":["M","M","?","$","M","R","M","$","T","E","M","R","M","E","R","BOSS","M","$","?","?","?","R","?","M","T","E","R","?","R","M","R","BOSS","M","M","?","M","M","R","?","?","T","$","M","?","R","?","R","BOSS"],"build_version":"2018-10-04v2","purchased_purges":4,"victory":false,"max_hp_per_floor":[75,75,75,75,75,75,75,75,75,75,75,75,75,75,75,75,75,75,82,82,82,82,82,87,87,87,87,87,87,87,87,87,87,87,87,87,87,87,87,87,87,87,87,87,87,87,87,87,87,87],"card_choices":[{"not_picked":["Reprogram","Gash"],"picked":"Coolheaded","floor":1},{"not_picked":["Reinforced Body","Redo"],"picked":"Cold Snap","floor":2},{"not_picked":["Hello World","Conserve Battery"],"picked":"Ball Lightning","floor":5},{"not_picked":["Redo","Go for the Eyes"],"picked":"Cold Snap","floor":7},{"not_picked":["Ball Lightning","Steam"],"picked":"Glacier","floor":10},{"not_picked":["FTL","Redo"],"picked":"Machine Learning+1","floor":11},{"not_picked":["Chaos","Redo","Steam"],"picked":"SKIP","floor":13},{"not_picked":["Redo","Reinforced Body"],"picked":"Conserve Battery","floor":14},{"not_picked":["Multi-Cast","Creative AI+1"],"picked":"Echo Form+1","floor":16},{"not_picked":["Steam Power","Go for the Eyes"],"picked":"Aggregate","floor":18},{"not_picked":["Fusion","Leap"],"picked":"Stack+1","floor":21},{"not_picked":["Streamline","Skim"],"picked":"Conserve Battery","floor":25},{"not_picked":["Compile Driver+1","Barrage","Consume"],"picked":"SKIP","floor":27},{"not_picked":["Steam Power","Hello World+1","Coolheaded"],"picked":"SKIP","floor":29},{"not_picked":["Compile Driver","Fusion"],"picked":"Loop+1","floor":31},{"not_picked":["Multi-Cast","Reboot"],"picked":"Electrodynamics+1","floor":33},{"not_picked":["Melter","Leap"],"picked":"Ball Lightning","floor":34},{"not_picked":["Ball Lightning","Gash+1"],"picked":"Self Repair+1","floor":34},{"not_picked":["Darkness","Coolheaded"],"picked":"Leap+1","floor":34},{"not_picked":["Sweeping Beam+1","Steam"],"picked":"Rainbow","floor":34},{"not_picked":["Compile Driver+1","Undo"],"picked":"Reinforced Body","floor":34},{"not_picked":["Cold Snap","White Noise+1"],"picked":"Loop+1","floor":35},{"not_picked":["Barrage","Cold Snap"],"picked":"Ball Lightning","floor":36},{"not_picked":["Metamorphosis","Mind Blast"],"picked":"Discovery","floor":37},{"not_picked":["Go for the Eyes","Rebound+1","Barrage+1"],"picked":"SKIP","floor":38},{"not_picked":["Stack","BootSequence","Go for the Eyes"],"picked":"SKIP","floor":39},{"not_picked":["Go for the Eyes+1","Loop+1","Rebound+1"],"picked":"SKIP","floor":45},{"not_picked":["Barrage+1","Steam+1","Hologram+1"],"picked":"SKIP","floor":46}],"player_experience":14202,"relics_obtained":[{"floor":9,"key":"Frozen Egg 2"},{"floor":10,"key":"Orichalcum"},{"floor":14,"key":"Mercury Hourglass"},{"floor":26,"key":"Regal Pillow"},{"floor":27,"key":"Centennial Puzzle"},{"floor":43,"key":"MawBank"}],"event_choices":[{"event_name":"Living Wall","player_choice":"Change","floor":3,"damage_taken":0},{"event_name":"Match and Keep!","player_choice":"1 cards matched","floor":20,"damage_taken":0},{"event_name":"Vampires","player_choice":"Ignored","floor":22,"damage_taken":0},{"event_name":"Forgotten Altar","player_choice":"Shed Blood","floor":24,"damage_taken":0},{"event_name":"SensoryStone","player_choice":"Memory 1","floor":37,"damage_taken":0},{"event_name":"WeMeetAgain","player_choice":"Potion","floor":41,"damage_taken":0},{"event_name":"Transmorgrifier","player_choice":"Transform","floor":42,"damage_taken":0}],"is_beta":false,"boss_relics":[{"not_picked":["White Beast Statue","Astrolabe"],"picked":"Velvet Choker"},{"not_picked":["Black Star","Snecko Eye"],"picked":"Orrery"}],"items_purged_floors":[4,8,19,44],"is_endless":false,"potions_floor_spawned":[1,5,11,16,18,27,29,33,35,39],"killed_by":"Time Eater","ascension_level":0}