{"gold_per_floor":[119,130,28,48,48,48,67,67,67,67,134,146,166,181,181,279,279,290,290],"floor_reached":19,"playtime":1673,"items_purged":[],"score":161,"play_id":"1bb3062a-8faf-43ab-b9dd-cad4fd0f37cf","local_time":"20190209000029","is_ascension_mode":false,"campfire_choices":[{"data":"Armaments","floor":6,"key":"SMITH"},{"data":"Infernal Blade","floor":8,"key":"SMITH"},{"data":"Cleave","floor":10,"key":"SMITH"},{"floor":15,"key":"REST"}],"neow_cost":"","seed_source_timestamp":203010455800,"circlet_count":0,"master_deck":["Strike_R","Strike_R","Strike_R","Strike_R","Strike_R","Defend_R","Defend_R","Defend_R","Defend_R","Bash","Armaments+1","Infernal Blade+1","Cleave+1","Flex","Perfected Strike","Pommel Strike","Ghostly Armor","Headbutt","Corruption","Barricade","Rampage"],"relics":["Black Blood","Gambling Chip","Bottled Flame"],"potions_floor_usage":[13,16,16],"damage_taken":[{"damage":6,"enemies":"2 Louse","floor":1,"turns":2},{"damage":3,"enemies":"Small Slimes","floor":2,"turns":5},{"damage":1,"enemies":"Jaw Worm","floor":4,"turns":3},{"damage":13,"enemies":"Lots of Slimes","floor":7,"turns":5},{"damage":0,"enemies":"Looter","floor":12,"turns":2},{"damage":3,"enemies":"Blue Slaver","floor":13,"turns":3},{"damage":11,"enemies":"Lots of Slimes","floor":14,"turns":2},{"damage":62,"enemies":"The Guardian","floor":16,"turns":11},{"damage":56,"enemies":"Spheric Guardian","floor":18,"turns":8},{"damage":35,"enemies":"3 Byrds","floor":19,"turns":4}],"seed_played":"-5752015718369531194","potions_obtained":[{"floor":7,"key":"EssenceOfSteel"},{"floor":12,"key":"Energy Potion"},{"floor":14,"key":"EssenceOfSteel"},{"floor":16,"key":"Swift Potion"}],"is_trial":false,"path_per_floor":["M","M","$","M","?","R","M","R","T","R","?","M","M","M","R","B",null,"M","M"],"character_chosen":"IRONCLAD","items_purchased":["Cleave","Flex"],"campfire_rested":1,"item_purchase_floors":[3,3],"current_hp_per_floor":[80,80,80,80,62,62,55,55,55,55,55,61,64,59,80,24,80,34,0],"gold":290,"neow_bonus":"","is_prod":false,"is_daily":false,"chose_seed":false,"campfire_upgraded":3,"win_rate":0.0,"timestamp":1549641629,"path_taken":["M","M","$","M","?","R","M","R","T","R","?","M","M","M","R","BOSS","M","M"],"build_version":"2019-01-23","purchased_purges":0,"victory":false,"max_hp_per_floor":[80,80,80,80,80,80,80,80,80,80,80,80,80,80,80,80,80,80,80],"card_choices":[{"not_picked":["Flex","Sever Soul"],"picked":"Armaments","floor":1},{"not_picked":["Clash","Armaments"],"picked":"Infernal Blade","floor":2},{"not_picked":["Dropkick","Blood for Blood"],"picked":"Perfected Strike","floor":4},{"not_picked":["Shrug It Off","Dual Wield"],"picked":"Pommel Strike","floor":7},{"not_picked":["Clash","True Grit"],"picked":"Ghostly Armor","floor":12},{"not_picked":["Uppercut","Body Slam"],"picked":"Headbutt","floor":13},{"not_picked":["Uppercut","Pommel Strike"],"picked":"Corruption","floor":14},{"not_picked":["Impervious","Double Tap"],"picked":"Barricade","floor":16},{"not_picked":["Headbutt","Body Slam+1"],"picked":"Rampage","floor":18}],"player_experience":0,"relics_obtained":[{"floor":9,"key":"Bottled Flame"}],"event_choices":[{"damage_healed":0,"gold_gain":0,"player_choice":"Success","damage_taken":18,"relics_obtained":["Gambling Chip"],"max_hp_gain":0,"max_hp_loss":0,"event_name":"Scrap Ooze","floor":5,"gold_loss":0},{"damage_healed":0,"gold_gain":67,"player_choice":"Gained Gold","damage_taken":0,"max_hp_gain":0,"max_hp_loss":0,"event_name":"Golden Wing","floor":11,"gold_loss":0}],"is_beta":false,"boss_relics":[{"not_picked":["Coffee Dripper","Philosopher\u0027s Stone"],"picked":"Black Blood"}],"items_purged_floors":[],"is_endless":false,"potions_floor_spawned":[7,12,14,16],"killed_by":"3 Byrds","ascension_level":0}