{"gold_per_floor":[110,129,49,49,65,65,93,110,136,147,163,163],"floor_reached":12,"playtime":511,"items_purged":[],"score":82,"play_id":"dcd9a4e8-15d5-4ebf-b0de-f0bb29b2326f","local_time":"20190209182419","is_ascension_mode":false,"campfire_choices":[{"floor":6,"key":"RECALL"}],"neow_cost":"NONE","seed_source_timestamp":67598839168000,"circlet_count":0,"master_deck":["Strike_B","Strike_B","Strike_B","Strike_B","Defend_B","Defend_B","Defend_B","Defend_B","Zap","Dualcast","Doom and Gloom","Chill","Sweeping Beam","Rip and Tear","Redo","Compile Driver","Beam Cell","Stack","Turbo","Redo"],"relics":["Cracked Core","Bag of Preparation"],"potions_floor_usage":[12],"damage_taken":[{"damage":7,"enemies":"Small Slimes","floor":1,"turns":3},{"damage":1,"enemies":"Cultist","floor":2,"turns":3},{"damage":6,"enemies":"Jaw Worm","floor":5,"turns":2},{"damage":31,"enemies":"Lagavulin","floor":7,"turns":7},{"damage":11,"enemies":"Large Slime","floor":8,"turns":3},{"damage":0,"enemies":"Gremlin Gang","floor":10,"turns":3},{"damage":11,"enemies":"Lots of Slimes","floor":11,"turns":2},{"damage":26,"enemies":"Exordium Thugs","floor":12,"turns":3}],"seed_played":"-8166395710193071766","potions_obtained":[{"floor":2,"key":"SpeedPotion"},{"floor":10,"key":"SkillPotion"},{"floor":11,"key":"Regen Potion"}],"is_trial":false,"path_per_floor":["M","M","$","?","M","R","E","M","T","M","M","M"],"character_chosen":"DEFECT","items_purchased":["Rip and Tear","Redo"],"campfire_rested":0,"item_purchase_floors":[3,3],"current_hp_per_floor":[68,67,67,67,61,61,30,19,19,19,8,0],"gold":163,"neow_bonus":"THREE_CARDS","is_prod":false,"is_daily":false,"chose_seed":false,"campfire_upgraded":0,"win_rate":0,"timestamp":1549707859,"path_taken":["M","M","$","?","M","R","E","?","T","M","?","M"],"build_version":"2019-01-23","purchased_purges":0,"victory":false,"max_hp_per_floor":[75,75,75,75,75,75,75,75,75,75,75,75],"card_choices":[{"not_picked":["Redo","Compile Driver"],"picked":"Doom and Gloom","floor":0},{"not_picked":["Compile Driver","Undo"],"picked":"Chill","floor":1},{"not_picked":["Cold Snap","Redo"],"picked":"Sweeping Beam","floor":2},{"not_picked":["Stack","Echo Form"],"picked":"Compile Driver","floor":5},{"not_picked":["Turbo","Reboot"],"picked":"Beam Cell","floor":7},{"not_picked":["Gash","Scrape"],"picked":"Stack","floor":8},{"not_picked":["Rip and Tear","Double Energy"],"picked":"Turbo","floor":10},{"not_picked":["Heatsinks","Gash"],"picked":"Redo","floor":11}],"player_experience":24799,"relics_obtained":[{"floor":7,"key":"Bag of Preparation"}],"event_choices":[{"damage_healed":0,"gold_gain":0,"player_choice":"Ignored","damage_taken":0,"max_hp_gain":0,"max_hp_loss":0,"event_name":"Purifier","floor":4,"gold_loss":0}],"is_beta":false,"boss_relics":[],"items_purged_floors":[],"is_endless":false,"potions_floor_spawned":[2,10,11],"killed_by":"Exordium Thugs","ascension_level":0}