{"gold_per_floor":[112,37,51,62,76,87,87,100,100,110,86,86,261,271,271,371,371,388,388,405,107,107,139,139,139,139,139,139],"floor_reached":28,"playtime":584,"items_purged":["Strike_R","Doubt"],"score":230,"play_id":"16f14da9-1135-46f4-888d-86075cfcd471","local_time":"20190204103813","is_ascension_mode":false,"campfire_choices":[{"data":"Perfected Strike","floor":7,"key":"SMITH"},{"data":"Flame Barrier","floor":15,"key":"SMITH"},{"data":"Barricade","floor":25,"key":"SMITH"}],"neow_cost":"NONE","seed_source_timestamp":235410675128273,"circlet_count":0,"master_deck":["Strike_R","Strike_R","Strike_R","Defend_R","Defend_R","Defend_R","Defend_R","Bash","Perfected Strike+1","Heavy Blade","Twin Strike","Flame Barrier+1","Pommel Strike","Cleave","Cleave","Twin Strike","Barricade+1","Metallicize","Shrug It Off+1","Entrench","Decay"],"relics":["Burning Blood","Bag of Marbles","Mark of Pain","Girya","Sling","Potion Belt"],"potions_floor_usage":[20,20,23],"damage_taken":[{"damage":5,"enemies":"Cultist","floor":1,"turns":4},{"damage":7,"enemies":"2 Louse","floor":3,"turns":3},{"damage":5,"enemies":"Small Slimes","floor":4,"turns":3},{"damage":0,"enemies":"2 Fungi Beasts","floor":5,"turns":2},{"damage":5,"enemies":"Large Slime","floor":6,"turns":5},{"damage":11,"enemies":"Exordium Wildlife","floor":8,"turns":4},{"damage":19,"enemies":"Blue Slaver","floor":10,"turns":3},{"damage":13,"enemies":"2 Fungi Beasts","floor":14,"turns":3},{"damage":48,"enemies":"Slime Boss","floor":16,"turns":9},{"damage":26,"enemies":"Chosen","floor":18,"turns":5},{"damage":15,"enemies":"2 Thieves","floor":20,"turns":3},{"damage":63,"enemies":"Slavers","floor":23,"turns":5},{"damage":7,"enemies":"Snake Plant","floor":28,"turns":2}],"seed_played":"5848629358997711752","potions_obtained":[{"floor":1,"key":"SteroidPotion"},{"floor":6,"key":"Fire Potion"},{"floor":14,"key":"GamblersBrew"},{"floor":18,"key":"Fruit Juice"},{"floor":20,"key":"Explosive Potion"}],"is_trial":false,"path_per_floor":["M","$","M","M","M","M","R","M","T","M","$","?","?","M","R","B",null,"M","?","M","$","?","E","?","R","T","?","M"],"character_chosen":"IRONCLAD","items_purchased":["Twin Strike","Sling"],"campfire_rested":0,"item_purchase_floors":[11,21],"current_hp_per_floor":[88,88,87,88,88,88,88,83,83,70,70,63,63,56,56,14,88,68,68,64,64,64,7,7,7,7,7,0],"gold":139,"neow_bonus":"TEN_PERCENT_HP_BONUS","is_prod":false,"is_daily":false,"chose_seed":false,"campfire_upgraded":3,"win_rate":0,"timestamp":1549247893,"path_taken":["M","$","M","?","M","M","R","M","T","M","$","?","?","M","R","BOSS","M","?","M","$","?","E","?","R","T","?","M"],"build_version":"2019-01-23","purchased_purges":2,"victory":false,"max_hp_per_floor":[88,88,88,88,88,88,88,88,88,88,88,88,88,88,88,88,88,88,88,93,93,93,93,93,93,93,93,93],"card_choices":[{"not_picked":["Infernal Blade","Wild Strike"],"picked":"Perfected Strike","floor":1},{"not_picked":["Rampage","Clothesline"],"picked":"Heavy Blade","floor":3},{"not_picked":["Flame Barrier","Wild Strike"],"picked":"Twin Strike","floor":4},{"not_picked":["Havoc","Uppercut"],"picked":"Flame Barrier","floor":5},{"not_picked":["Power Through","Corruption"],"picked":"Pommel Strike","floor":6},{"not_picked":["Fire Breathing","Fiend Fire"],"picked":"Cleave","floor":8},{"not_picked":["Disarm","Anger"],"picked":"Cleave","floor":10},{"not_picked":["Heavy Blade","Headbutt","Cleave"],"picked":"SKIP","floor":14},{"not_picked":["Feed","Immolate"],"picked":"Barricade","floor":16},{"not_picked":["Clash+1","Headbutt"],"picked":"Metallicize","floor":18},{"not_picked":["Cleave+1","Havoc"],"picked":"Shrug It Off+1","floor":20},{"not_picked":["Uppercut","Pommel Strike"],"picked":"Entrench","floor":23}],"player_experience":195853,"relics_obtained":[{"floor":9,"key":"Bag of Marbles"},{"floor":23,"key":"Potion Belt"}],"event_choices":[{"cards_removed":["Strike_R"],"damage_healed":0,"gold_gain":0,"player_choice":"Card Removal","damage_taken":7,"max_hp_gain":0,"max_hp_loss":0,"event_name":"Golden Wing","floor":12,"gold_loss":0},{"damage_healed":0,"gold_gain":175,"player_choice":"AGREE","damage_taken":0,"max_hp_gain":0,"max_hp_loss":0,"event_name":"Liars Game","floor":13,"gold_loss":0,"cards_obtained":["Doubt"]},{"damage_healed":0,"gold_gain":0,"player_choice":"Opened","damage_taken":0,"relics_obtained":["Girya"],"max_hp_gain":0,"max_hp_loss":0,"event_name":"The Mausoleum","floor":19,"gold_loss":0,"cards_obtained":["Writhe"]},{"cards_removed":["Writhe"],"damage_healed":0,"gold_gain":0,"player_choice":"Elegance","damage_taken":0,"max_hp_gain":0,"max_hp_loss":0,"event_name":"Back to Basics","floor":22,"gold_loss":0},{"damage_healed":0,"gold_gain":0,"player_choice":"Ignored","damage_taken":0,"max_hp_gain":0,"max_hp_loss":0,"event_name":"Ghosts","floor":24,"gold_loss":0},{"damage_healed":0,"gold_gain":0,"player_choice":"Smashed Altar","damage_taken":0,"max_hp_gain":0,"max_hp_loss":0,"event_name":"Forgotten Altar","floor":27,"gold_loss":0,"cards_obtained":["Decay"]}],"is_beta":false,"boss_relics":[{"not_picked":["Black Blood","Coffee Dripper"],"picked":"Mark of Pain"}],"items_purged_floors":[2,21],"is_endless":false,"potions_floor_spawned":[1,6,14,18,20],"killed_by":"Snake Plant","ascension_level":0}