{"gold_per_floor":[113,125,125,135,1,1,11,71,94,94,122,122],"floor_reached":12,"playtime":1780,"items_purged":["Strike_B"],"score":140,"play_id":"bc010c1d-5990-42b0-a100-fbbb49b951ff","local_time":"20190126190238","is_ascension_mode":true,"campfire_choices":[{"floor":6,"key":"REST"}],"neow_cost":"NONE","seed_source_timestamp":160932234983700,"circlet_count":0,"master_deck":["AscendersBane","Strike_B","Defend_B","Defend_B","Defend_B","Defend_B","Zap","Dualcast","Skim","Gash","Hologram","Conserve Battery","Gash","Go for the Eyes","Ball Lightning","Capacitor"],"relics":["Cracked Core","Bronze Scales","Boot","Symbiotic Virus","Pen Nib"],"potions_floor_usage":[],"damage_taken":[{"damage":7,"enemies":"Jaw Worm","floor":1,"turns":3},{"damage":0,"enemies":"Small Slimes","floor":2,"turns":3},{"damage":11,"enemies":"Cultist","floor":4,"turns":5},{"damage":1,"enemies":"2 Fungi Beasts","floor":7,"turns":3},{"damage":27,"enemies":"3 Sentries","floor":8,"turns":8},{"damage":24,"enemies":"Lagavulin","floor":11,"turns":4},{"damage":9,"enemies":"Exordium Thugs","floor":12,"turns":1}],"seed_played":"6277228545590267217","potions_obtained":[{"floor":4,"key":"SteroidPotion"},{"floor":8,"key":"Strength Potion"}],"is_trial":false,"path_per_floor":["M","M","?","M","$","R","M","?","T","T","E","M"],"character_chosen":"DEFECT","items_purchased":["Gash"],"campfire_rested":1,"item_purchase_floors":[5],"current_hp_per_floor":[57,57,50,39,39,60,59,32,32,32,8,0],"gold":122,"neow_bonus":"TRANSFORM_CARD","is_prod":false,"is_daily":false,"chose_seed":false,"campfire_upgraded":0,"win_rate":0,"timestamp":1548558158,"path_taken":["M","M","?","M","$","R","M","?","T","?","E","?"],"build_version":"2019-01-23","purchased_purges":1,"victory":false,"max_hp_per_floor":[71,71,71,71,71,71,71,71,71,71,71,71],"card_choices":[{"not_picked":["Stack","Self Repair"],"picked":"Gash","floor":1},{"not_picked":["Genetic Algorithm","Barrage"],"picked":"Hologram","floor":2},{"not_picked":["Steam","Streamline"],"picked":"Conserve Battery","floor":4},{"not_picked":["Skim","Amplify"],"picked":"Go for the Eyes","floor":7},{"not_picked":["Static Discharge","Undo"],"picked":"Ball Lightning","floor":8},{"not_picked":["Steam","Machine Learning"],"picked":"Capacitor","floor":11}],"player_experience":1201287,"relics_obtained":[{"floor":8,"key":"Bronze Scales"},{"floor":9,"key":"Boot"},{"floor":10,"key":"Symbiotic Virus"},{"floor":11,"key":"Pen Nib"}],"event_choices":[{"cards_removed":["Strike_B"],"damage_healed":0,"gold_gain":0,"player_choice":"Card Removal","damage_taken":7,"max_hp_gain":0,"max_hp_loss":0,"event_name":"Golden Wing","floor":3,"gold_loss":0},{"damage_healed":0,"gold_gain":30,"player_choice":"Searched \u00273\u0027 times","damage_taken":0,"max_hp_gain":0,"max_hp_loss":0,"event_name":"Dead Adventurer","floor":8,"gold_loss":0}],"is_beta":false,"boss_relics":[],"items_purged_floors":[5],"is_endless":false,"potions_floor_spawned":[4,8,11],"killed_by":"Exordium Thugs","ascension_level":16}