{"gold_per_floor":[114,289,303,45,45,45,61,73,119,119],"floor_reached":10,"playtime":474,"items_purged":[],"score":99,"play_id":"e7bf14bf-fea2-417c-94ad-e555f1eb440a","local_time":"20181124151039","is_ascension_mode":true,"campfire_choices":[{"data":"Regret","floor":6,"key":"PURGE"}],"neow_cost":"CURSE","seed_source_timestamp":346603994872790,"circlet_count":0,"master_deck":["AscendersBane","Defend_G","Defend_G","Defend_G","Defend_G","Defend_G","Strike_G","Strike_G","Strike_G","Strike_G","Strike_G","Survivor","Neutralize+1","Expertise","Doubt","Footwork","Distraction+1"],"relics":["Ring of the Snake","Peace Pipe","Toxic Egg 2","Juzu Bracelet"],"potions_floor_usage":[],"damage_taken":[{"damage":11,"enemies":"2 Louse","floor":1,"turns":5},{"damage":15,"enemies":"Small Slimes","floor":3,"turns":5},{"damage":0,"enemies":"Cultist","floor":7,"turns":5},{"damage":6,"enemies":"3 Louse","floor":8,"turns":6},{"damage":32,"enemies":"3 Sentries","floor":10,"turns":9}],"seed_played":"5176598522518095963","potions_obtained":[],"is_trial":false,"path_per_floor":["M","?","M","$","?","R","M","M","T","?"],"character_chosen":"THE_SILENT","items_purchased":["Toxic Egg 2"],"campfire_rested":0,"item_purchase_floors":[4],"current_hp_per_floor":[48,48,33,33,33,33,33,27,27,0],"gold":119,"neow_bonus":"ONE_RARE_RELIC","is_prod":false,"is_daily":false,"chose_seed":false,"campfire_upgraded":0,"win_rate":0,"timestamp":1543101039,"path_taken":["M","?","M","$","?","R","M","?","T","?"],"build_version":"2018-11-15","purchased_purges":0,"victory":false,"max_hp_per_floor":[66,66,66,66,66,66,66,66,66,66],"card_choices":[{"not_picked":["Blade Dance","Riddle With Holes"],"picked":"Expertise","floor":1},{"not_picked":["Bane","Blade Dance"],"picked":"Footwork","floor":3},{"not_picked":["Bane","Cloak And Dagger+1"],"picked":"Distraction+1","floor":7},{"not_picked":["Cloak And Dagger+1","Crippling Poison+1","Eviscerate"],"picked":"SKIP","floor":8}],"player_experience":143472,"relics_obtained":[{"floor":9,"key":"Juzu Bracelet"}],"event_choices":[{"damage_healed":0,"gold_gain":175,"player_choice":"AGREE","damage_taken":0,"max_hp_gain":0,"max_hp_loss":0,"event_name":"Liars Game","floor":2,"gold_loss":0,"cards_obtained":["Doubt"]},{"damage_healed":0,"gold_gain":0,"player_choice":"Forge","damage_taken":0,"max_hp_gain":0,"max_hp_loss":0,"event_name":"Accursed Blacksmith","floor":5,"gold_loss":0,"cards_upgraded":["Neutralize"]},{"damage_healed":0,"gold_gain":0,"player_choice":"Searched \u00271\u0027 times","damage_taken":0,"max_hp_gain":0,"max_hp_loss":0,"event_name":"Dead Adventurer","floor":10,"gold_loss":0}],"is_beta":false,"boss_relics":[],"items_purged_floors":[],"is_endless":false,"potions_floor_spawned":[],"killed_by":"3 Sentries","ascension_level":14}