{"gold_per_floor":[111,130,140,152,167,194,194,208,208,208],"floor_reached":10,"playtime":1213,"items_purged":[],"score":94,"play_id":"29dcdd8b-2a95-4fdf-806b-d2c85089ebef","local_time":"20190124084119","is_ascension_mode":true,"campfire_choices":[{"data":"Rampage","floor":7,"key":"SMITH"}],"neow_cost":"NONE","seed_source_timestamp":0,"circlet_count":0,"master_deck":["Strike_R","Strike_R","Strike_R","Strike_R","Strike_R","Defend_R","Defend_R","Defend_R","Defend_R","Bash","Twin Strike","Rampage+1","True Grit","Cleave","Shrug It Off","Spot Weakness"],"special_seed":0,"relics":["Burning Blood","Prayer Wheel","Champion Belt"],"potions_floor_usage":[4,6,10],"damage_taken":[{"damage":1,"enemies":"Cultist","floor":1,"turns":3},{"damage":0,"enemies":"Small Slimes","floor":2,"turns":3},{"damage":7,"enemies":"2 Louse","floor":3,"turns":2},{"damage":25,"enemies":"Exordium Thugs","floor":4,"turns":5},{"damage":12,"enemies":"Lots of Slimes","floor":5,"turns":5},{"damage":28,"enemies":"Lagavulin","floor":6,"turns":6},{"damage":2,"enemies":"3 Louse","floor":8,"turns":2},{"damage":37,"enemies":"3 Sentries","floor":10,"turns":8}],"seed_played":"-270965598826574996","potions_obtained":[{"floor":1,"key":"Block Potion"},{"floor":2,"key":"Ancient Potion"},{"floor":6,"key":"Weak Potion"}],"is_trial":false,"path_per_floor":["M","M","M","M","M","E","R","M","T","E"],"character_chosen":"IRONCLAD","items_purchased":[],"campfire_rested":0,"item_purchase_floors":[],"current_hp_per_floor":[77,80,79,60,54,32,32,36,36,0],"gold":208,"neow_bonus":"THREE_CARDS","is_prod":false,"is_daily":false,"chose_seed":false,"campfire_upgraded":1,"win_rate":0,"timestamp":1548315679,"path_taken":["M","M","?","M","M","E","R","M","T","E"],"build_version":"2019-01-23","purchased_purges":0,"victory":false,"max_hp_per_floor":[80,80,80,80,80,80,80,80,80,80],"card_choices":[{"not_picked":["Disarm","Sever Soul"],"picked":"Twin Strike","floor":1},{"not_picked":["Clash","Carnage"],"picked":"Rampage","floor":2},{"not_picked":["Sentinel","Thunderclap"],"picked":"True Grit","floor":3},{"not_picked":["Rupture","Fire Breathing","Blood for Blood"],"picked":"SKIP","floor":4},{"not_picked":["Rupture","Fire Breathing","Blood for Blood"],"picked":"SKIP","floor":4},{"not_picked":["Body Slam","Second Wind"],"picked":"Cleave","floor":5},{"not_picked":["Flex","Pummel","Bloodletting"],"picked":"SKIP","floor":6},{"not_picked":["Spot Weakness","Headbutt"],"picked":"Shrug It Off","floor":8},{"not_picked":["Carnage","True Grit"],"picked":"Spot Weakness","floor":8}],"player_experience":38373,"relics_obtained":[{"floor":6,"key":"Prayer Wheel"},{"floor":9,"key":"Champion Belt"}],"event_choices":[],"is_beta":false,"boss_relics":[],"items_purged_floors":[],"is_endless":false,"potions_floor_spawned":[1,2,6],"killed_by":"3 Sentries","ascension_level":6}