{"gold_per_floor":[364,364,83,97,114,114,147,147,147,157,157,57,57,70,70,169,169,188,208,208,46,46,46,60,60,60,60,60,73,73,23,23,122,122,138,138,138,138,149,149,149,149,176,176],"floor_reached":44,"playtime":1407,"items_purged":["Strike_B","Strike_B","Strike_B"],"score":427,"play_id":"b0fd8eba-d560-4809-94a4-a3b4d349caf8","local_time":"20190122024115","is_ascension_mode":false,"campfire_choices":[{"data":"Whirlwind","floor":6,"key":"SMITH"},{"floor":11,"key":"REST"},{"data":"Zap","floor":13,"key":"SMITH"},{"floor":15,"key":"REST"},{"floor":23,"key":"REST"},{"data":"Storm","floor":27,"key":"SMITH"},{"floor":32,"key":"REST"},{"floor":40,"key":"REST"}],"neow_cost":"PERCENT_DAMAGE","seed_source_timestamp":106907241307017,"circlet_count":0,"master_deck":["Defend_B","Defend_B","Defend_B","Zap+1","Dualcast","Backflip","Whirlwind+1","Dagger Spray+1","Prepared","Demon Form","Sucker Punch+1","Defragment","Storm+1","Static Discharge","Footwork+1","Mayhem","Evolve","Ball Lightning+1","Leap+1","Limit Break","Madness","Madness","Footwork+1"],"relics":["Cracked Core","PrismaticShard","Pear","Darkstone Periapt","Bottled Flame","Velvet Choker","Enchiridion","Ancient Tea Set","Orrery","Whetstone"],"potions_floor_usage":[16,16,33],"damage_taken":[{"damage":0,"enemies":"Small Slimes","floor":1,"turns":2},{"damage":1,"enemies":"Cultist","floor":4,"turns":3},{"damage":6,"enemies":"Jaw Worm","floor":5,"turns":3},{"damage":30,"enemies":"3 Sentries","floor":7,"turns":7},{"damage":4,"enemies":"Exordium Thugs","floor":10,"turns":4},{"damage":10,"enemies":"Exordium Wildlife","floor":14,"turns":3},{"damage":41,"enemies":"The Guardian","floor":16,"turns":12},{"damage":16,"enemies":"Spheric Guardian","floor":18,"turns":4},{"damage":4,"enemies":"3 Byrds","floor":19,"turns":3},{"damage":12,"enemies":"3 Cultists","floor":24,"turns":3},{"damage":37,"enemies":"Snake Plant","floor":29,"turns":3},{"damage":39,"enemies":"Collector","floor":33,"turns":8},{"damage":41,"enemies":"3 Darklings","floor":35,"turns":4},{"damage":23,"enemies":"Orb Walker","floor":39,"turns":3},{"damage":37,"enemies":"Spire Growth","floor":44,"turns":3}],"seed_played":"-6149816099871449111","potions_obtained":[{"floor":4,"key":"FearPotion"},{"floor":7,"key":"SpeedPotion"},{"floor":10,"key":"LiquidBronze"},{"floor":24,"key":"Block Potion"},{"floor":35,"key":"Energy Potion"}],"is_trial":false,"path_per_floor":["M","?","$","M","M","R","E","?","T","M","R","$","R","M","R","B",null,"M","M","?","$","?","R","M","?","T","R","?","M","?","?","R","B",null,"M","$","?","?","M","R","?","?","T","M"],"character_chosen":"DEFECT","items_purchased":["PrismaticShard","Defragment"],"campfire_rested":5,"item_purchase_floors":[3,21],"current_hp_per_floor":[54,54,54,53,47,47,27,27,27,23,48,48,48,38,63,22,85,69,65,65,65,49,74,62,62,62,62,62,25,25,25,50,11,85,44,44,44,44,21,46,35,35,35,0],"gold":176,"neow_bonus":"TWO_FIFTY_GOLD","is_prod":false,"is_daily":false,"chose_seed":false,"campfire_upgraded":3,"win_rate":0,"timestamp":1548096075,"path_taken":["M","?","$","?","M","R","E","?","T","M","R","?","R","M","R","BOSS","M","M","?","$","?","R","M","?","T","R","?","?","?","?","R","BOSS","M","$","?","?","M","R","?","?","T","M"],"build_version":"2019-01-17v2","purchased_purges":3,"victory":false,"max_hp_per_floor":[75,75,75,75,75,75,85,85,85,85,85,85,85,85,85,85,85,85,85,85,85,85,85,85,85,85,85,85,85,85,85,85,85,85,85,85,85,85,85,85,85,85,85,85],"card_choices":[{"not_picked":["Compile Driver","Steam","Aggregate"],"picked":"SKIP","floor":1},{"not_picked":["Bane","Discovery"],"picked":"Backflip","floor":4},{"not_picked":["Prepared","Twin Strike"],"picked":"Whirlwind","floor":5},{"not_picked":["Setup","Aggregate","Gash"],"picked":"SKIP","floor":7},{"not_picked":["Accuracy","Clothesline"],"picked":"Dagger Spray","floor":10},{"not_picked":["Corruption","Reprogram"],"picked":"Prepared","floor":14},{"not_picked":["Malaise","Berserk"],"picked":"Demon Form","floor":16},{"not_picked":["Body Slam","Burning Pact+1","Tempest"],"picked":"SKIP","floor":18},{"not_picked":["Flechettes","Power Through"],"picked":"Sucker Punch","floor":19},{"not_picked":["Barrage","Anger+1"],"picked":"Storm","floor":24},{"not_picked":["Clash","Blade Dance+1"],"picked":"Footwork+1","floor":29},{"not_picked":["A Thousand Cuts","Secret Weapon"],"picked":"Mayhem","floor":33},{"not_picked":["Steam","Quick Slash"],"picked":"Evolve","floor":34},{"not_picked":["Leap","Rip and Tear+1"],"picked":"Ball Lightning+1","floor":34},{"not_picked":["Uppercut","Stack"],"picked":"Leap+1","floor":34},{"not_picked":["Thunderclap","Headbutt"],"picked":"Limit Break","floor":35},{"not_picked":["Sweeping Beam","Slice","Predator+1"],"picked":"SKIP","floor":39}],"player_experience":113534,"relics_obtained":[{"floor":7,"key":"Pear"},{"floor":9,"key":"Bottled Flame"},{"floor":22,"key":"Enchiridion"},{"floor":26,"key":"Ancient Tea Set"},{"floor":43,"key":"Whetstone"}],"event_choices":[{"damage_healed":0,"gold_gain":0,"player_choice":"Ignored","damage_taken":0,"max_hp_gain":0,"max_hp_loss":0,"event_name":"NoteForYourself","floor":2,"gold_loss":0},{"damage_healed":0,"gold_gain":0,"player_choice":"Gave Potion","damage_taken":0,"relics_obtained":["Darkstone Periapt"],"max_hp_gain":0,"max_hp_loss":0,"event_name":"WeMeetAgain","floor":8,"gold_loss":0},{"damage_healed":0,"gold_gain":0,"player_choice":"Ignored","damage_taken":0,"max_hp_gain":0,"max_hp_loss":0,"event_name":"Vampires","floor":20,"gold_loss":0},{"damage_healed":0,"gold_gain":0,"player_choice":"Obtained Book","damage_taken":16,"max_hp_gain":0,"max_hp_loss":0,"event_name":"Cursed Tome","floor":22,"gold_loss":0},{"damage_healed":0,"gold_gain":0,"player_choice":"Read","damage_taken":0,"max_hp_gain":0,"max_hp_loss":0,"event_name":"The Library","floor":25,"gold_loss":0,"cards_obtained":["Static Discharge"]},{"damage_healed":0,"gold_gain":0,"player_choice":"Ignored","damage_taken":0,"max_hp_gain":0,"max_hp_loss":0,"event_name":"Beggar","floor":28,"gold_loss":0},{"cards_removed":["Strike_B"],"damage_healed":0,"gold_gain":0,"player_choice":"Elegance","damage_taken":0,"max_hp_gain":0,"max_hp_loss":0,"event_name":"Back to Basics","floor":30,"gold_loss":0},{"damage_healed":0,"gold_gain":0,"player_choice":"Bet on Murderer","damage_taken":0,"max_hp_gain":0,"max_hp_loss":0,"event_name":"The Joust","floor":31,"gold_loss":50},{"cards_removed":["Defend_B"],"damage_healed":0,"gold_gain":0,"player_choice":"Removed Skill","damage_taken":0,"max_hp_gain":0,"max_hp_loss":0,"event_name":"Falling","floor":37,"gold_loss":0},{"damage_healed":0,"gold_gain":0,"player_choice":"Ignored","damage_taken":0,"max_hp_gain":0,"max_hp_loss":0,"event_name":"Mysterious Sphere","floor":38,"gold_loss":0},{"damage_healed":0,"gold_gain":0,"player_choice":"Embrace Madness","damage_taken":11,"max_hp_gain":0,"max_hp_loss":0,"event_name":"Winding Halls","floor":41,"gold_loss":0,"cards_obtained":["Madness","Madness"]},{"damage_healed":0,"gold_gain":0,"player_choice":"Copied","damage_taken":0,"max_hp_gain":0,"max_hp_loss":0,"event_name":"Duplicator","floor":42,"gold_loss":0,"cards_obtained":["Footwork"]}],"is_beta":false,"boss_relics":[{"not_picked":["Philosopher\u0027s Stone","Inserter"],"picked":"Velvet Choker"},{"not_picked":["FrozenCore","Black Star"],"picked":"Orrery"}],"items_purged_floors":[3,12,21],"is_endless":false,"potions_floor_spawned":[4,7,10,24,35],"killed_by":"Spire Growth","ascension_level":0}