{"gold_per_floor":[99,99,99,99,99,99,64,64,64,64,64,64,64,64,64,64,64,34,34,34,34,34,34,34,34,34,34,34,34,34,34],"floor_reached":31,"playtime":2535,"items_purged":[],"score":473,"play_id":"0ac31c2e-e711-4697-9755-19ebd5ec4760","local_time":"20181102204401","is_ascension_mode":true,"campfire_choices":[{"data":"Dagger Throw","floor":6,"key":"SMITH"},{"data":"Neutralize","floor":10,"key":"SMITH"},{"data":"Terror","floor":15,"key":"SMITH"},{"floor":23,"key":"REST"},{"floor":27,"key":"REST"}],"neow_cost":"NONE","seed_source_timestamp":445369555562666,"circlet_count":0,"master_deck":["AscendersBane","Defend_G","Defend_G","Defend_G","Defend_G","Defend_G","Strike_G","Strike_G","Strike_G","Strike_G","Strike_G","Survivor","Neutralize+1","Footwork","Masterful Stab","Dagger Throw","Dagger Throw+1","Prepared","Grand Finale","Terror+1","Adrenaline","Backflip","Adrenaline","Acrobatics","Dagger Spray","Calculated Gamble","Footwork+1","Caltrops+1","Blur+1","Acrobatics","RitualDagger","Skewer"],"relics":["Ectoplasm","Frozen Egg 2","Vajra","Bag of Marbles","Sozu","Orichalcum","SsserpentHead"],"potions_floor_usage":[16],"damage_taken":[{"damage":7,"enemies":"Small Slimes","floor":1,"turns":4},{"damage":4,"enemies":"Jaw Worm","floor":2,"turns":5},{"damage":0,"enemies":"2 Louse","floor":3,"turns":3},{"damage":1,"enemies":"2 Fungi Beasts","floor":4,"turns":3},{"damage":0,"enemies":"Red Slaver","floor":5,"turns":3},{"damage":13,"enemies":"3 Sentries","floor":8,"turns":9},{"damage":27,"enemies":"Gremlin Nob","floor":11,"turns":5},{"damage":13,"enemies":"Lots of Slimes","floor":13,"turns":6},{"damage":3,"enemies":"Blue Slaver","floor":14,"turns":2},{"damage":0,"enemies":"Slime Boss","floor":16,"turns":5},{"damage":3,"enemies":"2 Thieves","floor":18,"turns":4},{"damage":0,"enemies":"3 Byrds","floor":19,"turns":5},{"damage":8,"enemies":"3 Cultists","floor":20,"turns":3},{"damage":25,"enemies":"Sentry and Sphere","floor":21,"turns":6},{"damage":0,"enemies":"Snecko","floor":22,"turns":3},{"damage":15,"enemies":"Chosen and Byrds","floor":24,"turns":4},{"damage":1,"enemies":"Sentry and Sphere","floor":25,"turns":6},{"damage":23,"enemies":"Shelled Parasite and Fungi","floor":29,"turns":5},{"damage":24,"enemies":"Slavers","floor":31,"turns":1}],"seed_played":"-1590110461254660876","potions_obtained":[{"floor":2,"key":"FearPotion"},{"floor":3,"key":"Energy Potion"},{"floor":4,"key":"Fire Potion"}],"is_trial":false,"path_per_floor":["M","M","M","M","M","R","?","E","T","R","E","?","M","M","R","B",null,"M","M","M","M","M","R","M","M","T","R","?","M","?","E"],"character_chosen":"THE_SILENT","items_purchased":[],"campfire_rested":2,"item_purchase_floors":[],"current_hp_per_floor":[56,52,52,51,51,51,68,55,55,55,28,51,38,35,35,35,61,58,58,50,25,25,46,31,30,30,51,45,22,22,0],"gold":34,"neow_bonus":"BOSS_RELIC","is_prod":false,"is_daily":false,"chose_seed":false,"campfire_upgraded":3,"win_rate":0,"timestamp":1541216641,"path_taken":["M","M","M","M","M","R","?","E","T","R","E","?","M","M","R","BOSS","M","M","M","M","M","R","M","M","T","R","?","M","?","E"],"build_version":"2018-11-01","purchased_purges":0,"victory":false,"max_hp_per_floor":[70,70,70,70,70,70,70,70,70,70,70,70,70,70,70,70,70,70,70,70,70,70,70,70,70,70,70,70,70,70,70],"card_choices":[{"not_picked":["PiercingWail","Underhanded Strike"],"picked":"Footwork","floor":1},{"not_picked":["Dodge and Roll","Finisher"],"picked":"Masterful Stab","floor":2},{"not_picked":["Dodge and Roll","Cloak And Dagger"],"picked":"Dagger Throw","floor":3},{"not_picked":["Flying Knee","Underhanded Strike"],"picked":"Dagger Throw","floor":4},{"not_picked":["Flying Knee","Endless Agony"],"picked":"Prepared","floor":5},{"not_picked":["Deflect","Prepared"],"picked":"Grand Finale","floor":8},{"not_picked":["Deadly Poison","Riddle With Holes"],"picked":"Terror","floor":11},{"not_picked":["Noxious Fumes+1","Backstab"],"picked":"Adrenaline","floor":13},{"not_picked":["Cloak And Dagger","Calculated Gamble"],"picked":"Backflip","floor":14},{"not_picked":["Die Die Die","Venomology"],"picked":"Adrenaline","floor":16},{"not_picked":["Outmaneuver","Bane"],"picked":"Acrobatics","floor":18},{"not_picked":["All Out Attack","Bouncing Flask"],"picked":"Dagger Spray","floor":19},{"not_picked":["Outmaneuver","Dagger Spray"],"picked":"Calculated Gamble","floor":20},{"not_picked":["Heel Hook","Cloak And Dagger+1"],"picked":"Footwork+1","floor":21},{"not_picked":["Bane","Sucker Punch"],"picked":"Caltrops+1","floor":22},{"not_picked":["Outmaneuver","Prepared+1"],"picked":"Blur+1","floor":24},{"not_picked":["Riddle With Holes","Sucker Punch"],"picked":"Acrobatics","floor":25},{"not_picked":["Deadly Poison","Poisoned Stab"],"picked":"Skewer","floor":29}],"player_experience":97273,"relics_obtained":[{"floor":8,"key":"Frozen Egg 2"},{"floor":9,"key":"Vajra"},{"floor":11,"key":"Bag of Marbles"},{"floor":26,"key":"Orichalcum"}],"event_choices":[{"damage_healed":17,"gold_gain":0,"player_choice":"Healed","damage_taken":0,"max_hp_gain":0,"max_hp_loss":0,"event_name":"The Cleric","floor":7,"gold_loss":35},{"damage_healed":23,"gold_gain":0,"player_choice":"Banana","damage_taken":0,"max_hp_gain":0,"max_hp_loss":0,"event_name":"Big Fish","floor":12,"gold_loss":0},{"damage_healed":0,"gold_gain":0,"player_choice":"Joined the Cult","damage_taken":6,"max_hp_gain":0,"max_hp_loss":0,"event_name":"Nest","floor":28,"gold_loss":0,"cards_obtained":["RitualDagger"]},{"damage_healed":0,"gold_gain":0,"player_choice":"Trade","damage_taken":0,"relics_obtained":["SsserpentHead"],"max_hp_gain":0,"max_hp_loss":0,"event_name":"FaceTrader","floor":30,"gold_loss":0}],"is_beta":false,"boss_relics":[{"not_picked":["Tiny House","Philosopher\u0027s Stone"],"picked":"Sozu"}],"items_purged_floors":[],"is_endless":false,"potions_floor_spawned":[2,3,4,8,14,21,22,24,29],"killed_by":"Slavers","ascension_level":11}