{"gold_per_floor":[118,42,62,74,91,91,119,119,146,208,49,49,62,90,90,187,187,203,203,220,220,68,68,78,78,78,94,19,19,53,53,53,152,152,164,1163,1163,1183,734,745,745,757,781,811,1,1,12,24,24,24],"floor_reached":51,"playtime":3764,"items_purged":["Defend_B","Normality","Normality"],"score":869,"play_id":"d9c43560-0cbc-42cf-9643-ebee0201d6d3","local_time":"20180714125811","is_ascension_mode":true,"campfire_choices":[{"floor":6,"key":"REST"},{"data":"Static Discharge","floor":8,"key":"SMITH"},{"floor":12,"key":"REST"},{"floor":15,"key":"REST"},{"data":"Self Repair","floor":23,"key":"SMITH"},{"floor":25,"key":"REST"},{"floor":32,"key":"REST"},{"floor":41,"key":"REST"},{"floor":46,"key":"REST"},{"data":"Apotheosis","floor":49,"key":"SMITH"}],"neow_cost":"","seed_source_timestamp":2204172423784,"circlet_count":0,"master_deck":["Strike_B","Strike_B","Strike_B","Defend_B","Defend_B","Defend_B+1","Zap","Dualcast+1","Self Repair+1","Static Discharge+1","Steam Power","Redo","Stack","Static Discharge","Ball Lightning","Static Discharge","Reinforced Body","Self Repair","Double Energy","Thunder Strike","BootSequence","Force Field+1","Doom and Gloom","Melter","Writhe","White Noise+1","Amplify","Steam+1","Master of Strategy","Glacier","Fusion","Leap+1","Apotheosis+1","Coolheaded"],"relics":["FrozenCore","Potion Belt","Strawberry","Orichalcum","Oddly Smooth Stone","Lizard Tail","DataDisk","Turnip","Darkstone Periapt","Dead Branch","Enchiridion","Runic Capacitor","War Paint","Gambling Chip","Calipers","Cauldron"],"potions_floor_usage":[7,7,7,16,20,30,33,33,48,50,50,50,50],"damage_taken":[{"damage":4,"enemies":"Small Slimes","floor":1,"turns":3},{"damage":4,"enemies":"Jaw Worm","floor":3,"turns":4},{"damage":6,"enemies":"Cultist","floor":4,"turns":4},{"damage":30,"enemies":"Large Slime","floor":5,"turns":4},{"damage":14,"enemies":"Lagavulin","floor":7,"turns":6},{"damage":44,"enemies":"Gremlin Nob","floor":10,"turns":4},{"damage":6,"enemies":"Looter","floor":13,"turns":3},{"damage":22,"enemies":"3 Sentries","floor":14,"turns":4},{"damage":30,"enemies":"Slime Boss","floor":16,"turns":9},{"damage":32,"enemies":"2 Thieves","floor":18,"turns":2},{"damage":15,"enemies":"Shell Parasite","floor":20,"turns":4},{"damage":22,"enemies":"Snecko","floor":24,"turns":4},{"damage":14,"enemies":"Snake Plant","floor":27,"turns":3},{"damage":34,"enemies":"Book of Stabbing","floor":30,"turns":5},{"damage":89,"enemies":"Collector","floor":33,"turns":9},{"damage":22,"enemies":"Flame Bruiser 1 Orb","floor":35,"turns":9},{"damage":35,"enemies":"3 Shapes","floor":38,"turns":6},{"damage":17,"enemies":"Sphere and 2 Shapes","floor":40,"turns":6},{"damage":15,"enemies":"Spire Growth","floor":42,"turns":7},{"damage":34,"enemies":"2 Orb Walkers","floor":44,"turns":5},{"damage":0,"enemies":"4 Shapes","floor":47,"turns":6},{"damage":7,"enemies":"Transient","floor":48,"turns":5},{"damage":20,"enemies":"Donu and Deca","floor":50,"turns":9}],"seed_played":"4718188334862012841","potions_obtained":[{"floor":1,"key":"EssenceOfSteel"},{"floor":3,"key":"SteroidPotion"},{"floor":4,"key":"Block Potion"},{"floor":14,"key":"SteroidPotion"},{"floor":16,"key":"PowerPotion"},{"floor":18,"key":"Ancient Potion"},{"floor":27,"key":"FearPotion"},{"floor":30,"key":"EssenceOfSteel"},{"floor":38,"key":"EssenceOfSteel"},{"floor":40,"key":"EssenceOfSteel"},{"floor":45,"key":"AttackPotion"},{"floor":45,"key":"Explosive Potion"},{"floor":45,"key":"GamblersBrew"},{"floor":48,"key":"SkillPotion"}],"is_trial":false,"path_per_floor":["M","$","M","M","M","R","E","R","T","?","$","R","M","E","R","B",null,"M","?","M","?","$","R","M","R","T","M","$","?","E","?","R","B",null,"M","?","?","M","$","M","R","M","T","E","$","R","M","M","R","B"],"character_chosen":"DEFECT","items_purchased":["Static Discharge","Ball Lightning","Static Discharge","Reinforced Body","DataDisk","Glacier","Runic Capacitor","Fusion","Calipers","Apotheosis","Cauldron"],"campfire_rested":7,"item_purchase_floors":[2,11,11,11,22,39,39,39,45,45,45],"current_hp_per_floor":[71,71,74,75,52,74,60,60,67,30,30,54,55,47,71,55,75,57,57,56,56,56,56,51,75,75,68,68,74,57,41,67,46,78,73,85,85,67,67,60,90,99,99,82,82,100,100,100,100,90],"gold":24,"neow_bonus":"","is_prod":false,"is_daily":false,"chose_seed":false,"campfire_upgraded":3,"win_rate":0,"timestamp":1531587491,"path_taken":["M","$","M","M","M","R","E","R","T","?","$","R","M","E","R","BOSS","M","?","M","?","?","R","M","R","T","?","$","?","E","?","R","BOSS","M","?","?","M","$","M","R","M","T","E","$","R","M","?","R","BOSS"],"build_version":"2018-07-12","purchased_purges":3,"victory":true,"max_hp_per_floor":[75,75,75,75,75,75,75,75,82,82,82,82,82,82,82,82,82,82,82,82,82,82,82,82,82,82,82,82,88,88,88,88,88,88,88,100,100,100,100,100,100,100,100,100,100,100,100,100,100,100],"card_choices":[{"not_picked":["Ball Lightning","Recycle"],"picked":"Self Repair","floor":1},{"not_picked":["Darkness","Cold Snap"],"picked":"Steam Power","floor":3},{"not_picked":["Glacier","Cold Snap"],"picked":"Redo","floor":4},{"not_picked":["Go for the Eyes","Compile Driver"],"picked":"Stack","floor":5},{"not_picked":["Rebound","Coolheaded","Cold Snap"],"picked":"SKIP","floor":7},{"not_picked":["Hello World","Streamline"],"picked":"Static Discharge","floor":10},{"not_picked":["Chaos","Hello World"],"picked":"Self Repair","floor":13},{"not_picked":["Go for the Eyes","Coolheaded"],"picked":"Double Energy","floor":14},{"not_picked":["Creative AI","Biased Cognition"],"picked":"Thunder Strike","floor":16},{"not_picked":["Redo","Beam Cell"],"picked":"BootSequence","floor":18},{"not_picked":["Coolheaded","Hello World"],"picked":"Force Field+1","floor":20},{"not_picked":["Compile Driver","Cold Snap","Auto Shields"],"picked":"SKIP","floor":24},{"not_picked":["Fusion","Cold Snap"],"picked":"Melter","floor":27},{"not_picked":["Fusion","Compile Driver"],"picked":"White Noise+1","floor":30},{"not_picked":["Reboot","Hyperbeam"],"picked":"Amplify","floor":33},{"not_picked":["Genetic Algorithm","Redo"],"picked":"Steam+1","floor":35},{"not_picked":["Trip","Good Instincts"],"picked":"Master of Strategy","floor":37},{"not_picked":["Compile Driver+1","Turbo","Stack+1"],"picked":"SKIP","floor":38},{"not_picked":["Melter","Gash+1","Steam Power+1"],"picked":"SKIP","floor":40},{"not_picked":["Barrage+1","Gash+1"],"picked":"Leap+1","floor":42},{"not_picked":["Lockon","Rip and Tear","Coolheaded"],"picked":"SKIP","floor":44},{"not_picked":["Steam","Lockon+1"],"picked":"Coolheaded","floor":47},{"not_picked":["Stack","Scrape","Sweeping Beam+1"],"picked":"SKIP","floor":48}],"player_experience":352907,"relics_obtained":[{"floor":7,"key":"Potion Belt"},{"floor":9,"key":"Strawberry"},{"floor":10,"key":"Orichalcum"},{"floor":14,"key":"Oddly Smooth Stone"},{"floor":26,"key":"Turnip"},{"floor":30,"key":"Dead Branch"},{"floor":31,"key":"Enchiridion"},{"floor":43,"key":"War Paint"},{"floor":44,"key":"Gambling Chip"}],"event_choices":[{"event_name":"Dead Adventurer","player_choice":"Searched \u00271\u0027 times","floor":10,"damage_taken":0},{"event_name":"Addict","player_choice":"Ignored","floor":19,"damage_taken":0},{"event_name":"Transmorgrifier","player_choice":"Transform","floor":21,"damage_taken":0},{"event_name":"The Mausoleum","player_choice":"Yes","floor":29,"damage_taken":0},{"event_name":"Cursed Tome","player_choice":"Obtained Book","floor":31,"damage_taken":0},{"event_name":"MindBloom","player_choice":"Gold","floor":36,"damage_taken":0},{"event_name":"SensoryStone","player_choice":"Memory 1","floor":37,"damage_taken":0}],"boss_relics":[{"not_picked":["Inserter","Calling Bell"],"picked":"Lizard Tail"},{"not_picked":["Snecko Eye","Runic Pyramid"],"picked":"FrozenCore"}],"items_purged_floors":[28,39,45],"is_endless":false,"potions_floor_spawned":[1,3,4,14,16,18,27,30,38,40,48],"ascension_level":5}