{"gold_per_floor":[119,39,39,6,19,46,46,65,65,65,82,82,94,107,107,205,205,218,218,317,317,332,332,257,277,345,345,345,40,109,109,109,206,206,219,219,239,250,187,187,205,205,231,242,4,4],"floor_reached":46,"playtime":1408,"items_purged":["Strike_G","Regret","Strike_G","Doubt"],"score":418,"play_id":"80b2c9fe-85b5-4b2a-a158-7e09b3aaed42","local_time":"20190125004939","is_ascension_mode":false,"campfire_choices":[{"data":"Noxious Fumes","floor":7,"key":"SMITH"},{"data":"Noxious Fumes","floor":12,"key":"SMITH"},{"data":"Footwork","floor":15,"key":"SMITH"},{"data":"Survivor","floor":23,"key":"SMITH"},{"floor":27,"key":"REST"},{"floor":32,"key":"REST"},{"floor":40,"key":"REST"},{"floor":42,"key":"REST"}],"neow_cost":"NONE","seed_source_timestamp":359421956387666,"circlet_count":0,"master_deck":["Defend_G","Defend_G","Defend_G","Defend_G","Defend_G","Strike_G","Strike_G","Survivor+1","Neutralize","Footwork+1","Noxious Fumes+1","Backflip","Noxious Fumes+1","Skewer","Crippling Poison","Envenom+1","Flying Knee","Backflip","Injury","Phantasmal Killer","Dodge and Roll","Dodge and Roll","Apotheosis"],"relics":["Ring of the Snake","Happy Flower","Bottled Flame","Bag of Marbles","Cursed Key","Dodecahedron","Membership Card","Ornamental Fan","Busted Crown","Ancient Tea Set","Regal Pillow"],"potions_floor_usage":[6,6,11,25,25],"damage_taken":[{"damage":0,"enemies":"Small Slimes","floor":1,"turns":3},{"damage":0,"enemies":"Cultist","floor":5,"turns":5},{"damage":2,"enemies":"Gremlin Nob","floor":6,"turns":4},{"damage":2,"enemies":"2 Louse","floor":8,"turns":3},{"damage":0,"enemies":"Looter","floor":11,"turns":4},{"damage":3,"enemies":"Red Slaver","floor":13,"turns":5},{"damage":6,"enemies":"2 Fungi Beasts","floor":14,"turns":4},{"damage":35,"enemies":"Slime Boss","floor":16,"turns":10},{"damage":18,"enemies":"2 Thieves","floor":18,"turns":4},{"damage":8,"enemies":"Shell Parasite","floor":22,"turns":5},{"damage":11,"enemies":"Snecko","floor":25,"turns":4},{"damage":37,"enemies":"Collector","floor":33,"turns":8},{"damage":11,"enemies":"Orb Walker","floor":35,"turns":5},{"damage":19,"enemies":"3 Darklings","floor":37,"turns":6},{"damage":14,"enemies":"Writhing Mass","floor":38,"turns":6},{"damage":20,"enemies":"Spire Growth","floor":41,"turns":7},{"damage":30,"enemies":"3 Darklings","floor":44,"turns":6},{"damage":20,"enemies":"4 Shapes","floor":46,"turns":3}],"seed_played":"-4713866372898444570","potions_obtained":[{"floor":3,"key":"Explosive Potion"},{"floor":3,"key":"PowerPotion"},{"floor":3,"key":"FearPotion"},{"floor":8,"key":"FearPotion"},{"floor":13,"key":"Fire Potion"},{"floor":14,"key":"Weak Potion"},{"floor":33,"key":"SpeedPotion"},{"floor":35,"key":"Strength Potion"},{"floor":44,"key":"SteroidPotion"}],"is_trial":false,"path_per_floor":["M","$","?","$","M","E","R","M","T","?","M","R","M","M","R","B",null,"M","?","?","?","M","R","$","M","T","R","?","$","T","?","R","B",null,"M","?","M","M","$","R","M","R","T","M","$","M"],"character_chosen":"THE_SILENT","items_purchased":["Footwork","Noxious Fumes","Membership Card","Apotheosis","Regal Pillow"],"campfire_rested":4,"item_purchase_floors":[2,4,29,45,45],"current_hp_per_floor":[70,70,70,70,70,68,68,66,66,59,59,59,56,50,50,15,70,52,52,52,45,37,37,37,26,26,47,47,47,47,47,68,31,70,59,59,40,26,26,47,27,48,48,18,18,0],"gold":4,"neow_bonus":"RANDOM_COMMON_RELIC","is_prod":false,"is_daily":false,"chose_seed":false,"campfire_upgraded":4,"win_rate":0,"timestamp":1548348579,"path_taken":["M","$","?","?","M","E","R","M","T","?","M","R","M","M","R","BOSS","M","?","?","?","M","R","$","?","T","R","?","$","?","?","R","BOSS","M","?","?","M","$","R","M","R","T","M","?","?"],"build_version":"2019-01-23","purchased_purges":4,"victory":false,"max_hp_per_floor":[70,70,70,70,70,70,70,70,70,70,70,70,70,70,70,70,70,70,70,70,70,70,70,70,70,70,70,70,70,70,70,70,70,70,70,70,70,70,70,70,70,70,70,70,70,70],"card_choices":[{"not_picked":["Slice","Outmaneuver"],"picked":"Acrobatics","floor":1},{"not_picked":["Poisoned Stab","Flechettes","Underhanded Strike"],"picked":"SKIP","floor":5},{"not_picked":["Blade Dance","Die Die Die"],"picked":"Backflip","floor":6},{"not_picked":["Dodge and Roll","Blade Dance"],"picked":"Noxious Fumes","floor":8},{"not_picked":["Choke","Outmaneuver","Blade Dance"],"picked":"SKIP","floor":11},{"not_picked":["Skewer","Underhanded Strike","Cloak And Dagger"],"picked":"SKIP","floor":13},{"not_picked":["Underhanded Strike","Cloak And Dagger"],"picked":"Skewer","floor":13},{"not_picked":["Prepared","Blur"],"picked":"Crippling Poison","floor":14},{"not_picked":["Storm of Steel","Tools of the Trade"],"picked":"Envenom","floor":16},{"not_picked":["Skewer","Deadly Poison"],"picked":"Flying Knee","floor":18},{"not_picked":["Blade Dance+1","Poisoned Stab","Deadly Poison"],"picked":"SKIP","floor":22},{"not_picked":["Eviscerate+1","Deadly Poison"],"picked":"Backflip","floor":25},{"not_picked":["Night Terror","Storm of Steel"],"picked":"Phantasmal Killer","floor":33},{"not_picked":["Reflex"],"picked":"SKIP","floor":35},{"not_picked":["Deflect"],"picked":"SKIP","floor":37},{"not_picked":[],"picked":"Dodge and Roll","floor":38},{"not_picked":["PiercingWail+1"],"picked":"SKIP","floor":41},{"not_picked":[],"picked":"Dodge and Roll","floor":44}],"player_experience":136949,"relics_obtained":[{"floor":6,"key":"Bottled Flame"},{"floor":9,"key":"Bag of Marbles"},{"floor":26,"key":"Dodecahedron"},{"floor":30,"key":"Ornamental Fan"},{"floor":43,"key":"Ancient Tea Set"}],"event_choices":[{"damage_healed":0,"gold_gain":0,"player_choice":"Got Potions","damage_taken":0,"max_hp_gain":0,"max_hp_loss":0,"event_name":"Lab","floor":3,"gold_loss":0},{"cards_removed":["Strike_G"],"damage_healed":0,"gold_gain":0,"player_choice":"Card Removal","damage_taken":7,"max_hp_gain":0,"max_hp_loss":0,"event_name":"Golden Wing","floor":10,"gold_loss":0},{"cards_removed":["Acrobatics"],"damage_healed":0,"gold_gain":0,"player_choice":"Elegance","damage_taken":0,"max_hp_gain":0,"max_hp_loss":0,"event_name":"Back to Basics","floor":19,"gold_loss":0},{"damage_healed":0,"gold_gain":99,"player_choice":"Stole From Cult","damage_taken":0,"max_hp_gain":0,"max_hp_loss":0,"event_name":"Nest","floor":20,"gold_loss":0},{"damage_healed":0,"gold_gain":0,"player_choice":"","damage_taken":7,"max_hp_gain":0,"max_hp_loss":0,"event_name":"Knowing Skull","floor":21,"potions_obtained":[],"gold_loss":0,"cards_obtained":[]},{"damage_healed":0,"gold_gain":0,"player_choice":"Forge","damage_taken":0,"max_hp_gain":0,"max_hp_loss":0,"event_name":"Accursed Blacksmith","floor":28,"gold_loss":0,"cards_upgraded":["Envenom"]},{"damage_healed":0,"gold_gain":0,"player_choice":"Ignored","damage_taken":0,"max_hp_gain":0,"max_hp_loss":0,"event_name":"Vampires","floor":31,"gold_loss":0},{"damage_healed":0,"gold_gain":0,"player_choice":"Bought 0 Potions","damage_taken":0,"max_hp_gain":0,"max_hp_loss":0,"event_name":"The Woman in Blue","floor":36,"gold_loss":0}],"is_beta":false,"boss_relics":[{"not_picked":["Ectoplasm","Astrolabe"],"picked":"Cursed Key"},{"not_picked":["WristBlade","Lizard Tail"],"picked":"Busted Crown"}],"items_purged_floors":[24,29,39,45],"is_endless":false,"potions_floor_spawned":[8,13,14,18,33,35,44],"killed_by":"4 Shapes","ascension_level":0}