{"gold_per_floor":[114,124,49,68,85,85,103,130,130,130,130,158,158,193,193,271,271,289,289,204,219,219,219,250,250,250,250,250],"floor_reached":28,"playtime":2172,"items_purged":["Strike_R"],"score":445,"play_id":"22f0574b-8002-42bb-8502-c743ea1659be","local_time":"20190205071913","is_ascension_mode":true,"campfire_choices":[{"data":"Rampage","floor":6,"key":"SMITH"},{"floor":10,"key":"REST"},{"data":"Barricade","floor":13,"key":"SMITH"},{"floor":15,"key":"REST"},{"data":"Armaments","floor":23,"key":"SMITH"},{"data":"Entrench","floor":25,"key":"SMITH"},{"data":"Shockwave","floor":27,"key":"SMITH"}],"neow_cost":"NONE","seed_source_timestamp":293857708808900,"circlet_count":0,"master_deck":["AscendersBane","Strike_R","Strike_R","Strike_R","Strike_R","Defend_R","Defend_R","Defend_R","Defend_R","Bash","Rampage+1","Spot Weakness","Armaments+1","Flame Barrier","Barricade+1","Pommel Strike","Twin Strike","Shockwave+1","Entrench+1","Juggernaut","Flame Barrier","Shrug It Off","Regret","Reaper","Clumsy"],"relics":["Burning Blood","Dream Catcher","Self Forming Clay","Gambling Chip","Ornamental Fan","Singing Bowl","Cursed Key","Prayer Wheel","Darkstone Periapt","StoneCalendar","Bird Faced Urn"],"potions_floor_usage":[5,7,7,12,24,24,28],"damage_taken":[{"damage":6,"enemies":"Cultist","floor":1,"turns":4},{"damage":0,"enemies":"Small Slimes","floor":2,"turns":3},{"damage":14,"enemies":"Jaw Worm","floor":4,"turns":3},{"damage":2,"enemies":"3 Louse","floor":5,"turns":5},{"damage":15,"enemies":"Gremlin Gang","floor":7,"turns":7},{"damage":50,"enemies":"Gremlin Nob","floor":8,"turns":5},{"damage":6,"enemies":"Lagavulin","floor":12,"turns":8},{"damage":35,"enemies":"3 Sentries","floor":14,"turns":8},{"damage":17,"enemies":"The Guardian","floor":16,"turns":26},{"damage":28,"enemies":"2 Thieves","floor":18,"turns":5},{"damage":0,"enemies":"Chosen","floor":21,"turns":9},{"damage":19,"enemies":"Book of Stabbing","floor":24,"turns":9},{"damage":60,"enemies":"Gremlin Leader","floor":28,"turns":4}],"seed_played":"4181057926233472548","potions_obtained":[{"floor":0,"key":"Swift Potion"},{"floor":0,"key":"SteroidPotion"},{"floor":2,"key":"Block Potion"},{"floor":5,"key":"Energy Potion"},{"floor":8,"key":"Dexterity Potion"},{"floor":16,"key":"Dexterity Potion"},{"floor":21,"key":"SpeedPotion"},{"floor":24,"key":"Regen Potion"}],"is_trial":false,"path_per_floor":["M","M","$","M","M","R","M","E","T","R","T","E","R","E","R","B",null,"M","?","?","M","T","R","E","R","T","R","E"],"character_chosen":"IRONCLAD","items_purchased":[],"campfire_rested":2,"item_purchase_floors":[],"current_hp_per_floor":[68,74,74,66,70,70,61,17,17,39,39,39,39,12,35,24,64,42,42,42,50,50,50,37,37,43,43,0],"gold":250,"neow_bonus":"THREE_SMALL_POTIONS","is_prod":false,"is_daily":false,"chose_seed":false,"campfire_upgraded":5,"win_rate":0,"timestamp":1549347553,"path_taken":["M","M","$","?","M","R","M","E","T","R","?","E","R","E","R","BOSS","M","?","?","M","?","R","E","R","T","R","E"],"build_version":"2019-01-23","purchased_purges":1,"victory":false,"max_hp_per_floor":[75,75,75,75,75,75,75,75,75,75,75,75,75,77,77,77,77,77,77,77,79,79,79,79,79,85,85,85],"card_choices":[{"not_picked":["Heavy Blade","Cleave"],"picked":"Rampage","floor":1},{"not_picked":["Shrug It Off","Flex"],"picked":"Spot Weakness","floor":2},{"not_picked":["Fire Breathing","Spot Weakness"],"picked":"Armaments","floor":4},{"not_picked":["Pommel Strike","Body Slam"],"picked":"Flame Barrier","floor":5},{"not_picked":["Sword Boomerang","Clothesline"],"picked":"Barricade","floor":7},{"not_picked":["Bloodletting","Havoc"],"picked":"Pommel Strike","floor":8},{"not_picked":["Thunderclap","Clash"],"picked":"Twin Strike","floor":10},{"not_picked":["Blood for Blood","Iron Wave"],"picked":"Shockwave","floor":12},{"not_picked":["Armaments","Double Tap","Fire Breathing"],"picked":"Singing Bowl","floor":14},{"not_picked":["Perfected Strike","Flex"],"picked":"Entrench","floor":15},{"not_picked":["Berserk","Double Tap"],"picked":"Juggernaut","floor":16},{"not_picked":["Clothesline","Feel No Pain"],"picked":"Flame Barrier","floor":18},{"not_picked":["Headbutt+1","Perfected Strike","Armaments"],"picked":"Singing Bowl","floor":21},{"not_picked":["Shrug It Off","Clash","Headbutt"],"picked":"SKIP","floor":21},{"not_picked":["Clash","Headbutt"],"picked":"Shrug It Off","floor":21},{"not_picked":["Pummel","Headbutt"],"picked":"Reaper","floor":24}],"player_experience":399383,"relics_obtained":[{"floor":8,"key":"Dream Catcher"},{"floor":9,"key":"Self Forming Clay"},{"floor":11,"key":"Gambling Chip"},{"floor":12,"key":"Ornamental Fan"},{"floor":14,"key":"Singing Bowl"},{"floor":22,"key":"Darkstone Periapt"},{"floor":24,"key":"StoneCalendar"},{"floor":26,"key":"Bird Faced Urn"}],"event_choices":[{"damage_healed":0,"gold_gain":0,"player_choice":"Ignored","damage_taken":0,"max_hp_gain":0,"max_hp_loss":0,"event_name":"The Mausoleum","floor":19,"gold_loss":0},{"damage_healed":0,"gold_gain":0,"player_choice":"Obtained Relic","damage_taken":0,"relics_obtained":["Prayer Wheel"],"max_hp_gain":0,"max_hp_loss":0,"event_name":"Addict","floor":20,"gold_loss":85}],"is_beta":false,"boss_relics":[{"not_picked":["Fusion Hammer","Pandora\u0027s Box"],"picked":"Cursed Key"}],"items_purged_floors":[3],"is_endless":false,"potions_floor_spawned":[2,5,8,16,21,24],"killed_by":"Gremlin Leader","ascension_level":15}