{"gold_per_floor":[116,11,186,204,223,173,200,218,218,248,248,248,248,267,267,363,363,377,377,83,93,111,111,143,155,193,205,229,276,288,35,35,130,130,142,153,153,167,185,185,35,35,35,35,55,82,82,93,93,93],"floor_reached":51,"playtime":4405,"items_purged":["Strike_R","Strike_R"],"score":925,"play_id":"4b8bcf54-3538-465f-9a85-0fda57d76d6e","local_time":"20190123110107","is_ascension_mode":true,"campfire_choices":[{"data":"Limit Break","floor":11,"key":"SMITH"},{"data":"True Grit","floor":13,"key":"SMITH"},{"data":"Battle Trance","floor":15,"key":"SMITH"},{"data":"Entrench","floor":23,"key":"SMITH"},{"data":"Barricade","floor":27,"key":"SMITH"},{"data":"Body Slam","floor":30,"key":"SMITH"},{"data":"Inflame","floor":32,"key":"SMITH"},{"data":"Metallicize","floor":40,"key":"SMITH"},{"data":"Heavy Blade","floor":42,"key":"SMITH"},{"data":"Bash","floor":44,"key":"SMITH"},{"floor":49,"key":"REST"}],"neow_cost":"TEN_PERCENT_HP_LOSS","seed_source_timestamp":39106389494200,"circlet_count":0,"master_deck":["Strike_R","Defend_R","Defend_R","Defend_R","Defend_R","Bash+1","Heavy Blade+1","Inflame+1","Battle Trance+1","Sword Boomerang","Feed","True Grit+1","Cleave","Limit Break+1","Barricade+1","Metallicize+1","Entrench+1","Feed","Body Slam+1","Shrug It Off","Inflame+1","Impervious","Shrug It Off+1","Shrug It Off","Corruption+1"],"relics":["Burning Blood","FossilizedHelix","Meat on the Bone","Bottled Lightning","Mercury Hourglass","Philosopher\u0027s Stone","Oddly Smooth Stone","MawBank","Bag of Preparation","Regal Pillow","HandDrill","Orrery","Ice Cream","Dodecahedron","Centennial Puzzle"],"potions_floor_usage":[10,16,24,29,29,33,35,39,46,50,50],"damage_taken":[{"damage":0,"enemies":"Cultist","floor":1,"turns":4},{"damage":6,"enemies":"Jaw Worm","floor":4,"turns":4},{"damage":8,"enemies":"2 Louse","floor":5,"turns":2},{"damage":20,"enemies":"Lagavulin","floor":7,"turns":7},{"damage":8,"enemies":"Gremlin Gang","floor":8,"turns":6},{"damage":20,"enemies":"3 Sentries","floor":10,"turns":7},{"damage":0,"enemies":"2 Fungi Beasts","floor":14,"turns":3},{"damage":22,"enemies":"Hexaghost","floor":16,"turns":9},{"damage":24,"enemies":"Spheric Guardian","floor":18,"turns":5},{"damage":0,"enemies":"Chosen","floor":21,"turns":3},{"damage":9,"enemies":"Centurion and Healer","floor":22,"turns":5},{"damage":28,"enemies":"Gremlin Leader","floor":24,"turns":7},{"damage":0,"enemies":"Snecko","floor":28,"turns":3},{"damage":26,"enemies":"Book of Stabbing","floor":29,"turns":5},{"damage":31,"enemies":"Collector","floor":33,"turns":6},{"damage":0,"enemies":"3 Shapes","floor":35,"turns":7},{"damage":0,"enemies":"Orb Walker","floor":36,"turns":3},{"damage":40,"enemies":"Jaw Worm Horde","floor":38,"turns":4},{"damage":0,"enemies":"4 Shapes","floor":39,"turns":4},{"damage":0,"enemies":"Sphere and 2 Shapes","floor":45,"turns":7},{"damage":20,"enemies":"Nemesis","floor":46,"turns":7},{"damage":36,"enemies":"Writhing Mass","floor":48,"turns":5},{"damage":44,"enemies":"Awakened One","floor":50,"turns":7}],"seed_played":"-8640603588596982874","potions_obtained":[{"floor":5,"key":"SkillPotion"},{"floor":7,"key":"Weak Potion"},{"floor":14,"key":"AttackPotion"},{"floor":24,"key":"FearPotion"},{"floor":28,"key":"BloodPotion"},{"floor":29,"key":"AttackPotion"},{"floor":33,"key":"Energy Potion"},{"floor":38,"key":"Energy Potion"},{"floor":39,"key":"EssenceOfSteel"},{"floor":45,"key":"Ancient Potion"},{"floor":48,"key":"PowerPotion"}],"is_trial":false,"path_per_floor":["M","$","?","M","M","?","E","M","T","E","R","?","R","M","R","B",null,"M","?","$","M","M","R","E","?","T","R","M","E","R","$","R","B",null,"M","M","T","M","M","R","$","R","T","R","M","E","?","M","R","B",null],"character_chosen":"IRONCLAD","items_purchased":["Inflame","Battle Trance","Metallicize","Oddly Smooth Stone","HandDrill","Inflame","Shrug It Off"],"campfire_rested":1,"item_purchase_floors":[2,2,20,20,31,31,41],"current_hp_per_floor":[72,72,72,72,70,70,59,60,60,49,49,49,49,58,58,57,80,62,62,62,71,71,71,61,61,61,61,67,59,59,59,59,49,87,96,105,105,74,83,83,83,83,83,83,92,78,78,60,109,74],"gold":93,"neow_bonus":"ONE_RARE_RELIC","is_prod":false,"is_daily":false,"chose_seed":false,"campfire_upgraded":10,"win_rate":0,"timestamp":1548237667,"path_taken":["M","$","?","M","M","?","E","M","T","E","R","?","R","M","R","BOSS","M","?","$","?","M","R","E","?","T","R","M","E","R","$","R","BOSS","M","M","?","M","?","R","$","R","T","R","M","E","?","M","R","BOSS"],"build_version":"2019-01-17v2","purchased_purges":2,"victory":true,"max_hp_per_floor":[72,72,72,72,72,72,75,78,78,81,81,81,81,84,84,87,87,87,87,87,90,93,93,93,93,93,93,93,96,96,96,96,99,99,102,105,105,108,111,111,111,111,111,111,114,114,114,114,114,117],"card_choices":[{"not_picked":["Body Slam","Armaments"],"picked":"Heavy Blade","floor":1},{"not_picked":["Cleave","Havoc"],"picked":"Sword Boomerang","floor":4},{"not_picked":["Infernal Blade","Sentinel"],"picked":"Feed","floor":5},{"not_picked":["Seeing Red","Cleave"],"picked":"True Grit","floor":7},{"not_picked":["Armaments","Spot Weakness"],"picked":"Cleave","floor":8},{"not_picked":["Battle Trance","Sword Boomerang"],"picked":"Limit Break","floor":10},{"not_picked":["Power Through","Body Slam","Pommel Strike"],"picked":"SKIP","floor":14},{"not_picked":["Exhume","Fiend Fire"],"picked":"Barricade","floor":16},{"not_picked":["Combust","Rage","Sever Soul"],"picked":"SKIP","floor":18},{"not_picked":["Sword Boomerang+1","Twin Strike","Bloodletting"],"picked":"SKIP","floor":21},{"not_picked":["Sever Soul","Reckless Charge"],"picked":"Entrench","floor":22},{"not_picked":["Clothesline","Sword Boomerang"],"picked":"Feed","floor":24},{"not_picked":["Perfected Strike","Heavy Blade"],"picked":"Shrug It Off","floor":28},{"not_picked":["Feed","Warcry","Bloodletting"],"picked":"SKIP","floor":29},{"not_picked":["Brutality","Exhume"],"picked":"Impervious","floor":33},{"not_picked":["Perfected Strike+1","Flex"],"picked":"Shrug It Off+1","floor":34},{"not_picked":["Feed","Heavy Blade+1","Sword Boomerang"],"picked":"SKIP","floor":35},{"not_picked":["Spot Weakness","Anger","Clothesline"],"picked":"SKIP","floor":36},{"not_picked":["Sword Boomerang","Body Slam+1","Hemokinesis+1"],"picked":"SKIP","floor":38},{"not_picked":["Flex","Heavy Blade+1","Infernal Blade+1"],"picked":"SKIP","floor":39},{"not_picked":["Searing Blow+1","Feel No Pain"],"picked":"Corruption+1","floor":45},{"not_picked":["Carnage+1","Warcry","Sword Boomerang"],"picked":"SKIP","floor":46},{"not_picked":["Inflame","Bloodletting+1","Twin Strike+1"],"picked":"SKIP","floor":48}],"player_experience":33968,"relics_obtained":[{"floor":7,"key":"Meat on the Bone"},{"floor":9,"key":"Bottled Lightning"},{"floor":10,"key":"Mercury Hourglass"},{"floor":24,"key":"MawBank"},{"floor":26,"key":"Bag of Preparation"},{"floor":29,"key":"Regal Pillow"},{"floor":37,"key":"Ice Cream"},{"floor":43,"key":"Dodecahedron"},{"floor":46,"key":"Centennial Puzzle"}],"event_choices":[{"damage_healed":0,"gold_gain":175,"player_choice":"AGREE","damage_taken":0,"max_hp_gain":0,"max_hp_loss":0,"event_name":"Liars Game","floor":3,"gold_loss":0,"cards_obtained":["Doubt"]},{"cards_removed":["Strike_R"],"damage_healed":0,"gold_gain":0,"player_choice":"Card Removal","damage_taken":0,"max_hp_gain":0,"max_hp_loss":0,"event_name":"The Cleric","floor":6,"gold_loss":50},{"cards_removed":["Doubt"],"damage_healed":0,"gold_gain":0,"player_choice":"Forget","damage_taken":0,"max_hp_gain":0,"max_hp_loss":0,"event_name":"Living Wall","floor":12,"gold_loss":0},{"damage_healed":0,"gold_gain":0,"player_choice":"Forge","damage_taken":0,"max_hp_gain":0,"max_hp_loss":0,"event_name":"Accursed Blacksmith","floor":19,"gold_loss":0,"cards_upgraded":["Inflame"]},{"damage_healed":0,"gold_gain":0,"cards_transformed":["Strike_R"],"player_choice":"Transformed","damage_taken":0,"max_hp_gain":0,"max_hp_loss":0,"event_name":"Transmorgrifier","floor":25,"gold_loss":0,"cards_obtained":["Body Slam"]},{"damage_healed":0,"gold_gain":0,"player_choice":"Ignored","damage_taken":0,"max_hp_gain":0,"max_hp_loss":0,"event_name":"SecretPortal","floor":47,"gold_loss":0}],"is_beta":false,"boss_relics":[{"not_picked":["Runic Pyramid","Fusion Hammer"],"picked":"Philosopher\u0027s Stone"},{"not_picked":["Eternal Feather","Runic Cube"],"picked":"Orrery"}],"items_purged_floors":[20,41],"is_endless":false,"potions_floor_spawned":[5,7,14,24,28,29,33,38,39,45,48],"ascension_level":5}