{"gold_per_floor":[209,229,229,241,241,254,254,267,267,293,293,322,322,322,322,420,420,436,107,107,35,134,134,166,44,68,68,68,68,85,104,104,203,203,220,231,231,231,331,345,364,364,364,379,254,288,85,85,85,85],"floor_reached":50,"playtime":1601,"items_purged":["Strike_B","Strike_B","Dualcast","Defend_B"],"score":501,"play_id":"ccb070a7-2fd8-4e1b-9197-546672cd84ef","local_time":"20190127011137","is_ascension_mode":false,"campfire_choices":[{"data":"Ball Lightning","floor":7,"key":"SMITH"},{"data":"Sweeping Beam","floor":11,"key":"SMITH"},{"data":"FTL","floor":13,"key":"SMITH"},{"data":"Darkness","floor":15,"key":"SMITH"},{"data":"Defragment","floor":23,"key":"SMITH"},{"floor":27,"key":"REST"},{"floor":29,"key":"REST"},{"floor":32,"key":"REST"},{"floor":42,"key":"REST"},{"floor":49,"key":"REST"}],"neow_cost":"NONE","seed_source_timestamp":533357438225676,"circlet_count":0,"master_deck":["Defend_B","Defend_B","Defend_B","Zap+1","Ball Lightning+1","FTL+1","Sweeping Beam+1","Rebound","Streamline+1","Machine Learning","Defragment+1","Steam","Leap","Auto Shields","Cold Snap+1","All For One+1","Streamline+1","Ball Lightning+1","Conserve Battery"],"relics":["Cracked Core","Molten Egg 2","Bag of Marbles","Odd Mushroom","Runic Pyramid","Kunai","Bottled Lightning","PreservedInsect","Ginger","Busted Crown","StoneCalendar","Cables","Sundial"],"potions_floor_usage":[16,16,33,33,33,50,50],"damage_taken":[{"damage":0,"enemies":"2 Louse","floor":1,"turns":3},{"damage":4,"enemies":"Jaw Worm","floor":2,"turns":4},{"damage":0,"enemies":"Cultist","floor":4,"turns":2},{"damage":1,"enemies":"Exordium Thugs","floor":6,"turns":3},{"damage":9,"enemies":"3 Louse","floor":8,"turns":3},{"damage":1,"enemies":"The Mushroom Lair","floor":12,"turns":3},{"damage":39,"enemies":"The Guardian","floor":16,"turns":8},{"damage":5,"enemies":"Spheric Guardian","floor":18,"turns":3},{"damage":55,"enemies":"Book of Stabbing","floor":24,"turns":5},{"damage":1,"enemies":"Chosen","floor":30,"turns":3},{"damage":24,"enemies":"Shelled Parasite and Fungi","floor":31,"turns":6},{"damage":18,"enemies":"Collector","floor":33,"turns":8},{"damage":3,"enemies":"3 Shapes","floor":35,"turns":5},{"damage":34,"enemies":"3 Darklings","floor":36,"turns":4},{"damage":0,"enemies":"Mind Bloom Boss Battle","floor":39,"turns":4},{"damage":3,"enemies":"Maw","floor":40,"turns":6},{"damage":16,"enemies":"Writhing Mass","floor":41,"turns":5},{"damage":11,"enemies":"4 Shapes","floor":44,"turns":5},{"damage":27,"enemies":"Nemesis","floor":46,"turns":5},{"damage":26,"enemies":"Time Eater","floor":50,"turns":3}],"seed_played":"-3306309715138835903","potions_obtained":[{"floor":1,"key":"Ancient Potion"},{"floor":8,"key":"Block Potion"},{"floor":12,"key":"Strength Potion"},{"floor":30,"key":"Fire Potion"},{"floor":31,"key":"Ancient Potion"},{"floor":36,"key":"Explosive Potion"},{"floor":40,"key":"Fire Potion"},{"floor":41,"key":"Energy Potion"}],"is_trial":false,"path_per_floor":["M","M","?","M","?","M","R","M","T","T","R","?","R","?","R","B",null,"M","$","?","$","?","R","E","$","T","R","T","R","M","M","R","B",null,"M","M","?","?","?","M","M","R","T","M","$","E","$","?","R","B"],"character_chosen":"DEFECT","items_purchased":["Kunai","Defragment","Leap","Conserve Battery"],"campfire_rested":5,"item_purchase_floors":[19,21,25,47],"current_hp_per_floor":[75,71,71,71,71,70,70,61,61,61,61,60,60,60,60,21,75,70,70,70,70,70,70,15,15,15,37,37,59,58,34,56,38,75,72,38,38,38,38,35,19,41,41,30,30,3,3,3,25,0],"gold":85,"neow_bonus":"HUNDRED_GOLD","is_prod":false,"is_daily":false,"chose_seed":false,"campfire_upgraded":5,"win_rate":0,"timestamp":1548522697,"path_taken":["M","M","?","M","?","M","R","?","T","?","R","?","R","?","R","BOSS","M","?","?","?","?","R","E","$","T","R","?","R","M","M","R","BOSS","M","M","?","?","?","M","M","R","T","?","?","E","$","?","R","BOSS"],"build_version":"2019-01-23","purchased_purges":4,"victory":false,"max_hp_per_floor":[75,75,75,75,75,75,75,75,75,75,75,75,75,75,75,75,75,75,75,75,75,75,75,75,75,75,75,75,75,75,75,75,75,75,75,75,75,75,75,75,75,75,75,75,75,75,75,75,75,75],"card_choices":[{"not_picked":["Sunder","Beam Cell"],"picked":"Ball Lightning","floor":1},{"not_picked":["Coolheaded","Beam Cell"],"picked":"FTL","floor":2},{"not_picked":["Steam","Coolheaded"],"picked":"Sweeping Beam","floor":4},{"not_picked":["Stack","Chill"],"picked":"Rebound","floor":6},{"not_picked":["Turbo","Compile Driver","Tempest"],"picked":"SKIP","floor":8},{"not_picked":["Scrape+1","Self Repair"],"picked":"Streamline+1","floor":12},{"not_picked":["Reboot","Meteor Strike+1"],"picked":"Machine Learning","floor":16},{"not_picked":["Stack","Double Energy","Capacitor"],"picked":"SKIP","floor":18},{"not_picked":["Stack","Recycle+1"],"picked":"Steam","floor":24},{"not_picked":["Compile Driver+1","Cold Snap+1"],"picked":"Auto Shields","floor":30},{"not_picked":["Steam","Chill+1"],"picked":"Cold Snap+1","floor":31},{"not_picked":["Buffer","Hyperbeam+1"],"picked":"All For One+1","floor":33},{"not_picked":["Sweeping Beam+1"],"picked":"SKIP","floor":35},{"not_picked":["Coolheaded"],"picked":"SKIP","floor":36},{"not_picked":[],"picked":"Streamline+1","floor":39},{"not_picked":[],"picked":"Ball Lightning+1","floor":40},{"not_picked":["Sweeping Beam+1"],"picked":"SKIP","floor":41},{"not_picked":["Cold Snap+1"],"picked":"SKIP","floor":44},{"not_picked":["Chaos+1"],"picked":"SKIP","floor":46}],"player_experience":149119,"relics_obtained":[{"floor":9,"key":"Molten Egg 2"},{"floor":10,"key":"Bag of Marbles"},{"floor":12,"key":"Odd Mushroom"},{"floor":24,"key":"Bottled Lightning"},{"floor":26,"key":"PreservedInsect"},{"floor":28,"key":"Ginger"},{"floor":39,"key":"StoneCalendar"},{"floor":43,"key":"Cables"},{"floor":46,"key":"Sundial"}],"event_choices":[{"damage_healed":0,"gold_gain":0,"player_choice":"Ignored","damage_taken":0,"max_hp_gain":0,"max_hp_loss":0,"event_name":"Shining Light","floor":3,"gold_loss":0},{"damage_healed":0,"gold_gain":0,"player_choice":"Upgraded","damage_taken":0,"max_hp_gain":0,"max_hp_loss":0,"event_name":"Upgrade Shrine","floor":5,"gold_loss":0,"cards_upgraded":["Zap"]},{"damage_healed":0,"gold_gain":0,"player_choice":"Fought Mushrooms","damage_taken":0,"max_hp_gain":0,"max_hp_loss":0,"event_name":"Mushrooms","floor":12,"gold_loss":0},{"damage_healed":0,"gold_gain":0,"cards_transformed":["Strike_B"],"player_choice":"Transformed","damage_taken":0,"max_hp_gain":0,"max_hp_loss":0,"event_name":"Transmorgrifier","floor":14,"gold_loss":0,"cards_obtained":["Darkness"]},{"cards_removed":["Strike_B"],"damage_healed":0,"gold_gain":0,"player_choice":"Elegance","damage_taken":0,"max_hp_gain":0,"max_hp_loss":0,"event_name":"Back to Basics","floor":20,"gold_loss":0},{"damage_healed":0,"gold_gain":99,"player_choice":"Stole From Cult","damage_taken":0,"max_hp_gain":0,"max_hp_loss":0,"event_name":"Nest","floor":22,"gold_loss":0},{"cards_removed":["Darkness"],"damage_healed":0,"gold_gain":0,"player_choice":"Removed Skill","damage_taken":0,"max_hp_gain":0,"max_hp_loss":0,"event_name":"Falling","floor":37,"gold_loss":0},{"damage_healed":0,"gold_gain":0,"player_choice":"Memory 1","damage_taken":0,"max_hp_gain":0,"max_hp_loss":0,"event_name":"SensoryStone","floor":38,"gold_loss":0},{"damage_healed":0,"gold_gain":0,"player_choice":"Fight","damage_taken":0,"max_hp_gain":0,"max_hp_loss":0,"event_name":"MindBloom","floor":39,"gold_loss":0},{"damage_healed":0,"gold_gain":0,"player_choice":"Ignored","damage_taken":0,"max_hp_gain":0,"max_hp_loss":0,"event_name":"Mysterious Sphere","floor":48,"gold_loss":0}],"is_beta":false,"boss_relics":[{"not_picked":["Lizard Tail","FrozenCore"],"picked":"Runic Pyramid"},{"not_picked":["Coffee Dripper","Runic Dome"],"picked":"Busted Crown"}],"items_purged_floors":[19,25,45,47],"is_endless":false,"potions_floor_spawned":[1,8,12,30,31,36,40,41,44],"killed_by":"Time Eater","ascension_level":0}