{"gold_per_floor":[115,115,127,77,9,9,9,38,38,57,89,89,102,134,134,233,233,252,327,341,357,141,141,241,270,296,296,308,328,328,355,355,454,454,472,472,487,487,887,887,942,970,970,970,986,71,90,108,108,108],"floor_reached":51,"playtime":7076,"items_purged":["Strike_G","Pain"],"score":1414,"play_id":"d98e56e0-2ee6-469d-badb-c407fbac20a1","local_time":"20190127151931","is_ascension_mode":true,"campfire_choices":[{"data":"Neutralize","floor":6,"key":"SMITH"},{"data":"Noxious Fumes","floor":12,"key":"SMITH"},{"data":"Cloak And Dagger","floor":15,"key":"SMITH"},{"data":"Footwork","floor":23,"key":"SMITH"},{"data":"Noxious Fumes","floor":27,"key":"SMITH"},{"data":"Calculated Gamble","floor":30,"key":"SMITH"},{"data":"Malaise","floor":32,"key":"SMITH"},{"data":"Adrenaline","floor":40,"key":"SMITH"},{"data":"Well Laid Plans","floor":44,"key":"SMITH"},{"floor":49,"key":"REST"}],"neow_cost":"NONE","seed_source_timestamp":234778670150800,"circlet_count":0,"master_deck":["Defend_G","Defend_G","Defend_G","Defend_G+1","Defend_G","Strike_G","Survivor","Neutralize+1","Poisoned Stab","Bane","Noxious Fumes+1","Dagger Spray","Leg Sweep+1","Cloak And Dagger+1","Malaise+1","Footwork+1","Backflip","Noxious Fumes+1","Well Laid Plans+1","Calculated Gamble+1","Footwork+1","Adrenaline+1","Backflip","Backflip+1","Acrobatics+1","Concentrate+1"],"relics":["Ring of the Snake","Regal Pillow","Bag of Preparation","War Paint","Lantern","Cursed Key","Tough Bandages","Meat on the Bone","Nunchaku","Pen Nib","Bronze Scales","White Beast Statue","Old Coin","FossilizedHelix","The Courier","Incense Burner","Boot","Juzu Bracelet"],"potions_floor_usage":[11,11,21,24,24,24,25,31,41,41,41,42,45,50],"damage_taken":[{"damage":1,"enemies":"Small Slimes","floor":1,"turns":6},{"damage":0,"enemies":"Jaw Worm","floor":3,"turns":5},{"damage":26,"enemies":"Lagavulin","floor":8,"turns":9},{"damage":0,"enemies":"Cultist","floor":10,"turns":3},{"damage":0,"enemies":"Gremlin Nob","floor":11,"turns":2},{"damage":8,"enemies":"Gremlin Gang","floor":13,"turns":6},{"damage":13,"enemies":"Lagavulin","floor":14,"turns":7},{"damage":0,"enemies":"The Guardian","floor":16,"turns":11},{"damage":1,"enemies":"Shell Parasite","floor":18,"turns":5},{"damage":0,"enemies":"Spheric Guardian","floor":20,"turns":4},{"damage":2,"enemies":"Snake Plant","floor":21,"turns":6},{"damage":1,"enemies":"Colosseum Slavers","floor":24,"turns":5},{"damage":0,"enemies":"Colosseum Nobs","floor":24,"turns":5},{"damage":0,"enemies":"Book of Stabbing","floor":25,"turns":8},{"damage":4,"enemies":"Chosen and Byrds","floor":28,"turns":6},{"damage":2,"enemies":"Shelled Parasite and Fungi","floor":29,"turns":7},{"damage":16,"enemies":"Slavers","floor":31,"turns":6},{"damage":5,"enemies":"Automaton","floor":33,"turns":10},{"damage":8,"enemies":"Orb Walker","floor":35,"turns":5},{"damage":1,"enemies":"3 Shapes","floor":37,"turns":5},{"damage":7,"enemies":"Mind Bloom Boss Battle","floor":39,"turns":9},{"damage":5,"enemies":"2 Orb Walkers","floor":41,"turns":6},{"damage":7,"enemies":"Reptomancer","floor":42,"turns":7},{"damage":0,"enemies":"Writhing Mass","floor":45,"turns":7},{"damage":0,"enemies":"Jaw Worm Horde","floor":47,"turns":4},{"damage":0,"enemies":"Transient","floor":48,"turns":5},{"damage":0,"enemies":"Awakened One","floor":50,"turns":19}],"seed_played":"8910855516199171083","potions_obtained":[{"floor":8,"key":"Fire Potion"},{"floor":10,"key":"Fire Potion"},{"floor":14,"key":"GamblersBrew"},{"floor":20,"key":"Regen Potion"},{"floor":21,"key":"SteroidPotion"},{"floor":24,"key":"GamblersBrew"},{"floor":29,"key":"Regen Potion"},{"floor":33,"key":"Poison Potion"},{"floor":35,"key":"Dexterity Potion"},{"floor":37,"key":"AttackPotion"},{"floor":39,"key":"Energy Potion"},{"floor":41,"key":"PowerPotion"},{"floor":42,"key":"GamblersBrew"},{"floor":45,"key":"Swift Potion"}],"is_trial":false,"path_per_floor":["M","?","M","?","$","R","$","E","T","M","E","R","M","E","R","B",null,"M","?","M","M","$","R","?","E","T","R","M","M","R","E","R","B",null,"M","?","M","?","?","R","?","E","T","R","M","$","M","M","R","B",null],"character_chosen":"THE_SILENT","items_purchased":["Noxious Fumes","Noxious Fumes","GhostInAJar","Incense Burner","EntropicBrew","Swift Potion","Swift Potion","Dexterity Potion","Boot","Juzu Bracelet","Swift Potion","GamblersBrew","Energy Potion"],"campfire_rested":1,"item_purchase_floors":[5,22,22,46,46,46,46,46,46,46,46,46,46],"current_hp_per_floor":[62,67,67,67,67,67,67,41,41,41,41,41,33,20,20,20,61,60,53,53,66,66,66,65,65,65,65,61,59,59,58,58,53,70,62,62,61,61,54,54,49,42,42,42,42,42,42,42,71,71],"gold":108,"neow_bonus":"REMOVE_CARD","is_prod":false,"is_daily":false,"chose_seed":false,"campfire_upgraded":9,"win_rate":0,"timestamp":1548598771,"path_taken":["M","?","M","?","?","R","$","E","T","M","E","R","M","E","R","BOSS","M","?","?","?","$","R","?","E","T","R","M","M","R","E","R","BOSS","M","?","M","?","?","R","?","E","T","R","M","$","M","M","R","BOSS"],"build_version":"2019-01-23","purchased_purges":2,"victory":true,"max_hp_per_floor":[70,75,75,75,75,75,75,75,75,75,75,75,75,75,75,75,75,75,75,75,75,75,75,75,75,75,75,75,75,75,75,75,75,75,75,71,71,71,71,71,71,71,71,71,71,71,71,71,71,71],"card_choices":[{"not_picked":["Deadly Poison","Backflip"],"picked":"Poisoned Stab","floor":1},{"not_picked":["Deflect","Acrobatics"],"picked":"Bane","floor":3},{"not_picked":["Concentrate","Deflect"],"picked":"Dagger Spray","floor":8},{"not_picked":["Slice","Accuracy"],"picked":"Leg Sweep","floor":10},{"not_picked":["Eviscerate","PiercingWail"],"picked":"Cloak And Dagger","floor":11},{"not_picked":["Leg Sweep","Terror","Slice"],"picked":"SKIP","floor":13},{"not_picked":["Deflect","Slice","Deadly Poison"],"picked":"SKIP","floor":14},{"not_picked":["Burst","Wraith Form v2"],"picked":"Malaise","floor":16},{"not_picked":["Tactician+1","Crippling Poison","Expertise"],"picked":"SKIP","floor":18},{"not_picked":["Escape Plan+1","All Out Attack"],"picked":"Footwork","floor":20},{"not_picked":["PiercingWail","Prepared"],"picked":"Backflip","floor":21},{"not_picked":["Backflip","Finisher"],"picked":"Well Laid Plans","floor":24},{"not_picked":["Cloak And Dagger","Choke+1"],"picked":"Calculated Gamble","floor":25},{"not_picked":["Dagger Spray+1","Blur+1","Phantasmal Killer"],"picked":"SKIP","floor":28},{"not_picked":["Eviscerate","Blade Dance","Endless Agony"],"picked":"SKIP","floor":29},{"not_picked":["Deadly Poison+1","Noxious Fumes"],"picked":"Footwork+1","floor":31},{"not_picked":["Corpse Explosion","Unload"],"picked":"Adrenaline","floor":33},{"not_picked":["Dagger Spray+1","Quick Slash+1","Well Laid Plans"],"picked":"SKIP","floor":35},{"not_picked":["Flying Knee+1","Sucker Punch"],"picked":"Backflip","floor":37},{"not_picked":["Dagger Throw+1","Underhanded Strike"],"picked":"Backflip+1","floor":41},{"not_picked":["Expertise+1","Storm of Steel","Underhanded Strike+1"],"picked":"SKIP","floor":42},{"not_picked":["Deadly Poison","Underhanded Strike"],"picked":"Acrobatics+1","floor":45},{"not_picked":["Dagger Throw+1","Dagger Spray+1"],"picked":"Concentrate+1","floor":47},{"not_picked":["Cloak And Dagger","Endless Agony","Infinite Blades+1"],"picked":"SKIP","floor":48}],"player_experience":131482,"relics_obtained":[{"floor":8,"key":"Regal Pillow"},{"floor":9,"key":"Bag of Preparation"},{"floor":11,"key":"War Paint"},{"floor":14,"key":"Lantern"},{"floor":24,"key":"Tough Bandages"},{"floor":24,"key":"Meat on the Bone"},{"floor":25,"key":"Nunchaku"},{"floor":26,"key":"Pen Nib"},{"floor":31,"key":"Bronze Scales"},{"floor":39,"key":"Old Coin"},{"floor":41,"key":"FossilizedHelix"},{"floor":42,"key":"The Courier"}],"event_choices":[{"damage_healed":0,"gold_gain":0,"player_choice":"Donut","damage_taken":0,"max_hp_gain":5,"max_hp_loss":0,"event_name":"Big Fish","floor":2,"gold_loss":0},{"cards_removed":["Strike_G"],"damage_healed":0,"gold_gain":0,"player_choice":"Card Removal","damage_taken":0,"max_hp_gain":0,"max_hp_loss":0,"event_name":"The Cleric","floor":4,"gold_loss":50},{"damage_healed":0,"gold_gain":75,"player_choice":"Touch","damage_taken":7,"max_hp_gain":0,"max_hp_loss":0,"event_name":"FaceTrader","floor":19,"gold_loss":0},{"damage_healed":0,"gold_gain":0,"player_choice":"Fight","damage_taken":0,"max_hp_gain":0,"max_hp_loss":0,"event_name":"Colosseum","floor":24,"gold_loss":0},{"damage_healed":0,"gold_gain":0,"player_choice":"Fought Nobs","damage_taken":0,"max_hp_gain":0,"max_hp_loss":0,"event_name":"Colosseum","floor":24,"gold_loss":0},{"damage_healed":0,"gold_gain":0,"player_choice":"Max HP","damage_taken":0,"max_hp_gain":0,"max_hp_loss":4,"event_name":"Winding Halls","floor":36,"gold_loss":0},{"cards_removed":["Strike_G"],"damage_healed":0,"gold_gain":0,"player_choice":"Removed Attack","damage_taken":0,"max_hp_gain":0,"max_hp_loss":0,"event_name":"Falling","floor":38,"gold_loss":0},{"damage_healed":0,"gold_gain":0,"player_choice":"Fight","damage_taken":0,"max_hp_gain":0,"max_hp_loss":0,"event_name":"MindBloom","floor":39,"gold_loss":0},{"damage_healed":0,"gold_gain":0,"player_choice":"Fight","damage_taken":0,"max_hp_gain":0,"max_hp_loss":0,"event_name":"Mysterious Sphere","floor":41,"gold_loss":0}],"is_beta":false,"boss_relics":[{"not_picked":["Black Star","Coffee Dripper"],"picked":"Cursed Key"},{"not_picked":["Lizard Tail","Fusion Hammer"],"picked":"White Beast Statue"}],"items_purged_floors":[22,46],"is_endless":false,"potions_floor_spawned":[8,10,14,20,21,24,29,33,35,37,39,41,42,45,47,48],"ascension_level":9}