{"gold_per_floor":[110,130,143,161,18,18,32,62,62,90,90,101,111,131,131,209,209,224,14,31,31,49,49,84,84,84,24,24],"floor_reached":28,"playtime":2288,"items_purged":["Accuracy"],"score":554,"play_id":"aa6272c9-3882-45ed-b0a3-d55afea467a8","local_time":"20181229005538","is_ascension_mode":true,"campfire_choices":[{"data":"Skewer","floor":6,"key":"SMITH"},{"data":"Corpse Explosion","floor":11,"key":"SMITH"},{"data":"Venomology","floor":15,"key":"SMITH"},{"data":"Backflip","floor":23,"key":"SMITH"},{"floor":25,"key":"REST"}],"neow_cost":"NONE","seed_source_timestamp":1001721136134498,"circlet_count":0,"master_deck":["AscendersBane","Survivor","Neutralize","Skewer+1","Deflect","Leg Sweep","Slice","Footwork","Corpse Explosion+1","Cloak And Dagger","Venomology+1","Footwork","After Image","Night Terror","Tools of the Trade","Footwork","Dodge and Roll","Well Laid Plans","Expertise","Flechettes","Choke","Underhanded Strike","Deflect","Deadly Poison","Backflip+1","Deadly Poison+1","Escape Plan"],"special_seed":0,"relics":["Ring of the Snake","Blood Vial","The Courier","Bottled Lightning","Pandora\u0027s Box","Lee\u0027s Waffle","Kunai","Centennial Puzzle"],"potions_floor_usage":[4,8,8,14,16,16,16,20,22,24,28],"damage_taken":[{"damage":3.0,"enemies":"Jaw Worm","floor":1.0,"turns":6.0},{"damage":8.0,"enemies":"Small Slimes","floor":2.0,"turns":4.0},{"damage":0.0,"enemies":"2 Louse","floor":3.0,"turns":2.0},{"damage":1,"enemies":"Blue Slaver","floor":4,"turns":7},{"damage":0,"enemies":"3 Louse","floor":7,"turns":6},{"damage":0,"enemies":"Gremlin Nob","floor":8,"turns":3},{"damage":16,"enemies":"3 Sentries","floor":10,"turns":4},{"damage":9,"enemies":"Large Slime","floor":12,"turns":7},{"damage":2,"enemies":"Red Slaver","floor":13,"turns":5},{"damage":2,"enemies":"Blue Slaver","floor":14,"turns":5},{"damage":28,"enemies":"Slime Boss","floor":16,"turns":13},{"damage":25,"enemies":"Shell Parasite","floor":18,"turns":5},{"damage":16,"enemies":"2 Thieves","floor":20,"turns":2},{"damage":11,"enemies":"Centurion and Healer","floor":22,"turns":3},{"damage":48,"enemies":"Slavers","floor":24,"turns":5},{"damage":34,"enemies":"Gremlin Leader","floor":28,"turns":2}],"seed_played":"-7497932318710299440","potions_obtained":[{"floor":0.0,"key":"FearPotion"},{"floor":0.0,"key":"Regen Potion"},{"floor":12,"key":"EssenceOfSteel"},{"floor":14,"key":"SkillPotion"},{"floor":16,"key":"Fire Potion"},{"floor":24,"key":"Ancient Potion"}],"is_trial":false,"path_per_floor":["M","M","M","M","M","$","R","M","E","T","E","R","M","M","M","R","B",null,"M","$","M","?","M","R","E","R","T","$","E"],"character_chosen":"THE_SILENT","items_purchased":["PowerPotion","Footwork","Lee\u0027s Waffle","Deadly Poison"],"campfire_rested":1,"item_purchase_floors":[5,5,19,19],"current_hp_per_floor":[56,48,48,62,62,62,62,62,62,48,48,41,41,41,41,15,53,30,73,57,57,48,48,2,23,23,23,0],"gold":24,"neow_bonus":"THREE_SMALL_POTIONS","is_prod":false,"is_daily":false,"chose_seed":false,"campfire_upgraded":4,"win_rate":0,"timestamp":1546073738,"path_taken":["M","M","M","M","$","R","M","E","T","E","R","M","M","M","R","BOSS","M","$","M","?","M","R","E","R","T","$","E"],"build_version":"2018-12-20","purchased_purges":1,"victory":false,"max_hp_per_floor":[66,66,66,66,66,66,66,66,66,66,66,66,66,66,66,66,66,66,73,73,73,73,73,73,73,73,73,73],"card_choices":[{"not_picked":["Terror","Infinite Blades"],"picked":"Skewer","floor":1.0},{"not_picked":["Riddle With Holes","Blade Dance"],"picked":"Deflect","floor":2.0},{"not_picked":["Choke","Acrobatics"],"picked":"Leg Sweep","floor":3},{"not_picked":["Leg Sweep","Prepared"],"picked":"Slice","floor":4},{"not_picked":["Masterful Stab","Poisoned Stab"],"picked":"Corpse Explosion","floor":7},{"not_picked":["Accuracy","All Out Attack"],"picked":"Cloak And Dagger","floor":10},{"not_picked":["Concentrate","Dagger Spray"],"picked":"Venomology","floor":12},{"not_picked":["Deflect","Cloak And Dagger","Quick Slash"],"picked":"SKIP","floor":13},{"not_picked":["Sucker Punch","Leg Sweep"],"picked":"Footwork","floor":14},{"not_picked":["Malaise","Unload"],"picked":"After Image","floor":16},{"not_picked":["Masterful Stab","Accuracy"],"picked":"Deflect","floor":18},{"not_picked":["Underhanded Strike","Slice","Dagger Throw+1"],"picked":"SKIP","floor":20},{"not_picked":["Predator","Eviscerate"],"picked":"Deadly Poison+1","floor":22},{"not_picked":["Deflect","Dodge and Roll"],"picked":"Escape Plan","floor":24}],"player_experience":255742,"relics_obtained":[{"floor":8,"key":"Blood Vial"},{"floor":9,"key":"The Courier"},{"floor":10,"key":"Bottled Lightning"},{"floor":24,"key":"Kunai"},{"floor":26,"key":"Centennial Puzzle"}],"event_choices":[{"damage_healed":0,"gold_gain":0,"player_choice":"Read","damage_taken":0,"max_hp_gain":0,"max_hp_loss":0,"event_name":"The Library","floor":21,"gold_loss":0,"cards_obtained":["Backflip"]}],"is_beta":false,"boss_relics":[{"not_picked":["Philosopher\u0027s Stone","Runic Pyramid"],"picked":"Pandora\u0027s Box"}],"items_purged_floors":[27],"is_endless":false,"potions_floor_spawned":[3,7,12,13,14,16,20,24],"killed_by":"Gremlin Leader","ascension_level":20}