{"gold_per_floor":[109,119,119,135,155,187,187,362,389,171,171,171,171,171,171,274,274,289,289,302,147,547,547,564,564,564,564,564,578,589,415,415,518,518,536,536,636,256,289,306,306,306,306,306,306,323,323,0,0,0],"floor_reached":51,"playtime":1604,"items_purged":["Doubt","Strike_B","Strike_B"],"score":666,"play_id":"18b97938-6deb-47be-92e0-c7d1bf447b19","local_time":"20190124224020","is_ascension_mode":false,"campfire_choices":[{"data":"Sunder","floor":7.0,"key":"SMITH"},{"data":"Zap","floor":11.0,"key":"SMITH"},{"data":"Dualcast","floor":13.0,"key":"SMITH"},{"data":"Multi-Cast","floor":15.0,"key":"SMITH"},{"data":"Seek","floor":23.0,"key":"SMITH"},{"data":"Ball Lightning","floor":25.0,"key":"SMITH"},{"data":"Coolheaded","floor":27.0,"key":"SMITH"},{"data":"Conserve Battery","floor":32.0,"key":"SMITH"},{"data":"Conserve Battery","floor":41.0,"key":"SMITH"},{"data":"Undo","floor":44,"key":"SMITH"},{"data":"BootSequence","floor":47,"key":"SMITH"},{"data":"Defend_B","floor":49,"key":"SMITH"}],"neow_cost":"NONE","seed_source_timestamp":2688137279027290,"circlet_count":0,"master_deck":["Strike_B","Strike_B","Defend_B","Defend_B","Defend_B","Defend_B+1","Zap+1","Dualcast+1","Multi-Cast+1","Sunder+1","Coolheaded+1","BootSequence+1","Undo+1","Conserve Battery+1","Conserve Battery+1","Seek+1","Ball Lightning+1","Cold Snap+1","Injury","Blizzard+1","Capacitor+1","Electrodynamics+1","Chaos+1","Magnetism+1","Ball Lightning+1","White Noise+1","Writhe","Defragment+1","Chill+1"],"special_seed":0,"relics":["Cracked Core","Juzu Bracelet","Art of War","DataDisk","Strawberry","Cursed Key","Old Coin","Blue Candle","Frozen Egg 2","Prayer Wheel","Cables","Red Mask"],"potions_floor_usage":[50,50,50],"damage_taken":[{"damage":0.0,"enemies":"2 Louse","floor":1.0,"turns":2.0},{"damage":2.0,"enemies":"Small Slimes","floor":2.0,"turns":3.0},{"damage":0.0,"enemies":"Cultist","floor":4.0,"turns":3.0},{"damage":0.0,"enemies":"3 Louse","floor":5.0,"turns":2.0},{"damage":7.0,"enemies":"3 Sentries","floor":6.0,"turns":8.0},{"damage":16.0,"enemies":"Slime Boss","floor":16.0,"turns":10.0},{"damage":0.0,"enemies":"2 Thieves","floor":18.0,"turns":3.0},{"damage":0.0,"enemies":"Spheric Guardian","floor":20.0,"turns":3.0},{"damage":4.0,"enemies":"Colosseum Slavers","floor":22.0,"turns":5.0},{"damage":16.0,"enemies":"Colosseum Nobs","floor":22.0,"turns":4.0},{"damage":0.0,"enemies":"Chosen and Byrds","floor":24.0,"turns":4.0},{"damage":0.0,"enemies":"Snake Plant","floor":29.0,"turns":4.0},{"damage":0.0,"enemies":"Centurion and Healer","floor":30.0,"turns":6.0},{"damage":64.0,"enemies":"Champ","floor":33.0,"turns":14.0},{"damage":23.0,"enemies":"3 Darklings","floor":35.0,"turns":5.0},{"damage":0.0,"enemies":"Mind Bloom Boss Battle","floor":37.0,"turns":8.0},{"damage":0.0,"enemies":"Orb Walker","floor":39.0,"turns":2.0},{"damage":8.0,"enemies":"4 Shapes","floor":40.0,"turns":2.0},{"damage":12,"enemies":"Maw","floor":46,"turns":8},{"damage":64,"enemies":"Time Eater","floor":50,"turns":14}],"seed_played":"-1263082754538408746","potions_obtained":[{"floor":4.0,"key":"Fire Potion"},{"floor":16.0,"key":"AttackPotion"},{"floor":18.0,"key":"Explosive Potion"},{"floor":24.0,"key":"Fire Potion"},{"floor":33.0,"key":"SkillPotion"},{"floor":35.0,"key":"GamblersBrew"}],"is_trial":false,"path_per_floor":["M","M","$","M","M","E","R","?","T","$","R","?","R","?","R","B",null,"M","$","M","$","?","R","M","R","T","R","?","M","M","$","R","B",null,"M","?","?","$","M","M","R","?","T","R","?","M","R","?","R","B",null],"character_chosen":"DEFECT","items_purchased":["DataDisk","Seek","Capacitor+1","Cables"],"campfire_rested":0,"item_purchase_floors":[10,21,31,38],"current_hp_per_floor":[75,73,73,73,73,66,66,66,66,66,66,71,71,78,78,62,87,87,87,87,87,67,67,67,67,67,67,67,67,67,67,67,3,87,64,64,64,64,64,56,56,78,78,78,78,66,66,66,66,2],"gold":0,"neow_bonus":"ONE_RANDOM_RARE_CARD","is_prod":false,"is_daily":false,"chose_seed":false,"campfire_upgraded":12,"win_rate":0,"timestamp":1548369620,"path_taken":["M","M","$","M","M","E","R","?","T","$","R","?","R","?","R","BOSS","M","$","M","$","?","R","M","R","T","R","?","M","M","$","R","BOSS","M","?","?","$","M","M","R","?","T","R","?","M","R","?","R","BOSS"],"build_version":"2019-01-23","purchased_purges":3,"victory":true,"max_hp_per_floor":[75,75,75,75,75,75,75,75,75,75,75,80,80,87,87,87,87,87,87,87,87,87,87,87,87,87,87,87,87,87,87,87,87,87,87,87,87,87,87,87,87,87,87,87,87,87,87,87,87,87],"card_choices":[{"not_picked":["Sweeping Beam","Turbo"],"picked":"Sunder","floor":1.0},{"not_picked":["Chaos","Reprogram"],"picked":"Coolheaded","floor":2.0},{"not_picked":["Redo","Barrage"],"picked":"BootSequence","floor":4.0},{"not_picked":["Fusion","Barrage"],"picked":"Undo","floor":5.0},{"not_picked":["Go for the Eyes","Force Field","Chaos"],"picked":"SKIP","floor":6.0},{"not_picked":["Reprogram","Steam Power"],"picked":"Conserve Battery","floor":18.0},{"not_picked":["Coolheaded","BootSequence"],"picked":"Conserve Battery","floor":20.0},{"not_picked":["Double Energy","Turbo"],"picked":"Ball Lightning","floor":22.0},{"not_picked":["Steam+1","Barrage"],"picked":"Cold Snap+1","floor":24.0},{"not_picked":["Tempest","Hologram","Doom and Gloom"],"picked":"SKIP","floor":29.0},{"not_picked":["Static Discharge+1","Consume+1"],"picked":"Blizzard+1","floor":30.0},{"not_picked":["Hyperbeam","Buffer+1"],"picked":"Electrodynamics+1","floor":33.0},{"not_picked":["Streamline","Steam Power+1"],"picked":"Chaos+1","floor":35.0},{"not_picked":["Jack Of All Trades","Blind"],"picked":"Magnetism+1","floor":36.0},{"not_picked":["Gash","Darkness+1"],"picked":"Ball Lightning+1","floor":39.0},{"not_picked":["Hologram","Cold Snap+1"],"picked":"White Noise+1","floor":39.0},{"not_picked":["Compile Driver","Gash","Tempest"],"picked":"SKIP","floor":40.0},{"not_picked":["Steam+1","FTL","Core Surge"],"picked":"SKIP","floor":40.0},{"not_picked":["Steam","Redo"],"picked":"Defragment+1","floor":46},{"not_picked":["Streamline+1","Hologram+1"],"picked":"Chill+1","floor":46}],"player_experience":994646,"relics_obtained":[{"floor":6.0,"key":"Juzu Bracelet"},{"floor":9.0,"key":"Art of War"},{"floor":14.0,"key":"Strawberry"},{"floor":22.0,"key":"Old Coin"},{"floor":22.0,"key":"Blue Candle"},{"floor":26.0,"key":"Frozen Egg 2"},{"floor":37.0,"key":"Prayer Wheel"}],"event_choices":[{"damage_healed":0.0,"max_hp_gain":0.0,"max_hp_loss":0.0,"gold_gain":175.0,"event_name":"Liars Game","player_choice":"AGREE","floor":8.0,"gold_loss":0.0,"damage_taken":0.0,"cards_obtained":["Doubt"]},{"damage_healed":0.0,"max_hp_gain":5.0,"max_hp_loss":0.0,"gold_gain":0.0,"event_name":"Big Fish","player_choice":"Donut","floor":12.0,"gold_loss":0.0,"damage_taken":0.0},{"damage_healed":0.0,"max_hp_gain":0.0,"max_hp_loss":0.0,"gold_gain":0.0,"event_name":"Wheel of Change","player_choice":"Relic","floor":14.0,"gold_loss":0.0,"damage_taken":0.0},{"damage_healed":0.0,"max_hp_gain":0.0,"max_hp_loss":0.0,"gold_gain":0.0,"event_name":"Colosseum","player_choice":"Fight","floor":22.0,"gold_loss":0.0,"damage_taken":0.0},{"damage_healed":0.0,"max_hp_gain":0.0,"max_hp_loss":0.0,"gold_gain":0.0,"event_name":"Colosseum","player_choice":"Fought Nobs","floor":22.0,"gold_loss":0.0,"damage_taken":0.0},{"damage_healed":0.0,"max_hp_gain":0.0,"max_hp_loss":0.0,"gold_gain":0.0,"event_name":"Vampires","player_choice":"Ignored","floor":28.0,"gold_loss":0.0,"damage_taken":0.0},{"damage_healed":0.0,"max_hp_gain":0.0,"max_hp_loss":0.0,"gold_gain":0.0,"event_name":"SensoryStone","player_choice":"Memory 1","floor":36.0,"gold_loss":0.0,"damage_taken":0.0},{"damage_healed":0.0,"max_hp_gain":0.0,"max_hp_loss":0.0,"gold_gain":0.0,"event_name":"MindBloom","player_choice":"Fight","floor":37.0,"gold_loss":0.0,"damage_taken":0.0},{"damage_healed":22.0,"max_hp_gain":0.0,"max_hp_loss":0.0,"gold_gain":0.0,"event_name":"Winding Halls","player_choice":"Writhe","floor":42.0,"gold_loss":0.0,"damage_taken":0.0,"cards_obtained":["Writhe"]},{"damage_healed":0,"gold_gain":0,"player_choice":"Ignored","damage_taken":0,"max_hp_gain":0,"max_hp_loss":0,"event_name":"SecretPortal","floor":45,"gold_loss":0},{"damage_healed":0,"gold_gain":0,"player_choice":"Paid","damage_taken":0,"relics_obtained":["Red Mask"],"max_hp_gain":0,"max_hp_loss":0,"event_name":"Tomb of Lord Red Mask","floor":48,"gold_loss":323}],"is_beta":false,"boss_relics":[{"not_picked":["Eternal Feather","Orrery"],"picked":"Cursed Key"},{"not_picked":["Velvet Choker","Sozu","Snecko Eye"]}],"items_purged_floors":[10,31,38],"is_endless":false,"potions_floor_spawned":[4,16,18,22,24,33,35,37],"ascension_level":0}