{"gold_per_floor":[118,136,150,150,165,195,195,195,220,220,220,236,266,285,285,382,382,397,160,172,184,196,208,248,260,272,304,332,344,356,379,391,503,515,540,552,584,607,635,647,659,706,768,780,792,814,826,850,862,874],"floor_reached":50,"playtime":3965,"items_purged":[],"score":813,"play_id":"ac16c6b7-e0c3-4d52-af7d-13596f801e2d","local_time":"20181122143009","is_ascension_mode":true,"campfire_choices":[{"data":"Neutralize","floor":7.0,"key":"SMITH"},{"floor":10.0,"key":"REST"},{"data":"Dash","floor":15.0,"key":"SMITH"},{"data":"Sucker Punch","floor":23.0,"key":"SMITH"},{"data":"After Image","floor":25.0,"key":"SMITH"},{"data":"Venomology","floor":29.0,"key":"SMITH"},{"data":"Choke","floor":32.0,"key":"SMITH"},{"data":"A Thousand Cuts","floor":40.0,"key":"SMITH"},{"data":"Accuracy","floor":45,"key":"SMITH"},{"data":"Cloak And Dagger","floor":49,"key":"SMITH"}],"neow_cost":"NONE","seed_source_timestamp":167656924657232,"circlet_count":0,"master_deck":["AscendersBane","Defend_G+1","Defend_G+1","Defend_G+1","Defend_G+1","Strike_G+1","Strike_G+1","Strike_G+1","Survivor+1","Neutralize+1","Infinite Blades","Sucker Punch+1","Backstab","Bouncing Flask","Dodge and Roll+1","All Out Attack","Backflip+1","Dash+1","Escape Plan","After Image+1","Infinite Blades","RitualDagger","Choke+1","Blur","Prepared","A Thousand Cuts+1","Acrobatics","Infinite Blades","Accuracy+1","Backflip+1","Cloak And Dagger+1","Escape Plan","Backflip+1"],"special_seed":0,"relics":["Lizard Tail","Bag of Preparation","Lantern","Odd Mushroom","Coffee Dripper","MawBank","War Paint","Centennial Puzzle","Gremlin Horn","WristBlade","Oddly Smooth Stone","Strawberry"],"potions_floor_usage":[42,50,50],"damage_taken":[{"damage":9.0,"enemies":"Cultist","floor":1.0,"turns":5.0},{"damage":1.0,"enemies":"Small Slimes","floor":2.0,"turns":4.0},{"damage":0.0,"enemies":"Jaw Worm","floor":3.0,"turns":5.0},{"damage":1.0,"enemies":"2 Fungi Beasts","floor":5.0,"turns":4.0},{"damage":18.0,"enemies":"3 Sentries","floor":6.0,"turns":11.0},{"damage":3.0,"enemies":"Looter","floor":12.0,"turns":2.0},{"damage":1.0,"enemies":"The Mushroom Lair","floor":13.0,"turns":3.0},{"damage":6.0,"enemies":"Exordium Wildlife","floor":14.0,"turns":5.0},{"damage":30.0,"enemies":"Slime Boss","floor":16.0,"turns":11.0},{"damage":0.0,"enemies":"Spheric Guardian","floor":18.0,"turns":5.0},{"damage":5.0,"enemies":"Book of Stabbing","floor":24.0,"turns":6.0},{"damage":0.0,"enemies":"2 Thieves","floor":27.0,"turns":4.0},{"damage":0.0,"enemies":"Centurion and Healer","floor":28.0,"turns":6.0},{"damage":0.0,"enemies":"Snecko","floor":31.0,"turns":3.0},{"damage":23.0,"enemies":"Champ","floor":33.0,"turns":14.0},{"damage":0.0,"enemies":"3 Shapes","floor":35.0,"turns":6.0},{"damage":18.0,"enemies":"3 Darklings","floor":37.0,"turns":7.0},{"damage":11.0,"enemies":"Sphere and 2 Shapes","floor":38.0,"turns":5.0},{"damage":7.0,"enemies":"Maw","floor":39.0,"turns":7.0},{"damage":36,"enemies":"Giant Head","floor":42,"turns":9},{"damage":13,"enemies":"Writhing Mass","floor":46,"turns":8},{"damage":10,"enemies":"Jaw Worm Horde","floor":48,"turns":4},{"damage":66,"enemies":"Time Eater","floor":50,"turns":10}],"seed_played":"-8763886760050368229","potions_obtained":[{"floor":1.0,"key":"SkillPotion"},{"floor":3.0,"key":"PowerPotion"},{"floor":6.0,"key":"PowerPotion"},{"floor":16.0,"key":"EssenceOfSteel"},{"floor":38.0,"key":"Explosive Potion"},{"floor":48,"key":"EssenceOfSteel"}],"is_trial":false,"path_per_floor":["M","M","M","?","M","E","R","?","T","R","$","M","?","M","R","B",null,"M","$","?","?","?","R","E","R","T","M","M","R","?","M","R","B",null,"M","?","M","M","M","R","?","E","T","?","R","M","?","M","R","B"],"character_chosen":"THE_SILENT","items_purchased":["Infinite Blades","MawBank"],"campfire_rested":1,"item_purchase_floors":[19,19],"current_hp_per_floor":[54,53,53,53,52,34,34,20,20,41,41,38,37,31,31,1,53,53,53,47,47,47,47,42,42,42,42,42,42,42,42,42,34,61,61,61,43,32,25,25,25,28,35,87,87,74,74,64,64,0],"gold":874,"neow_bonus":"BOSS_RELIC","is_prod":false,"is_daily":false,"chose_seed":false,"campfire_upgraded":9,"win_rate":0,"timestamp":1542925809,"path_taken":["M","M","M","?","M","E","R","?","T","R","$","M","?","M","R","BOSS","M","$","?","?","?","R","E","R","T","M","?","R","?","M","R","BOSS","M","?","M","?","M","R","?","E","T","?","R","?","?","M","R","BOSS"],"build_version":"2018-11-15","purchased_purges":0,"victory":false,"max_hp_per_floor":[70,70,70,70,70,70,70,70,70,70,70,70,70,70,70,70,70,70,70,70,70,70,70,70,70,70,70,70,70,70,70,70,70,70,70,70,70,70,70,70,70,70,77,87,87,87,87,87,87,87],"card_choices":[{"not_picked":["Flying Knee","Prepared"],"picked":"Infinite Blades","floor":1.0},{"not_picked":["Deflect","Predator"],"picked":"Sucker Punch","floor":2.0},{"not_picked":["Blade Dance","PiercingWail"],"picked":"Backstab","floor":3.0},{"not_picked":["Dagger Throw","Poisoned Stab"],"picked":"Dodge and Roll","floor":5.0},{"not_picked":["Deflect","Bane"],"picked":"All Out Attack","floor":6.0},{"not_picked":["Expertise","Underhanded Strike"],"picked":"Backflip","floor":12.0},{"not_picked":["Grand Finale","Dagger Spray"],"picked":"Dash","floor":13.0},{"not_picked":["Blur","Deadly Poison"],"picked":"Escape Plan","floor":14.0},{"not_picked":["Doppelganger","Wraith Form v2"],"picked":"After Image","floor":16.0},{"not_picked":["Deflect","Flying Knee+1"],"picked":"PiercingWail+1","floor":18.0},{"not_picked":["Calculated Gamble","Leg Sweep"],"picked":"Choke","floor":24.0},{"not_picked":["Sucker Punch","Quick Slash"],"picked":"Venomology","floor":27.0},{"not_picked":["Acrobatics","Concentrate"],"picked":"Blur","floor":28.0},{"not_picked":["Quick Slash","Outmaneuver"],"picked":"Prepared","floor":31.0},{"not_picked":["Grand Finale","Wraith Form v2"],"picked":"A Thousand Cuts","floor":33.0},{"not_picked":["Dagger Throw","Underhanded Strike+1"],"picked":"Acrobatics","floor":35.0},{"not_picked":["Slice+1","PiercingWail"],"picked":"Infinite Blades","floor":37.0},{"not_picked":["Dodge and Roll+1","Bane"],"picked":"Accuracy","floor":38.0},{"not_picked":["Prepared","Accuracy"],"picked":"Backflip+1","floor":39.0},{"not_picked":["Leg Sweep","Backflip"],"picked":"Cloak And Dagger","floor":42},{"not_picked":["Bane+1","PiercingWail+1"],"picked":"Escape Plan","floor":46},{"not_picked":["Cloak And Dagger","Bane+1"],"picked":"Backflip+1","floor":48}],"player_experience":107157,"relics_obtained":[{"floor":6.0,"key":"Bag of Preparation"},{"floor":9.0,"key":"Lantern"},{"floor":13.0,"key":"Odd Mushroom"},{"floor":24.0,"key":"Centennial Puzzle"},{"floor":26.0,"key":"Gremlin Horn"},{"floor":42,"key":"Oddly Smooth Stone"},{"floor":43,"key":"Strawberry"}],"event_choices":[{"damage_healed":0.0,"max_hp_gain":0.0,"max_hp_loss":0.0,"gold_gain":0.0,"cards_transformed":["Strike_G"],"event_name":"Living Wall","player_choice":"Change","floor":4.0,"gold_loss":0.0,"damage_taken":0.0,"cards_obtained":["Bouncing Flask"]},{"damage_healed":0.0,"max_hp_gain":0.0,"max_hp_loss":0.0,"gold_gain":0.0,"event_name":"Shining Light","player_choice":"Entered Light","floor":8.0,"gold_loss":0.0,"damage_taken":14.0,"cards_upgraded":["Survivor","Strike_G"]},{"damage_healed":0.0,"max_hp_gain":0.0,"max_hp_loss":0.0,"gold_gain":0.0,"event_name":"Mushrooms","player_choice":"Fought Mushrooms","floor":13.0,"gold_loss":0.0,"damage_taken":0.0},{"damage_healed":0.0,"max_hp_gain":0.0,"max_hp_loss":0.0,"gold_gain":0.0,"event_name":"Nest","player_choice":"Joined the Cult","floor":20.0,"gold_loss":0.0,"damage_taken":6.0,"cards_obtained":["RitualDagger"]},{"damage_healed":0.0,"max_hp_gain":0.0,"max_hp_loss":0.0,"gold_gain":0.0,"event_name":"Back to Basics","player_choice":"Simplicity","floor":21.0,"gold_loss":0.0,"damage_taken":0.0,"cards_upgraded":["Defend_G","Defend_G","Defend_G","Defend_G","Defend_G","Strike_G","Strike_G","Strike_G"]},{"damage_healed":0.0,"max_hp_gain":0.0,"max_hp_loss":0.0,"gold_gain":0.0,"event_name":"The Mausoleum","player_choice":"Opened","floor":22.0,"gold_loss":0.0,"damage_taken":0.0,"relics_obtained":["War Paint"]},{"cards_removed":["Defend_G"],"damage_healed":0.0,"max_hp_gain":0.0,"max_hp_loss":0.0,"gold_gain":0.0,"event_name":"Purifier","player_choice":"Purged","floor":30.0,"gold_loss":0.0,"damage_taken":0.0},{"cards_removed":["Strike_G"],"damage_healed":0.0,"max_hp_gain":0.0,"max_hp_loss":0.0,"gold_gain":0.0,"event_name":"Purifier","player_choice":"Purged","floor":36.0,"gold_loss":0.0,"damage_taken":0.0},{"damage_healed":0,"gold_gain":0,"player_choice":"Ignored","damage_taken":0,"max_hp_gain":0,"max_hp_loss":0,"event_name":"Mysterious Sphere","floor":41,"gold_loss":0},{"cards_removed":["Venomology"],"damage_healed":42,"gold_gain":0,"player_choice":"Offered Rare","damage_taken":0,"max_hp_gain":10,"max_hp_loss":0,"event_name":"Bonfire Elementals","floor":44,"gold_loss":0},{"cards_removed":["PiercingWail"],"damage_healed":0,"gold_gain":0,"player_choice":"Removed Skill","damage_taken":0,"max_hp_gain":0,"max_hp_loss":0,"event_name":"Falling","floor":47,"gold_loss":0}],"is_beta":false,"boss_relics":[{"not_picked":["Busted Crown","Velvet Choker"],"picked":"Coffee Dripper"},{"not_picked":["Astrolabe","Philosopher\u0027s Stone"],"picked":"WristBlade"}],"items_purged_floors":[],"is_endless":false,"potions_floor_spawned":[1,3,6,16,24,28,38,48],"killed_by":"Time Eater","ascension_level":11}