{"gold_per_floor":[119,119,63,79,91,125,125,139,166,186,186,186],"floor_reached":12,"playtime":569,"items_purged":[],"score":144,"play_id":"15a8d823-7f3f-4c5a-babe-6691bd3c8012","local_time":"20190126194735","is_ascension_mode":true,"campfire_choices":[{"data":"Zap","floor":7,"key":"SMITH"}],"neow_cost":"NONE","seed_source_timestamp":164838866375800,"circlet_count":0,"master_deck":["AscendersBane","Strike_B","Strike_B","Strike_B","Defend_B","Defend_B","Defend_B","Defend_B","Zap+1","Dualcast","Turbo","Sweeping Beam","Double Energy","Chill","Seek","Barrage","White Noise"],"relics":["Cracked Core","Juzu Bracelet","Ancient Tea Set"],"potions_floor_usage":[6],"damage_taken":[{"damage":8,"enemies":"2 Louse","floor":1,"turns":2},{"damage":1,"enemies":"Cultist","floor":4,"turns":3},{"damage":1,"enemies":"Small Slimes","floor":5,"turns":3},{"damage":30,"enemies":"3 Sentries","floor":6,"turns":10},{"damage":14,"enemies":"3 Louse","floor":8,"turns":4},{"damage":12,"enemies":"Blue Slaver","floor":10,"turns":3},{"damage":34,"enemies":"Gremlin Nob","floor":12,"turns":3}],"seed_played":"640018543983266909","potions_obtained":[{"floor":5,"key":"Dexterity Potion"},{"floor":6,"key":"PowerPotion"}],"is_trial":false,"path_per_floor":["M","?","$","M","M","E","R","M","T","M","?","E"],"character_chosen":"DEFECT","items_purchased":["Sweeping Beam"],"campfire_rested":0,"item_purchase_floors":[3],"current_hp_per_floor":[63,63,63,62,61,31,31,17,17,5,5,0],"gold":186,"neow_bonus":"TEN_PERCENT_HP_BONUS","is_prod":false,"is_daily":false,"chose_seed":false,"campfire_upgraded":1,"win_rate":0,"timestamp":1548560855,"path_taken":["M","?","?","M","M","E","R","M","T","M","?","E"],"build_version":"2019-01-23","purchased_purges":0,"victory":false,"max_hp_per_floor":[78,78,78,78,78,78,78,78,78,78,78,78],"card_choices":[{"not_picked":["Steam","Stack"],"picked":"Turbo","floor":1},{"not_picked":["Lockon","Storm"],"picked":"Double Energy","floor":4},{"not_picked":["Sweeping Beam","Streamline"],"picked":"Chill","floor":5},{"not_picked":["Conserve Battery","Beam Cell"],"picked":"Seek","floor":6},{"not_picked":["Compile Driver","Chill"],"picked":"Barrage","floor":8},{"not_picked":["Hologram","Compile Driver"],"picked":"White Noise","floor":10}],"player_experience":1203555,"relics_obtained":[{"floor":6,"key":"Juzu Bracelet"},{"floor":9,"key":"Ancient Tea Set"}],"event_choices":[{"cards_removed":["Strike_B"],"damage_healed":0,"gold_gain":0,"player_choice":"Purged","damage_taken":0,"max_hp_gain":0,"max_hp_loss":0,"event_name":"Purifier","floor":2,"gold_loss":0},{"damage_healed":0,"gold_gain":0,"player_choice":"Ignored","damage_taken":0,"max_hp_gain":0,"max_hp_loss":0,"event_name":"Golden Wing","floor":11,"gold_loss":0}],"is_beta":false,"boss_relics":[],"items_purged_floors":[],"is_endless":false,"potions_floor_spawned":[5,6],"killed_by":"Gremlin Nob","ascension_level":16}