{"gold_per_floor":[119,44,44,89,105,430,430,458,458,458,1,31,41,41,41,114,114,125,125,125,125,50,50,84,84,84,118,134,166,166,214,214,287,287,305,322,0,0,19,19,46,58,94,65,84,84],"floor_reached":46,"playtime":2229,"items_purged":["Writhe"],"score":1032,"play_id":"e8d8dacd-9d82-4e4d-8e83-4ae1d5b328d0","local_time":"20190127134906","is_ascension_mode":true,"campfire_choices":[{"data":"Zap","floor":10,"key":"SMITH"},{"data":"Defragment","floor":15,"key":"SMITH"},{"data":"Biased Cognition","floor":23,"key":"SMITH"},{"data":"Scrape","floor":32,"key":"SMITH"},{"data":"White Noise","floor":40,"key":"SMITH"}],"neow_cost":"NONE","seed_source_timestamp":228071785093000,"circlet_count":0,"master_deck":["AscendersBane","Defend_B","Defend_B+1","Defend_B","Zap+1","Dualcast+1","Steam","Compile Driver","Chill","Defragment+1","Scrape+1","Cold Snap","Biased Cognition+1","Capacitor","Turbo","Gash","Gash","Bite","Bite","Bite","Bite","Biased Cognition","Gash+1","Machine Learning","White Noise+1","Deep Breath","Double Energy+1","Gash+1","Defragment"],"relics":["Cracked Core","Dream Catcher","Old Coin","Orichalcum","Meat on the Bone","Cables","Orrery","Torii","MutagenicStrength","Shuriken","CultistMask","Gremlin Horn","Sundial","Thread and Needle","Nuclear Battery","Red Mask","MawBank","Bag of Preparation"],"potions_floor_usage":[8,16,33,33,36,46],"damage_taken":[{"damage":4,"enemies":"Jaw Worm","floor":1,"turns":4},{"damage":0,"enemies":"Small Slimes","floor":5,"turns":4},{"damage":21,"enemies":"Lagavulin","floor":6,"turns":7},{"damage":18,"enemies":"Gremlin Nob","floor":8,"turns":4},{"damage":9,"enemies":"Lagavulin","floor":12,"turns":6},{"damage":0,"enemies":"Cultist","floor":13,"turns":3},{"damage":10,"enemies":"Slime Boss","floor":16,"turns":12},{"damage":12,"enemies":"3 Byrds","floor":18,"turns":6},{"damage":29,"enemies":"Slavers","floor":24,"turns":7},{"damage":28,"enemies":"Gremlin Leader","floor":27,"turns":7},{"damage":18,"enemies":"2 Thieves","floor":28,"turns":4},{"damage":8,"enemies":"Book of Stabbing","floor":29,"turns":7},{"damage":1,"enemies":"Automaton","floor":33,"turns":9},{"damage":0,"enemies":"Orb Walker","floor":35,"turns":4},{"damage":1,"enemies":"3 Darklings","floor":36,"turns":9},{"damage":35,"enemies":"Spire Growth","floor":39,"turns":5},{"damage":27,"enemies":"Reptomancer","floor":41,"turns":9},{"damage":12,"enemies":"Maw","floor":45,"turns":7},{"damage":61,"enemies":"Nemesis","floor":46,"turns":5}],"seed_played":"-7935875680403892607","potions_obtained":[{"floor":6,"key":"Poison Potion"},{"floor":12,"key":"SteroidPotion"},{"floor":27,"key":"Strength Potion"},{"floor":28,"key":"GamblersBrew"},{"floor":35,"key":"SneckoOil"},{"floor":39,"key":"Poison Potion"},{"floor":41,"key":"FearPotion"}],"is_trial":false,"path_per_floor":["M","?","?","T","M","E","?","E","T","R","$","E","M","$","R","B",null,"M","?","?","?","$","R","E","?","T","E","M","E","?","T","R","B",null,"M","M","?","?","M","R","E","?","T","$","M","E"],"character_chosen":"DEFECT","items_purchased":["Defragment","Cables","Scrape","Defragment"],"campfire_rested":0,"item_purchase_floors":[11,11,11,44],"current_hp_per_floor":[67,67,44,44,44,23,49,31,31,31,31,34,48,48,48,40,69,59,59,59,59,59,59,44,44,44,46,48,48,48,48,48,69,76,78,78,78,78,49,49,48,48,48,48,50,0],"gold":84,"neow_bonus":"TEN_PERCENT_HP_BONUS","is_prod":false,"is_daily":false,"chose_seed":false,"campfire_upgraded":5,"win_rate":0,"timestamp":1548625746,"path_taken":["M","?","?","?","?","E","?","E","T","R","$","E","M","$","R","BOSS","M","?","?","?","$","R","E","?","T","E","?","E","?","?","R","BOSS","M","M","?","?","M","R","E","?","T","$","M","E"],"build_version":"2019-01-23","purchased_purges":1,"victory":false,"max_hp_per_floor":[78,78,78,78,78,78,78,78,78,78,78,78,78,78,78,78,78,78,78,78,78,78,78,78,78,78,78,78,78,78,78,78,78,78,78,78,78,78,78,78,78,78,78,78,78,78],"card_choices":[{"not_picked":["Compile Driver","Reprogram"],"picked":"Steam","floor":1},{"not_picked":["Redo","Rebound"],"picked":"Compile Driver","floor":5},{"not_picked":["Turbo","Barrage","Hello World"],"picked":"SKIP","floor":6},{"not_picked":["Turbo","Beam Cell"],"picked":"Chill","floor":8},{"not_picked":["Reprogram","Rebound","Rainbow"],"picked":"SKIP","floor":12},{"not_picked":["Chill","Gash"],"picked":"Cold Snap","floor":13},{"not_picked":["Machine Learning","Rainbow"],"picked":"Biased Cognition","floor":16},{"not_picked":["Doom and Gloom","Streamline"],"picked":"Capacitor","floor":17},{"not_picked":["Barrage","Streamline"],"picked":"Turbo","floor":17},{"not_picked":["Sweeping Beam","Recycle"],"picked":"Gash","floor":17},{"not_picked":["Beam Cell","Steam"],"picked":"Gash","floor":17},{"not_picked":["Doom and Gloom","Blizzard","Chaos"],"picked":"SKIP","floor":18},{"not_picked":["Leap","Reprogram","Skim"],"picked":"SKIP","floor":24},{"not_picked":["Cold Snap","Glacier"],"picked":"Biased Cognition","floor":27},{"not_picked":["Rip and Tear","Cold Snap"],"picked":"Gash+1","floor":28},{"not_picked":["Undo","Turbo","Storm"],"picked":"SKIP","floor":29},{"not_picked":["Rainbow","Meteor Strike"],"picked":"Machine Learning","floor":33},{"not_picked":["Hello World","Sunder","Genetic Algorithm"],"picked":"SKIP","floor":35},{"not_picked":["Undo","Rebound"],"picked":"White Noise","floor":36},{"not_picked":["Mind Blast","Swift Strike"],"picked":"Deep Breath","floor":38},{"not_picked":["Redo","Scrape"],"picked":"Double Energy+1","floor":39},{"not_picked":["Lockon","Melter"],"picked":"Gash+1","floor":41},{"not_picked":["Reinforced Body","Steam","Turbo+1"],"picked":"SKIP","floor":45}],"player_experience":1204720,"relics_obtained":[{"floor":4,"key":"Dream Catcher"},{"floor":6,"key":"Old Coin"},{"floor":8,"key":"Orichalcum"},{"floor":9,"key":"Meat on the Bone"},{"floor":12,"key":"Blood Vial"},{"floor":24,"key":"Shuriken"},{"floor":26,"key":"Gremlin Horn"},{"floor":27,"key":"Sundial"},{"floor":29,"key":"Thread and Needle"},{"floor":41,"key":"MawBank"},{"floor":43,"key":"Bag of Preparation"}],"event_choices":[{"cards_removed":["Strike_B"],"damage_healed":0,"gold_gain":0,"player_choice":"Card Removal","damage_taken":0,"max_hp_gain":0,"max_hp_loss":0,"event_name":"The Cleric","floor":2,"gold_loss":75},{"damage_healed":0,"gold_gain":0,"player_choice":"Entered Light","damage_taken":23,"max_hp_gain":0,"max_hp_loss":0,"event_name":"Shining Light","floor":3,"gold_loss":0,"cards_upgraded":["Defend_B","Dualcast"]},{"damage_healed":26,"gold_gain":0,"player_choice":"Banana","damage_taken":0,"max_hp_gain":0,"max_hp_loss":0,"event_name":"Big Fish","floor":7,"gold_loss":0},{"damage_healed":0,"gold_gain":0,"player_choice":"Became a vampire (Vial)","damage_taken":0,"max_hp_gain":0,"max_hp_loss":0,"event_name":"Vampires","floor":19,"relics_lost":["Blood Vial"],"gold_loss":0,"cards_obtained":["Bite","Bite","Bite","Bite","Bite"]},{"damage_healed":0,"gold_gain":0,"player_choice":"Opened","damage_taken":0,"relics_obtained":["Torii"],"max_hp_gain":0,"max_hp_loss":0,"event_name":"The Mausoleum","floor":20,"gold_loss":0,"cards_obtained":["Writhe"]},{"damage_healed":0,"gold_gain":0,"player_choice":"Inject Mutagens","damage_taken":0,"relics_obtained":["MutagenicStrength"],"max_hp_gain":0,"max_hp_loss":0,"event_name":"Drug Dealer","floor":21,"gold_loss":0},{"damage_healed":0,"gold_gain":0,"player_choice":"Trade","damage_taken":0,"relics_obtained":["CultistMask"],"max_hp_gain":0,"max_hp_loss":0,"event_name":"FaceTrader","floor":25,"gold_loss":0},{"cards_removed":["Defend_B"],"damage_healed":0,"gold_gain":0,"player_choice":"Elegance","damage_taken":0,"max_hp_gain":0,"max_hp_loss":0,"event_name":"Back to Basics","floor":30,"gold_loss":0},{"damage_healed":0,"gold_gain":0,"player_choice":"Paid","damage_taken":0,"relics_obtained":["Red Mask"],"max_hp_gain":0,"max_hp_loss":0,"event_name":"Tomb of Lord Red Mask","floor":37,"gold_loss":322},{"damage_healed":0,"gold_gain":0,"player_choice":"Memory 1","damage_taken":0,"max_hp_gain":0,"max_hp_loss":0,"event_name":"SensoryStone","floor":38,"gold_loss":0},{"cards_removed":["Bite"],"damage_healed":0,"gold_gain":0,"player_choice":"Removed Attack","damage_taken":0,"max_hp_gain":0,"max_hp_loss":0,"event_name":"Falling","floor":42,"gold_loss":0}],"is_beta":false,"boss_relics":[{"not_picked":["Calling Bell","Snecko Eye"],"picked":"Orrery"},{"not_picked":["Pandora\u0027s Box","Lizard Tail"],"picked":"Nuclear Battery"}],"items_purged_floors":[22],"is_endless":false,"potions_floor_spawned":[6,12,27,28,29,35,39,41],"killed_by":"Nemesis","ascension_level":16}