{"gold_per_floor":[117,117,133,152,164,164,183,183,236,264,283,37,37,50,50,124,124,80,100,100,116,116,116,116,116,141,56,56,89,89,99,99,99],"floor_reached":33,"playtime":2847,"items_purged":["Strike_G"],"score":534,"play_id":"f30d8dbf-ad53-48e8-9a16-f998eb7d7c84","local_time":"20190206150533","is_ascension_mode":true,"campfire_choices":[{"data":"Noxious Fumes","floor":6.0,"key":"SMITH"},{"data":"Dagger Throw","floor":8.0,"key":"SMITH"},{"floor":13.0,"key":"REST"},{"floor":15.0,"key":"REST"},{"floor":23,"key":"REST"},{"data":"Wraith Form v2","floor":25,"key":"SMITH"},{"data":"Noxious Fumes","floor":28,"key":"SMITH"},{"floor":32,"key":"REST"}],"neow_cost":"NONE","seed_source_timestamp":0,"circlet_count":0,"master_deck":["AscendersBane","Defend_G+1","Defend_G+1","Defend_G+1","Defend_G+1","Defend_G+1","Strike_G+1","Survivor","Neutralize+1","Dagger Throw+1","Noxious Fumes+1","Quick Slash","Backflip","Backflip","Tools of the Trade","Dodge and Roll","Well Laid Plans","Backstab","PiercingWail","Wraith Form v2+1","Burst+1","Dodge and Roll+1","Flechettes+1","Backstab","Footwork+1","Noxious Fumes+1","Crippling Poison"],"special_seed":0,"relics":["Ring of the Snake","Gremlin Horn","Astrolabe","Art of War","Pen Nib"],"potions_floor_usage":[29],"damage_taken":[{"damage":1.0,"enemies":"2 Louse","floor":1.0,"turns":3.0},{"damage":0.0,"enemies":"Cultist","floor":3.0,"turns":4.0},{"damage":4.0,"enemies":"Small Slimes","floor":4.0,"turns":4.0},{"damage":10.0,"enemies":"3 Louse","floor":5.0,"turns":5.0},{"damage":0.0,"enemies":"Large Slime","floor":7.0,"turns":6.0},{"damage":30.0,"enemies":"Gremlin Nob","floor":10.0,"turns":4.0},{"damage":0.0,"enemies":"2 Fungi Beasts","floor":11.0,"turns":4.0},{"damage":1.0,"enemies":"3 Louse","floor":14.0,"turns":3.0},{"damage":33.0,"enemies":"Slime Boss","floor":16.0,"turns":12.0},{"damage":21.0,"enemies":"2 Thieves","floor":18.0,"turns":5.0},{"damage":14.0,"enemies":"Spheric Guardian","floor":19.0,"turns":6.0},{"damage":15.0,"enemies":"Shelled Parasite and Fungi","floor":21.0,"turns":8.0},{"damage":3,"enemies":"Book of Stabbing","floor":29,"turns":8},{"damage":20,"enemies":"Snake Plant","floor":31,"turns":6},{"damage":51,"enemies":"Collector","floor":33,"turns":5}],"seed_played":"6701960550442675264","potions_obtained":[{"floor":2.0,"key":"LiquidBronze"},{"floor":2.0,"key":"Fire Potion"},{"floor":10.0,"key":"PowerPotion"},{"floor":11.0,"key":"Regen Potion"},{"floor":16.0,"key":"SpeedPotion"},{"floor":21,"key":"SkillPotion"}],"is_trial":false,"path_per_floor":["M","?","M","M","M","R","M","R","T","E","M","$","R","M","R","B",null,"M","M","?","M","?","R","?","R","T","$","R","E","?","M","R","B"],"character_chosen":"THE_SILENT","items_purchased":["Well Laid Plans","Backstab","Noxious Fumes"],"campfire_rested":4,"item_purchase_floors":[12,12,27],"current_hp_per_floor":[58,58,58,54,44,44,44,44,44,14,14,14,33,32,51,33,58,37,23,36,21,21,40,40,40,40,40,40,37,37,17,36,0],"gold":99,"neow_bonus":"UPGRADE_CARD","is_prod":false,"is_daily":false,"chose_seed":false,"campfire_upgraded":4,"win_rate":0,"timestamp":1549461933,"path_taken":["M","?","M","?","M","R","M","R","T","E","?","$","R","M","R","BOSS","M","M","?","M","?","R","?","R","T","$","R","E","?","M","R","BOSS"],"build_version":"2019-01-23","purchased_purges":1,"victory":false,"max_hp_per_floor":[66,66,66,66,66,66,66,66,66,66,66,66,66,66,66,66,66,66,66,66,66,66,66,66,66,66,66,66,66,66,66,66,66],"card_choices":[{"not_picked":["Cloak And Dagger","Poisoned Stab"],"picked":"Dagger Throw","floor":1.0},{"not_picked":["Accuracy","Acrobatics"],"picked":"Noxious Fumes","floor":3.0},{"not_picked":["Dagger Spray","Blade Dance"],"picked":"Quick Slash","floor":4.0},{"not_picked":["Dagger Spray","Quick Slash"],"picked":"Backflip","floor":5.0},{"not_picked":["Blur","Blade Dance"],"picked":"Backflip","floor":7.0},{"not_picked":["Tactician","Acrobatics"],"picked":"Tools of the Trade","floor":10.0},{"not_picked":["Dagger Spray","Eviscerate"],"picked":"Dodge and Roll","floor":11.0},{"not_picked":["Acrobatics","Prepared"],"picked":"PiercingWail","floor":14.0},{"not_picked":["Corpse Explosion","Storm of Steel"],"picked":"Wraith Form v2","floor":16.0},{"not_picked":["Heel Hook+1","Distraction"],"picked":"Backstab","floor":18.0},{"not_picked":["Dodge and Roll","Sucker Punch"],"picked":"Footwork+1","floor":19.0},{"not_picked":["Underhanded Strike+1","Dagger Spray","Finisher"],"picked":"SKIP","floor":21},{"not_picked":["Acrobatics","Dodge and Roll"],"picked":"Crippling Poison","floor":29},{"not_picked":["Distraction","Bane","Blade Dance"],"picked":"SKIP","floor":31}],"player_experience":445147,"relics_obtained":[{"floor":10.0,"key":"Gremlin Horn"},{"floor":26,"key":"Art of War"},{"floor":29,"key":"Pen Nib"}],"event_choices":[{"damage_healed":0.0,"max_hp_gain":0.0,"max_hp_loss":0.0,"gold_gain":0.0,"event_name":"Lab","player_choice":"Got Potions","floor":2.0,"gold_loss":0.0,"damage_taken":0.0},{"damage_healed":13.0,"max_hp_gain":0.0,"max_hp_loss":0.0,"gold_gain":0.0,"event_name":"The Library","player_choice":"Heal","floor":20.0,"gold_loss":0.0,"damage_taken":0.0},{"damage_healed":0,"gold_gain":0,"player_choice":"Simplicity","damage_taken":0,"max_hp_gain":0,"max_hp_loss":0,"event_name":"Back to Basics","floor":22,"gold_loss":0,"cards_upgraded":["Defend_G","Defend_G","Defend_G","Defend_G","Defend_G","Strike_G"]},{"damage_healed":0,"gold_gain":0,"player_choice":"Ignored","damage_taken":0,"max_hp_gain":0,"max_hp_loss":0,"event_name":"Ghosts","floor":24,"gold_loss":0},{"damage_healed":0,"gold_gain":0,"player_choice":"Ignored","damage_taken":0,"max_hp_gain":0,"max_hp_loss":0,"event_name":"Cursed Tome","floor":30,"gold_loss":0}],"is_beta":false,"boss_relics":[{"not_picked":["Orrery","Pandora\u0027s Box"],"picked":"Astrolabe"}],"items_purged_floors":[12],"is_endless":false,"potions_floor_spawned":[4,10,11,16,21],"killed_by":"Collector","ascension_level":20}