{"gold_per_floor":[111,111,111,126,51,51,69,69,94,94,125,138,38,62,62,193,193,212,87,105,118,73,73,116,116,139,164,164,188,188,202,202,323,323,341,359,377,227,242,285,285,305,305,374,374,54,67,83,83,83],"floor_reached":50,"playtime":1910,"items_purged":["Strike_R","Strike_R","Strike_R","Strike_R","Defend_R"],"score":546,"play_id":"26d2874b-3ae8-487c-bfb1-8fda940e8f63","local_time":"20190204180349","is_ascension_mode":false,"campfire_choices":[{"data":"Bash","floor":6,"key":"SMITH"},{"data":"Twin Strike","floor":8,"key":"SMITH"},{"data":"Rampage","floor":10,"key":"SMITH"},{"data":"Inflame","floor":15,"key":"SMITH"},{"data":"Demon Form","floor":23,"key":"SMITH"},{"data":"Heavy Blade","floor":25,"key":"SMITH"},{"floor":32,"key":"REST"},{"data":"Demon Form","floor":41,"key":"SMITH"},{"floor":49,"key":"REST"}],"neow_cost":"PERCENT_DAMAGE","seed_source_timestamp":260817808592767,"circlet_count":0,"master_deck":["Defend_R","Defend_R","Defend_R","Bash+1","Twin Strike+1","Rampage+1","Heavy Blade+1","Inflame+1","Feed","Demon Form+1","Shrug It Off+1","Pommel Strike","Heavy Blade","Iron Wave","Flex+1","Whirlwind","Demon Form+1","Inflame","Parasite"],"relics":["Burning Blood","Golden Idol","Red Skull","Magic Flower","Velvet Choker","Ornamental Fan","Blood Vial","Sozu","Letter Opener","Paper Frog","Pocketwatch","Oddly Smooth Stone"],"potions_floor_usage":[16,16,33,33,33],"damage_taken":[{"damage":4,"enemies":"2 Louse","floor":1,"turns":3},{"damage":8,"enemies":"Jaw Worm","floor":4,"turns":3},{"damage":0,"enemies":"Cultist","floor":7,"turns":2},{"damage":15,"enemies":"Gremlin Nob","floor":11,"turns":4},{"damage":8,"enemies":"Gremlin Gang","floor":12,"turns":5},{"damage":10,"enemies":"Looter","floor":14,"turns":2},{"damage":52,"enemies":"Hexaghost","floor":16,"turns":5},{"damage":5,"enemies":"Chosen","floor":18,"turns":4},{"damage":49,"enemies":"3 Byrds","floor":20,"turns":5},{"damage":15,"enemies":"3 Cultists","floor":21,"turns":5},{"damage":31,"enemies":"Gremlin Leader","floor":24,"turns":4},{"damage":0,"enemies":"Snecko","floor":27,"turns":3},{"damage":31,"enemies":"Sentry and Sphere","floor":29,"turns":6},{"damage":10,"enemies":"Shelled Parasite and Fungi","floor":31,"turns":3},{"damage":29,"enemies":"Collector","floor":33,"turns":8},{"damage":14,"enemies":"3 Shapes","floor":35,"turns":4},{"damage":10,"enemies":"Orb Walker","floor":36,"turns":2},{"damage":20,"enemies":"Maw","floor":37,"turns":6},{"damage":30,"enemies":"3 Darklings","floor":39,"turns":5},{"damage":49,"enemies":"Nemesis","floor":40,"turns":5},{"damage":15,"enemies":"Transient","floor":42,"turns":5},{"damage":10,"enemies":"2 Orb Walkers","floor":44,"turns":3},{"damage":33,"enemies":"Writhing Mass","floor":47,"turns":6},{"damage":12,"enemies":"4 Shapes","floor":48,"turns":5},{"damage":53,"enemies":"Time Eater","floor":50,"turns":5}],"seed_played":"8914704122514796404","potions_obtained":[{"floor":4,"key":"AttackPotion"},{"floor":12,"key":"FearPotion"},{"floor":24,"key":"Weak Potion"},{"floor":27,"key":"Regen Potion"},{"floor":29,"key":"AttackPotion"}],"is_trial":false,"path_per_floor":["M","?","?","M","$","R","M","R","T","R","E","M","$","M","R","B",null,"M","$","M","M","$","R","E","R","T","M","?","M","?","M","R","B",null,"M","M","M","$","M","E","R","M","T","?","?","$","M","M","R","B"],"character_chosen":"IRONCLAD","items_purchased":["Iron Wave","Oddly Smooth Stone"],"campfire_rested":2,"item_purchase_floors":[22,46],"current_hp_per_floor":[74,74,74,72,72,72,78,78,78,78,69,70,70,69,69,26,89,89,89,54,53,53,53,31,31,31,43,43,29,29,36,66,73,101,96,98,90,90,72,35,35,32,32,34,34,34,13,18,49,0],"gold":83,"neow_bonus":"TWENTY_PERCENT_HP_BONUS","is_prod":false,"is_daily":false,"chose_seed":false,"campfire_upgraded":7,"win_rate":0,"timestamp":1549274629,"path_taken":["M","?","?","M","$","R","M","R","T","R","E","?","$","?","R","BOSS","M","$","M","M","$","R","E","R","T","?","?","M","?","M","R","BOSS","M","M","M","$","M","E","R","M","T","?","?","$","M","?","R","BOSS"],"build_version":"2019-01-23","purchased_purges":5,"victory":false,"max_hp_per_floor":[96,89,89,89,89,89,89,89,89,89,89,89,89,89,89,89,89,89,89,92,95,95,95,95,95,95,95,95,98,98,101,101,101,101,101,101,101,101,101,101,101,101,101,101,101,101,101,104,104,104],"card_choices":[{"not_picked":["Sword Boomerang","Blood for Blood"],"picked":"Twin Strike","floor":1},{"not_picked":["Reckless Charge","Twin Strike"],"picked":"Rampage","floor":4},{"not_picked":["Anger","Body Slam"],"picked":"Heavy Blade","floor":7},{"not_picked":["Anger","Dual Wield","Clash"],"picked":"SKIP","floor":11},{"not_picked":["Iron Wave","Body Slam"],"picked":"Inflame","floor":12},{"not_picked":["Intimidate","Body Slam"],"picked":"Feed","floor":14},{"not_picked":["Double Tap","Juggernaut"],"picked":"Demon Form","floor":16},{"not_picked":["Ghostly Armor","Heavy Blade"],"picked":"Shrug It Off+1","floor":18},{"not_picked":["Intimidate+1","Fire Breathing"],"picked":"Pommel Strike","floor":20},{"not_picked":["Feel No Pain","Dual Wield"],"picked":"Heavy Blade","floor":21},{"not_picked":["Perfected Strike","Power Through"],"picked":"Flex+1","floor":24},{"not_picked":["Intimidate","Warcry+1","Power Through+1"],"picked":"SKIP","floor":27},{"not_picked":["Body Slam","Intimidate+1"],"picked":"Whirlwind","floor":29},{"not_picked":["Battle Trance","Twin Strike","Armaments"],"picked":"SKIP","floor":31},{"not_picked":["Dark Embrace","Bludgeon"],"picked":"Demon Form","floor":33},{"not_picked":["Whirlwind+1","Cleave","Anger"],"picked":"SKIP","floor":35},{"not_picked":["Thunderclap+1","Bloodletting","Berserk"],"picked":"SKIP","floor":36},{"not_picked":["Wild Strike","Twin Strike+1","Pommel Strike+1"],"picked":"SKIP","floor":37},{"not_picked":["Perfected Strike+1","Power Through","Sword Boomerang+1"],"picked":"SKIP","floor":39},{"not_picked":["Warcry+1","Headbutt+1"],"picked":"Inflame","floor":40},{"not_picked":["Armaments+1","Hemokinesis+1","Anger+1"],"picked":"SKIP","floor":42},{"not_picked":["Cleave+1","Shrug It Off+1","Clothesline+1"],"picked":"SKIP","floor":47},{"not_picked":["Warcry","Sword Boomerang+1","Twin Strike"],"picked":"SKIP","floor":48}],"player_experience":199849,"relics_obtained":[{"floor":9,"key":"Red Skull"},{"floor":11,"key":"Magic Flower"},{"floor":24,"key":"Ornamental Fan"},{"floor":26,"key":"Blood Vial"},{"floor":40,"key":"Letter Opener"},{"floor":43,"key":"Paper Frog"},{"floor":44,"key":"Pocketwatch"}],"event_choices":[{"damage_healed":0,"gold_gain":0,"player_choice":"Lose Max HP","damage_taken":0,"relics_obtained":["Golden Idol"],"max_hp_gain":0,"max_hp_loss":7,"event_name":"Golden Idol","floor":2,"gold_loss":0},{"damage_healed":0,"gold_gain":0,"player_choice":"Ignored","damage_taken":0,"max_hp_gain":0,"max_hp_loss":0,"event_name":"NoteForYourself","floor":3,"gold_loss":0},{"cards_removed":["Strike_R"],"damage_healed":0,"gold_gain":0,"player_choice":"Elegance","damage_taken":0,"max_hp_gain":0,"max_hp_loss":0,"event_name":"Back to Basics","floor":28,"gold_loss":0},{"damage_healed":0,"gold_gain":0,"player_choice":"Ignored","damage_taken":0,"max_hp_gain":0,"max_hp_loss":0,"event_name":"Ghosts","floor":30,"gold_loss":0},{"damage_healed":0,"gold_gain":0,"player_choice":"Fight","damage_taken":0,"max_hp_gain":0,"max_hp_loss":0,"event_name":"Mysterious Sphere","floor":44,"gold_loss":0},{"damage_healed":0,"gold_gain":0,"player_choice":"Got Potions","damage_taken":0,"max_hp_gain":0,"max_hp_loss":0,"event_name":"Lab","floor":45,"gold_loss":0}],"is_beta":false,"boss_relics":[{"not_picked":["Runic Pyramid","White Beast Statue"],"picked":"Velvet Choker"},{"not_picked":["Orrery","Busted Crown"],"picked":"Sozu"}],"items_purged_floors":[5,13,19,38,46],"is_endless":false,"potions_floor_spawned":[4,12,24,27,29,37,40,42,44,47],"killed_by":"Time Eater","ascension_level":0}