{"gold_per_floor":[366,380,398,77,92,92,92,10,64,98,116,136,136,147,147,243,243,243],"floor_reached":18,"playtime":480,"items_purged":[],"score":164,"play_id":"a7fc7e7b-3f6d-4e00-af77-97b6441de2c2","local_time":"20181123201646","is_ascension_mode":false,"campfire_choices":[{"data":"Defragment","floor":7,"key":"SMITH"},{"floor":13,"key":"REST"},{"data":"Dualcast","floor":15,"key":"SMITH"}],"neow_cost":"PERCENT_DAMAGE","seed_source_timestamp":517526666230036,"circlet_count":0,"master_deck":["Strike_B","Strike_B","Strike_B","Defend_B","Defend_B","Defend_B","Defend_B","Zap","Dualcast+1","Beam Cell","Ball Lightning","Defragment+1","Auto Shields","Go for the Eyes","Chill","Thunder Strike","Conserve Battery","Capacitor","Buffer"],"relics":["Cracked Core","Matryoshka","Tiny Chest","PreservedInsect","Cables","Orrery"],"potions_floor_usage":[],"damage_taken":[{"damage":0,"enemies":"Cultist","floor":1,"turns":4},{"damage":0,"enemies":"Small Slimes","floor":2,"turns":3},{"damage":11,"enemies":"Jaw Worm","floor":3,"turns":3},{"damage":0,"enemies":"2 Fungi Beasts","floor":5,"turns":3},{"damage":13,"enemies":"3 Sentries","floor":10,"turns":4},{"damage":8,"enemies":"Lots of Slimes","floor":11,"turns":2},{"damage":2,"enemies":"Blue Slaver","floor":12,"turns":2},{"damage":11,"enemies":"Exordium Wildlife","floor":14,"turns":4},{"damage":9,"enemies":"Hexaghost","floor":16,"turns":10},{"damage":14,"enemies":"3 Byrds","floor":18,"turns":2}],"seed_played":"-8980720351674393544","potions_obtained":[{"floor":3,"key":"Ancient Potion"},{"floor":10,"key":"SteroidPotion"},{"floor":11,"key":"Ancient Potion"},{"floor":16,"key":"LiquidBronze"}],"is_trial":false,"path_per_floor":["M","M","M","$","M","?","R","$","T","E","M","M","R","M","R","B",null,"M"],"character_chosen":"DEFECT","items_purchased":["Defragment","Matryoshka","Auto Shields"],"campfire_rested":1,"item_purchase_floors":[4,4,8],"current_hp_per_floor":[54,54,43,43,43,36,36,36,36,23,15,13,35,24,24,15,75,61],"gold":243,"neow_bonus":"TWO_FIFTY_GOLD","is_prod":false,"is_daily":false,"chose_seed":false,"campfire_upgraded":2,"win_rate":0,"timestamp":1543004206,"path_taken":["M","M","?","$","M","?","R","$","T","E","M","M","R","M","R","BOSS","M"],"build_version":"2018-11-15","purchased_purges":0,"victory":false,"max_hp_per_floor":[75,75,75,75,75,75,75,75,75,75,75,75,75,75,75,75,75,75],"card_choices":[{"not_picked":["Sweeping Beam","Recycle","Steam Power"],"picked":"SKIP","floor":1},{"not_picked":["Aggregate","Gash"],"picked":"Beam Cell","floor":2},{"not_picked":["Static Discharge","Beam Cell"],"picked":"Ball Lightning","floor":3},{"not_picked":["Melter","Barrage","Streamline"],"picked":"SKIP","floor":5},{"not_picked":["Self Repair","Streamline","Auto Shields"],"picked":"SKIP","floor":10},{"not_picked":["FTL","Beam Cell"],"picked":"Go for the Eyes","floor":11},{"not_picked":["Redo","Turbo","Sweeping Beam"],"picked":"SKIP","floor":12},{"not_picked":["Go for the Eyes","Beam Cell"],"picked":"Chill","floor":14},{"not_picked":["Seek","Amplify"],"picked":"Thunder Strike","floor":16},{"not_picked":["Ball Lightning","Redo"],"picked":"Conserve Battery","floor":17},{"not_picked":["Streamline","Beam Cell"],"picked":"Capacitor","floor":17},{"not_picked":["Fusion","Beam Cell"],"picked":"Buffer","floor":17}],"player_experience":814656,"relics_obtained":[{"floor":9,"key":"Tiny Chest"},{"floor":9,"key":"PreservedInsect"},{"floor":10,"key":"Cables"}],"event_choices":[{"cards_removed":["Strike_B"],"damage_healed":0,"gold_gain":0,"player_choice":"Card Removal","damage_taken":7,"max_hp_gain":0,"max_hp_loss":0,"event_name":"Golden Wing","floor":6,"gold_loss":0}],"is_beta":false,"boss_relics":[{"not_picked":["Runic Dome","Fusion Hammer"],"picked":"Orrery"}],"items_purged_floors":[],"is_endless":false,"potions_floor_spawned":[3,10,11,16],"killed_by":"3 Byrds","ascension_level":0}