{"gold_per_floor":[110,8,19,34,34,34,72,72],"floor_reached":8,"playtime":214,"items_purged":[],"score":56,"play_id":"3321cb51-f034-4412-bb54-5d114f4249be","local_time":"20190210003125","is_ascension_mode":false,"campfire_choices":[{"data":"Bash","floor":6,"key":"SMITH"}],"neow_cost":"CURSE","seed_source_timestamp":717816529080041,"circlet_count":0,"master_deck":["Strike_R","Strike_R","Strike_R","Strike_R","Strike_R","Defend_R","Defend_R","Defend_R","Defend_R","Bash+1","Writhe","Sword Boomerang","Flame Barrier","Feel No Pain"],"relics":["Burning Blood","WingedGreaves","Gambling Chip","Golden Idol","Charon\u0027s Ashes"],"potions_floor_usage":[8],"damage_taken":[{"damage":6,"enemies":"Jaw Worm","floor":1,"turns":3},{"damage":6,"enemies":"Cultist","floor":3,"turns":3},{"damage":0,"enemies":"2 Louse","floor":4,"turns":3},{"damage":51,"enemies":"Lagavulin","floor":7,"turns":8},{"damage":52,"enemies":"Gremlin Nob","floor":8,"turns":5}],"seed_played":"1011545255710130715","potions_obtained":[{"floor":3,"key":"Dexterity Potion"},{"floor":4,"key":"Ancient Potion"}],"is_trial":false,"path_per_floor":["M","?","M","M","?","R","E","E"],"character_chosen":"IRONCLAD","items_purchased":[],"campfire_rested":0,"item_purchase_floors":[],"current_hp_per_floor":[80,80,80,80,74,74,29,0],"gold":72,"neow_bonus":"ONE_RARE_RELIC","is_prod":false,"is_daily":false,"chose_seed":false,"campfire_upgraded":1,"win_rate":0,"timestamp":1549729885,"path_taken":["M","?","M","?","?","R","E","E"],"build_version":"2019-01-23","purchased_purges":0,"victory":false,"max_hp_per_floor":[80,80,80,80,74,74,74,74],"card_choices":[{"not_picked":["Seeing Red","Thunderclap"],"picked":"Sword Boomerang","floor":1},{"not_picked":["Havoc","Pommel Strike"],"picked":"Flame Barrier","floor":3},{"not_picked":["Clash","Corruption","Wild Strike"],"picked":"SKIP","floor":4},{"not_picked":["Bloodletting","Rage"],"picked":"Feel No Pain","floor":7}],"player_experience":224920,"relics_obtained":[{"floor":7,"key":"Charon\u0027s Ashes"}],"event_choices":[{"damage_healed":0,"gold_gain":0,"player_choice":"Paid Gold","damage_taken":0,"relics_obtained":["Gambling Chip"],"max_hp_gain":0,"max_hp_loss":0,"event_name":"WeMeetAgain","floor":2,"gold_loss":102},{"damage_healed":0,"gold_gain":0,"player_choice":"Lose Max HP","damage_taken":0,"relics_obtained":["Golden Idol"],"max_hp_gain":0,"max_hp_loss":6,"event_name":"Golden Idol","floor":5,"gold_loss":0}],"is_beta":false,"boss_relics":[],"items_purged_floors":[],"is_endless":false,"potions_floor_spawned":[3,4],"killed_by":"Gremlin Nob","ascension_level":0}