{"gold_per_floor":[111,121,137,21,21,21,49,65,91,111,111,111,146,146,146,220,220,233,13,26,26,26,26,59,59,85,102,130,4,4,18,18,91,91,106,153,153,91,71,71],"floor_reached":40,"playtime":4007,"items_purged":["Strike_G"],"score":985,"play_id":"3480b2f5-5975-4cda-b075-487e1421b3f3","local_time":"20190207150414","is_ascension_mode":true,"campfire_choices":[{"data":"Neutralize","floor":6,"key":"SMITH"},{"data":"Riddle With Holes","floor":12,"key":"SMITH"},{"floor":15,"key":"REST"},{"data":"Malaise","floor":23,"key":"SMITH"},{"floor":30,"key":"REST"},{"data":"Infinite Blades","floor":32,"key":"SMITH"}],"neow_cost":"CURSE","seed_source_timestamp":186984608632700,"circlet_count":0,"master_deck":["AscendersBane","Defend_G","Defend_G","Defend_G","Defend_G","Defend_G","Survivor","Neutralize+1","Shame","Deflect","Slice","Infinite Blades+1","Die Die Die","Malaise+1","Riddle With Holes+1","Malaise","Footwork+1","Bite","Bite","Bite","Bite","Bite","Decay","Backstab+1","Writhe","Tools of the Trade","Corpse Explosion","Slice","Phantasmal Killer","Terror+1","Acrobatics","Writhe","Footwork"],"relics":["Ring of the Snake","Du-Vu Doll","Pen Nib","Potion Belt","Vajra","Sozu","OrangePellets","Dodecahedron","The Courier","Ancient Tea Set","Strawberry","Bronze Scales","Fusion Hammer","FossilizedHelix"],"potions_floor_usage":[7,24,28,33],"damage_taken":[{"damage":8,"enemies":"Cultist","floor":1,"turns":5},{"damage":8,"enemies":"Jaw Worm","floor":2,"turns":5},{"damage":0,"enemies":"2 Louse","floor":3,"turns":3},{"damage":3,"enemies":"3 Sentries","floor":7,"turns":4},{"damage":0,"enemies":"Blue Slaver","floor":8,"turns":4},{"damage":0,"enemies":"Red Slaver","floor":10,"turns":2},{"damage":22,"enemies":"Gremlin Nob","floor":13,"turns":4},{"damage":30,"enemies":"Slime Boss","floor":16,"turns":10},{"damage":11,"enemies":"3 Byrds","floor":18,"turns":6},{"damage":0,"enemies":"Spheric Guardian","floor":20,"turns":6},{"damage":22,"enemies":"Gremlin Leader","floor":24,"turns":11},{"damage":8,"enemies":"3 Cultists","floor":27,"turns":4},{"damage":45,"enemies":"Slavers","floor":28,"turns":5},{"damage":13,"enemies":"Centurion and Healer","floor":31,"turns":8},{"damage":50,"enemies":"Champ","floor":33,"turns":10},{"damage":14,"enemies":"3 Darklings","floor":35,"turns":10},{"damage":43,"enemies":"2 Orb Walkers","floor":36,"turns":4},{"damage":47,"enemies":"Reptomancer","floor":40,"turns":3}],"seed_played":"-4230139762433564541","potions_obtained":[{"floor":2,"key":"Explosive Potion"},{"floor":3,"key":"Dexterity Potion"},{"floor":8,"key":"Weak Potion"},{"floor":16,"key":"FearPotion"}],"is_trial":false,"path_per_floor":["M","M","M","$","?","R","E","M","T","M","?","R","E","?","R","B",null,"M","$","M","?","?","R","E","?","T","M","E","$","R","M","R","B",null,"M","?","?","$","?","E"],"character_chosen":"THE_SILENT","items_purchased":["Infinite Blades","OrangePellets","Bronze Scales","Footwork"],"campfire_rested":2,"item_purchase_floors":[4,19,29,38],"current_hp_per_floor":[51,43,43,43,43,43,40,40,40,40,40,40,18,18,37,7,51,40,40,40,40,40,40,42,42,42,42,14,14,29,36,36,10,42,53,12,23,23,23,0],"gold":71,"neow_bonus":"ONE_RARE_RELIC","is_prod":false,"is_daily":false,"chose_seed":false,"campfire_upgraded":4,"win_rate":0,"timestamp":1549548254,"path_taken":["M","?","M","$","?","R","E","?","T","M","?","R","E","?","R","BOSS","M","$","M","?","?","R","E","?","T","M","E","?","R","M","R","BOSS","M","?","?","$","?","E"],"build_version":"2019-01-23","purchased_purges":1,"victory":false,"max_hp_per_floor":[66,66,66,66,66,66,66,66,66,66,66,66,66,66,66,66,66,66,66,66,46,46,46,46,46,46,46,53,53,53,53,53,53,53,53,53,53,53,53,53],"card_choices":[{"not_picked":["Underhanded Strike","Accuracy"],"picked":"Deflect","floor":1},{"not_picked":["Catalyst","Tactician"],"picked":"Slice","floor":2},{"not_picked":["Deflect","Sucker Punch","Terror"],"picked":"SKIP","floor":3},{"not_picked":["Cloak And Dagger","Eviscerate"],"picked":"Malaise","floor":7},{"not_picked":["Deadly Poison","Underhanded Strike","Setup"],"picked":"SKIP","floor":8},{"not_picked":["Deadly Poison","Acrobatics"],"picked":"Riddle With Holes","floor":10},{"not_picked":["Acrobatics","Deflect","Masterful Stab"],"picked":"SKIP","floor":13},{"not_picked":["Doppelganger","Unload"],"picked":"Malaise","floor":16},{"not_picked":["Poisoned Stab","Deflect+1"],"picked":"Footwork+1","floor":18},{"not_picked":["Prepared","Terror","Quick Slash"],"picked":"SKIP","floor":20},{"not_picked":["Sucker Punch","Masterful Stab"],"picked":"Backstab+1","floor":24},{"not_picked":["Tactician","Poisoned Stab"],"picked":"Tools of the Trade","floor":27},{"not_picked":["Outmaneuver","Slice"],"picked":"Corpse Explosion","floor":28},{"not_picked":["Outmaneuver","Skewer+1"],"picked":"Slice","floor":31},{"not_picked":["Grand Finale","Doppelganger"],"picked":"Phantasmal Killer","floor":33},{"not_picked":["Dagger Throw","Slice+1"],"picked":"Terror+1","floor":35},{"not_picked":["Riddle With Holes","PiercingWail"],"picked":"Acrobatics","floor":36}],"player_experience":468459,"relics_obtained":[{"floor":7,"key":"Pen Nib"},{"floor":9,"key":"Potion Belt"},{"floor":13,"key":"Vajra"},{"floor":24,"key":"Dodecahedron"},{"floor":26,"key":"Ancient Tea Set"},{"floor":28,"key":"Strawberry"},{"floor":36,"key":"FossilizedHelix"}],"event_choices":[{"damage_healed":0,"gold_gain":0,"player_choice":"1 cards matched","damage_taken":0,"max_hp_gain":0,"max_hp_loss":0,"event_name":"Match and Keep!","floor":5,"gold_loss":0,"cards_obtained":["Die Die Die"]},{"damage_healed":0,"gold_gain":0,"player_choice":"Fled","damage_taken":0,"max_hp_gain":0,"max_hp_loss":0,"event_name":"Scrap Ooze","floor":11,"gold_loss":0},{"cards_removed":["Strike_G"],"damage_healed":0,"gold_gain":0,"player_choice":"Offered Basic","damage_taken":0,"max_hp_gain":0,"max_hp_loss":0,"event_name":"Bonfire Elementals","floor":14,"gold_loss":0},{"damage_healed":0,"gold_gain":0,"player_choice":"Became a vampire","damage_taken":0,"max_hp_gain":0,"max_hp_loss":20,"event_name":"Vampires","floor":21,"gold_loss":0,"cards_obtained":["Bite","Bite","Bite","Bite","Bite"]},{"damage_healed":0,"gold_gain":0,"player_choice":"Smashed Altar","damage_taken":0,"max_hp_gain":0,"max_hp_loss":0,"event_name":"Forgotten Altar","floor":22,"gold_loss":0,"cards_obtained":["Decay"]},{"damage_healed":0,"gold_gain":0,"player_choice":"Opened","damage_taken":0,"relics_obtained":["The Courier"],"max_hp_gain":0,"max_hp_loss":0,"event_name":"The Mausoleum","floor":25,"gold_loss":0,"cards_obtained":["Writhe"]},{"damage_healed":0,"gold_gain":0,"player_choice":"Fight","damage_taken":0,"max_hp_gain":0,"max_hp_loss":0,"event_name":"Mysterious Sphere","floor":36,"gold_loss":0},{"damage_healed":11,"gold_gain":0,"player_choice":"Writhe","damage_taken":0,"max_hp_gain":0,"max_hp_loss":0,"event_name":"Winding Halls","floor":37,"gold_loss":0,"cards_obtained":["Writhe"]},{"damage_healed":0,"gold_gain":0,"player_choice":"Bought 1 Potion","damage_taken":0,"max_hp_gain":0,"max_hp_loss":0,"event_name":"The Woman in Blue","floor":39,"gold_loss":0}],"is_beta":false,"boss_relics":[{"not_picked":["Runic Dome","Tiny House"],"picked":"Sozu"},{"not_picked":["Astrolabe","Empty Cage"],"picked":"Fusion Hammer"}],"items_purged_floors":[4],"is_endless":false,"potions_floor_spawned":[2,3,8,16,27,28,31,33,36],"killed_by":"Reptomancer","ascension_level":20}