{"gold_per_floor":[217,232,232,251,251,251,267,281,355,355,379,379,400,425,425,425],"floor_reached":16,"playtime":619,"items_purged":[],"score":192,"play_id":"dd081f0c-2a7e-424f-80b9-9a87658f5cfa","local_time":"20180914000730","is_ascension_mode":true,"campfire_choices":[{"data":"Shockwave","floor":6,"key":"SMITH"},{"floor":10,"key":"REST"},{"floor":12,"key":"REST"},{"floor":15,"key":"REST"}],"neow_cost":"NONE","seed_source_timestamp":450712525897641,"circlet_count":0,"master_deck":["Strike_R","Strike_R","Strike_R","Strike_R","Strike_R+1","Defend_R","Defend_R","Defend_R","Defend_R+1","Bash","AscendersBane","Flame Barrier","Shockwave+1","Headbutt","Shrug It Off","True Grit","Headbutt","Whirlwind"],"relics":["Burning Blood","Golden Idol","Matryoshka"],"potions_floor_usage":[],"damage_taken":[{"damage":9,"enemies":"Jaw Worm","floor":1,"turns":5},{"damage":6,"enemies":"2 Louse","floor":2,"turns":4},{"damage":12,"enemies":"Cultist","floor":4,"turns":4},{"damage":7,"enemies":"3 Louse","floor":7,"turns":6},{"damage":25,"enemies":"Large Slime","floor":8,"turns":7},{"damage":0,"enemies":"Blue Slaver","floor":11,"turns":5},{"damage":12,"enemies":"Lots of Slimes","floor":13,"turns":7},{"damage":23,"enemies":"Red Slaver","floor":14,"turns":3},{"damage":71,"enemies":"Slime Boss","floor":16,"turns":7}],"seed_played":"7095485508139133602","potions_obtained":[{"floor":1,"key":"Ancient Potion"},{"floor":4,"key":"GamblersBrew"},{"floor":13,"key":"Dexterity Potion"}],"is_trial":false,"path_per_floor":["M","M","?","M","?","R","M","M","T","R","M","R","M","M","R"],"character_chosen":"IRONCLAD","items_purchased":[],"campfire_rested":3,"item_purchase_floors":[],"current_hp_per_floor":[65,65,42,36,36,36,35,16,16,36,42,62,56,39,59,0],"gold":425,"neow_bonus":"HUNDRED_GOLD","is_prod":false,"is_daily":false,"chose_seed":false,"campfire_upgraded":1,"win_rate":0,"timestamp":1536898050,"path_taken":["M","M","?","?","?","R","M","M","T","R","M","R","M","M","R","BOSS"],"build_version":"2018-09-06","purchased_purges":0,"victory":false,"max_hp_per_floor":[75,75,75,75,68,68,68,68,68,68,68,68,68,68,68,68],"card_choices":[{"not_picked":["Reckless Charge","Heavy Blade","Fire Breathing"],"picked":"SKIP","floor":1},{"not_picked":["Sword Boomerang","Flex"],"picked":"Flame Barrier","floor":2},{"not_picked":["Armaments","Shrug It Off"],"picked":"Shockwave","floor":4},{"not_picked":["Flex","Flame Barrier"],"picked":"Headbutt","floor":7},{"not_picked":["Blood for Blood","Sword Boomerang"],"picked":"Shrug It Off","floor":8},{"not_picked":["Berserk","Heavy Blade"],"picked":"True Grit","floor":11},{"not_picked":["Iron Wave","Heavy Blade"],"picked":"Headbutt","floor":13},{"not_picked":["Warcry","Disarm"],"picked":"Whirlwind","floor":14}],"player_experience":2728978,"relics_obtained":[{"floor":9,"key":"Matryoshka"}],"event_choices":[{"event_name":"Shining Light","player_choice":"Entered Light","floor":3,"damage_taken":0},{"event_name":"Golden Idol","player_choice":"Lose Max HP","floor":5,"damage_taken":0}],"is_beta":false,"boss_relics":[],"items_purged_floors":[],"is_endless":false,"potions_floor_spawned":[1,4,13,14],"killed_by":"Slime Boss","ascension_level":20}