{"gold_per_floor":[112,128,148,323,323,323,341,112,112,112,112,126,140,140,140,240,240,256,188,205,215,234,234,234,234,260,274,290,304,330,152,152,249,249,260,278,278,291,291,291,309,309,309,324,290,300,300,316,316,316],"floor_reached":51,"playtime":1713,"items_purged":["Doubt"],"score":665,"play_id":"7e4ed680-f802-467c-ae96-698156fbc3e6","local_time":"20181119194033","is_ascension_mode":false,"campfire_choices":[{"data":"Sunder","floor":6.0,"key":"SMITH"},{"data":"Zap","floor":10.0,"key":"SMITH"},{"data":"Ball Lightning","floor":15.0,"key":"SMITH"},{"data":"Go for the Eyes","floor":23.0,"key":"SMITH"},{"data":"Electrodynamics","floor":25.0,"key":"SMITH"},{"floor":32.0,"key":"REST"},{"floor":40,"key":"REST"},{"floor":49,"key":"REST"}],"neow_cost":"NONE","seed_source_timestamp":168382379349152,"circlet_count":0,"master_deck":["Strike_B+1","Strike_B+1","Strike_B+1","Strike_B+1","Defend_B+1","Defend_B+1","Defend_B+1","Zap+1","Dualcast+1","Sunder+1","Ball Lightning+1","Conserve Battery","Auto Shields","Electrodynamics+1","Go for the Eyes+1","Undo","Ball Lightning+1","Conserve Battery","Glacier","Consume+1","Apotheosis","Loop","Tempest+1","Doubt"],"special_seed":0,"relics":["FrozenCore","Lantern","Bag of Marbles","Inserter","Boot","Shuriken","Mummified Hand"],"potions_floor_usage":[50,50,50],"damage_taken":[{"damage":0.0,"enemies":"Small Slimes","floor":1.0,"turns":3.0},{"damage":2.0,"enemies":"Jaw Worm","floor":2.0,"turns":3.0},{"damage":0.0,"enemies":"Cultist","floor":3.0,"turns":3.0},{"damage":3.0,"enemies":"2 Fungi Beasts","floor":7.0,"turns":3.0},{"damage":0.0,"enemies":"Exordium Wildlife","floor":12.0,"turns":3.0},{"damage":0.0,"enemies":"Large Slime","floor":13.0,"turns":5.0},{"damage":49.0,"enemies":"The Guardian","floor":16.0,"turns":10.0},{"damage":3.0,"enemies":"Chosen","floor":18.0,"turns":3.0},{"damage":3.0,"enemies":"3 Byrds","floor":20.0,"turns":3.0},{"damage":8.0,"enemies":"Sentry and Sphere","floor":21.0,"turns":4.0},{"damage":2.0,"enemies":"Centurion and Healer","floor":22.0,"turns":4.0},{"damage":1.0,"enemies":"Snake Plant","floor":27.0,"turns":3.0},{"damage":12.0,"enemies":"Snecko","floor":28.0,"turns":4.0},{"damage":8.0,"enemies":"Centurion and Healer","floor":29.0,"turns":4.0},{"damage":12.0,"enemies":"Book of Stabbing","floor":30.0,"turns":6.0},{"damage":23,"enemies":"Automaton","floor":33,"turns":9},{"damage":0,"enemies":"3 Shapes","floor":35,"turns":6},{"damage":15,"enemies":"3 Darklings","floor":36,"turns":5},{"damage":8,"enemies":"Spire Growth","floor":38,"turns":6},{"damage":15,"enemies":"Jaw Worm Horde","floor":41,"turns":5},{"damage":26,"enemies":"Maw","floor":44,"turns":10},{"damage":0,"enemies":"Spire Growth","floor":46,"turns":6},{"damage":10,"enemies":"4 Shapes","floor":48,"turns":4},{"damage":14,"enemies":"Awakened One","floor":50,"turns":14}],"seed_played":"-2384954596301755106","potions_obtained":[{"floor":1.0,"key":"Dexterity Potion"},{"floor":3.0,"key":"Block Potion"},{"floor":5.0,"key":"SmokeBomb"},{"floor":7.0,"key":"FocusPotion"},{"floor":29.0,"key":"Explosive Potion"},{"floor":33,"key":"Ancient Potion"}],"is_trial":false,"path_per_floor":["M","M","M","?","?","R","M","$","T","R","?","M","M","$","R","B",null,"M","$","M","M","M","R","?","R","T","M","M","M","E","$","R","B",null,"M","M","?","M","$","R","M","?","T","M","$","M","?","M","R","B",null],"character_chosen":"DEFECT","items_purchased":["Lantern","Undo","Apotheosis","Loop"],"campfire_rested":3,"item_purchase_floors":[8,19,31,45],"current_hp_per_floor":[75,73,73,73,73,73,70,70,70,70,70,70,70,70,70,21,75,72,72,69,61,59,59,59,59,59,58,46,38,26,26,48,25,75,75,60,60,52,52,74,59,59,59,33,33,33,75,65,75,61],"gold":316,"neow_bonus":"UPGRADE_CARD","is_prod":false,"is_daily":false,"chose_seed":false,"campfire_upgraded":5,"win_rate":0,"timestamp":1542656433,"path_taken":["M","M","M","?","?","R","?","$","T","R","?","M","M","$","R","BOSS","M","$","M","M","M","R","?","R","T","M","M","M","E","$","R","BOSS","M","M","?","M","$","R","M","?","T","M","$","M","?","M","R","BOSS"],"build_version":"2018-11-15","purchased_purges":1,"victory":true,"max_hp_per_floor":[75,75,75,75,75,75,75,75,75,75,75,75,75,75,75,75,75,75,75,75,75,75,75,75,75,75,75,75,75,75,75,75,75,75,75,75,75,75,75,75,75,75,75,75,75,75,75,75,75,75],"card_choices":[{"not_picked":["Blizzard","Fusion"],"picked":"Sunder","floor":1.0},{"not_picked":["Storm","Turbo"],"picked":"Ball Lightning","floor":2.0},{"not_picked":["Static Discharge","Rip and Tear"],"picked":"Conserve Battery","floor":3.0},{"not_picked":["Compile Driver","Melter","Force Field"],"picked":"SKIP","floor":7.0},{"not_picked":["Gash","Streamline"],"picked":"Auto Shields","floor":12.0},{"not_picked":["Sweeping Beam","Genetic Algorithm","Aggregate"],"picked":"SKIP","floor":13.0},{"not_picked":["Meteor Strike","Biased Cognition"],"picked":"Electrodynamics","floor":16.0},{"not_picked":["Sweeping Beam","Gash"],"picked":"Go for the Eyes","floor":18.0},{"not_picked":["Steam+1","Rebound"],"picked":"Ball Lightning+1","floor":20.0},{"not_picked":["Sweeping Beam","Double Energy"],"picked":"Conserve Battery","floor":21.0},{"not_picked":["Compile Driver","Ball Lightning","Streamline"],"picked":"SKIP","floor":22.0},{"not_picked":["Beam Cell","Leap"],"picked":"Glacier","floor":27.0},{"not_picked":["Steam","Consume+1","Reinforced Body"],"picked":"SKIP","floor":28.0},{"not_picked":["Steam","Reinforced Body"],"picked":"Consume+1","floor":28.0},{"not_picked":["Steam","Turbo","Heatsinks"],"picked":"SKIP","floor":29.0},{"not_picked":["Fission","Beam Cell","Fusion"],"picked":"SKIP","floor":30.0},{"not_picked":["Self Repair","Lockon","Sweeping Beam+1"],"picked":"SKIP","floor":35},{"not_picked":["Hologram+1","Go for the Eyes","Compile Driver+1"],"picked":"SKIP","floor":36},{"not_picked":["Rip and Tear+1","Consume","Auto Shields"],"picked":"SKIP","floor":38},{"not_picked":["Sunder+1","Scrape","Auto Shields+1"],"picked":"SKIP","floor":41},{"not_picked":["Melter","FTL","Consume+1"],"picked":"SKIP","floor":44},{"not_picked":["Sweeping Beam","Hologram+1"],"picked":"Tempest+1","floor":46},{"not_picked":["Cold Snap","Gash","Scrape+1"],"picked":"SKIP","floor":48}],"player_experience":803273,"relics_obtained":[{"floor":9.0,"key":"Bag of Marbles"},{"floor":26.0,"key":"Boot"},{"floor":30.0,"key":"Shuriken"},{"floor":43,"key":"Mummified Hand"}],"event_choices":[{"damage_healed":0.0,"max_hp_gain":0.0,"max_hp_loss":0.0,"gold_gain":175.0,"event_name":"Liars Game","player_choice":"AGREE","floor":4.0,"gold_loss":0.0,"damage_taken":0.0,"cards_obtained":["Doubt"]},{"damage_healed":0.0,"max_hp_gain":0.0,"max_hp_loss":0.0,"gold_gain":0.0,"event_name":"Lab","player_choice":"Got Potions","floor":5.0,"gold_loss":0.0,"damage_taken":0.0},{"damage_healed":0.0,"max_hp_gain":0.0,"max_hp_loss":0.0,"gold_gain":0.0,"event_name":"The Cleric","player_choice":"Leave","floor":11.0,"gold_loss":0.0,"damage_taken":0.0},{"damage_healed":0.0,"max_hp_gain":0.0,"max_hp_loss":0.0,"gold_gain":0.0,"event_name":"Back to Basics","player_choice":"Simplicity","floor":24.0,"gold_loss":0.0,"damage_taken":0.0,"cards_upgraded":["Strike_B","Strike_B","Strike_B","Strike_B","Defend_B","Defend_B","Defend_B","Defend_B"]},{"cards_removed":["Defend_B"],"damage_healed":0,"gold_gain":0,"player_choice":"Removed Skill","damage_taken":0,"max_hp_gain":0,"max_hp_loss":0,"event_name":"Falling","floor":37,"gold_loss":0},{"damage_healed":0,"gold_gain":0,"player_choice":"Ignored","damage_taken":0,"max_hp_gain":0,"max_hp_loss":0,"event_name":"Mysterious Sphere","floor":42,"gold_loss":0},{"damage_healed":42,"gold_gain":0,"player_choice":"Heal","damage_taken":0,"max_hp_gain":0,"max_hp_loss":0,"event_name":"MindBloom","floor":47,"gold_loss":0,"cards_obtained":["Doubt"]}],"is_beta":false,"boss_relics":[{"not_picked":["Astrolabe","Busted Crown"],"picked":"Inserter"},{"not_picked":["Runic Pyramid","Black Star"],"picked":"FrozenCore"}],"items_purged_floors":[8],"is_endless":false,"potions_floor_spawned":[1,3,7,12,22,29,33,35,36,41],"ascension_level":0}