{"gold_per_floor":[114,43,57,57,57,86,103,103,103,103,278,302,314,3,3,82,82,102,201,201,6,22,22,3,333,333,397,21,38,52,72,72,151,151,164,8,24,37,61,61,77,77,77,110,0,0,0,19,19,19],"floor_reached":50,"playtime":1557,"items_purged":["Doubt","Strike_R","Strike_R"],"score":931,"play_id":"55a3e256-714e-446a-942f-e9afccbe8348","local_time":"20190210222056","is_ascension_mode":true,"campfire_choices":[{"data":"Whirlwind","floor":8.0,"key":"SMITH"},{"data":"Bash","floor":10.0,"key":"SMITH"},{"data":"Sword Boomerang","floor":15.0,"key":"SMITH"},{"data":"Pummel","floor":23.0,"key":"SMITH"},{"data":"1","floor":32.0,"key":"LIFT"},{"data":"2","floor":40.0,"key":"LIFT"},{"floor":42.0,"key":"REST"},{"data":"3","floor":46.0,"key":"LIFT"},{"floor":49.0,"key":"REST"}],"neow_cost":"NONE","seed_source_timestamp":19565033021800,"circlet_count":0,"master_deck":["AscendersBane","Strike_R","Strike_R","Strike_R","Defend_R","Defend_R","Defend_R","Defend_R","Bash+1","Sword Boomerang+1","Whirlwind+1","Pummel+1","Flame Barrier+1","Armaments+1","Infernal Blade+1","Double Tap+1","Warcry+1","Disarm+1","Shrug It Off+1","Shrug It Off+1","Inflame+1","Panacea+1","Warcry+1","Pummel","Pummel","Rage+1","Infernal Blade+1"],"special_seed":0,"relics":["Burning Blood","Potion Belt","Toxic Egg 2","Letter Opener","Question Card","Strawberry","Membership Card","Bag of Marbles","Busted Crown","Centennial Puzzle","Lee\u0027s Waffle","Old Coin","Lantern","Tiny Chest","Chemical X","Girya","Orrery","Champion Belt","Orichalcum","Bottled Lightning","Ancient Tea Set","Red Mask"],"potions_floor_usage":[50],"damage_taken":[{"damage":11.0,"enemies":"Small Slimes","floor":1.0,"turns":5.0},{"damage":7.0,"enemies":"Jaw Worm","floor":3.0,"turns":4.0},{"damage":40.0,"enemies":"Gremlin Nob","floor":6.0,"turns":5.0},{"damage":10.0,"enemies":"Cultist","floor":7.0,"turns":4.0},{"damage":11.0,"enemies":"Looter","floor":13.0,"turns":4.0},{"damage":7.0,"enemies":"Slime Boss","floor":16.0,"turns":6.0},{"damage":24.0,"enemies":"Spheric Guardian","floor":18.0,"turns":4.0},{"damage":1.0,"enemies":"Chosen","floor":22.0,"turns":4.0},{"damage":14.0,"enemies":"Book of Stabbing","floor":25.0,"turns":5.0},{"damage":0.0,"enemies":"Slavers","floor":27.0,"turns":2.0},{"damage":19.0,"enemies":"3 Cultists","floor":29.0,"turns":4.0},{"damage":4.0,"enemies":"Centurion and Healer","floor":30.0,"turns":3.0},{"damage":2.0,"enemies":"Snake Plant","floor":31.0,"turns":2.0},{"damage":26.0,"enemies":"Automaton","floor":33.0,"turns":8.0},{"damage":20.0,"enemies":"3 Shapes","floor":35.0,"turns":1.0},{"damage":10.0,"enemies":"3 Darklings","floor":37.0,"turns":3.0},{"damage":55.0,"enemies":"Writhing Mass","floor":38.0,"turns":4.0},{"damage":2.0,"enemies":"4 Shapes","floor":41.0,"turns":7.0},{"damage":11.0,"enemies":"Reptomancer","floor":44.0,"turns":4.0},{"damage":5.0,"enemies":"Spire Growth","floor":48.0,"turns":3.0},{"damage":77,"enemies":"Awakened One","floor":50,"turns":8}],"seed_played":"5120229609956731349","potions_obtained":[{"floor":3.0,"key":"Dexterity Potion"},{"floor":6.0,"key":"Strength Potion"},{"floor":13.0,"key":"Weak Potion"},{"floor":25.0,"key":"AttackPotion"},{"floor":27.0,"key":"Weak Potion"},{"floor":33.0,"key":"Energy Potion"},{"floor":41.0,"key":"Weak Potion"},{"floor":44.0,"key":"Explosive Potion"}],"is_trial":false,"path_per_floor":["M","$","M","?","T","E","M","R","T","R","?","T","M","$","R","B",null,"M","?","?","$","M","R","$","E","T","E","$","M","M","M","R","B",null,"M","$","M","M","T","R","M","R","T","E","?","R","?","M","R","B"],"character_chosen":"IRONCLAD","items_purchased":["Whirlwind","Membership Card","Bag of Marbles","Disarm+1","Shrug It Off+1","Lee\u0027s Waffle","Inflame","Chemical X","Girya","Panacea+1","Strength Potion","Champion Belt"],"campfire_rested":2,"item_purchase_floors":[2,14,14,21,21,21,24,28,28,28,28,36],"current_hp_per_floor":[63,63,62,67,67,33,29,29,29,29,29,36,31,31,31,30,73,55,55,55,94,94,94,94,86,86,92,92,79,81,85,85,65,87,73,73,69,20,20,20,24,52,52,47,47,47,47,48,76,0],"gold":19,"neow_bonus":"RANDOM_COMMON_RELIC","is_prod":false,"is_daily":false,"chose_seed":false,"campfire_upgraded":4,"win_rate":0,"timestamp":1549830056,"path_taken":["M","$","M","?","?","E","?","R","T","R","?","?","?","$","R","BOSS","M","?","?","$","M","R","?","E","T","E","$","M","M","M","R","BOSS","M","$","?","M","?","R","?","R","T","E","?","R","?","M","R","BOSS"],"build_version":"2019-01-23","purchased_purges":3,"victory":false,"max_hp_per_floor":[75,75,75,80,80,80,80,80,80,80,80,87,87,87,87,87,87,87,87,87,94,94,94,94,94,94,94,94,94,94,94,94,94,94,94,94,94,94,94,94,94,94,94,94,94,94,94,94,94,94],"card_choices":[{"not_picked":["True Grit","Headbutt"],"picked":"Sword Boomerang","floor":1.0},{"not_picked":["Clash","Flame Barrier"],"picked":"Pummel","floor":3.0},{"not_picked":["Bloodletting+1","Headbutt"],"picked":"Flame Barrier+1","floor":6.0},{"not_picked":["Fiend Fire","Cleave"],"picked":"Armaments+1","floor":7.0},{"not_picked":["True Grit+1","Warcry+1","Wild Strike"],"picked":"Infernal Blade+1","floor":13.0},{"not_picked":["Juggernaut","Impervious+1","Berserk"],"picked":"Double Tap+1","floor":16.0},{"not_picked":["Combust"],"picked":"Warcry+1","floor":18.0},{"not_picked":["Headbutt"],"picked":"Shrug It Off+1","floor":22.0},{"not_picked":["Sword Boomerang","Thunderclap+1"],"picked":"SKIP","floor":25.0},{"not_picked":["Fiend Fire","Clash"],"picked":"SKIP","floor":27.0},{"not_picked":["Second Wind+1","Iron Wave+1"],"picked":"SKIP","floor":29.0},{"not_picked":["Pommel Strike","Sentinel+1"],"picked":"SKIP","floor":30.0},{"not_picked":["Sever Soul"],"picked":"Warcry+1","floor":31.0},{"not_picked":["Wild Strike"],"picked":"Pummel","floor":34.0},{"not_picked":["Pommel Strike"],"picked":"Pummel","floor":34.0},{"not_picked":["Warcry+1"],"picked":"Rage+1","floor":34.0},{"not_picked":["Second Wind+1","Wild Strike"],"picked":"SKIP","floor":35.0},{"not_picked":["Headbutt","Flex+1"],"picked":"SKIP","floor":37.0},{"not_picked":["Cleave","Perfected Strike"],"picked":"SKIP","floor":38.0},{"not_picked":["Immolate","Feel No Pain+1"],"picked":"SKIP","floor":41.0},{"not_picked":["Flex+1"],"picked":"Infernal Blade+1","floor":44.0},{"not_picked":["Armaments+1","Second Wind+1"],"picked":"SKIP","floor":48.0}],"player_experience":704712,"relics_obtained":[{"floor":5.0,"key":"Toxic Egg 2"},{"floor":6.0,"key":"Letter Opener"},{"floor":9.0,"key":"Question Card"},{"floor":12.0,"key":"Strawberry"},{"floor":25.0,"key":"Old Coin"},{"floor":26.0,"key":"Lantern"},{"floor":27.0,"key":"Tiny Chest"},{"floor":39.0,"key":"Orichalcum"},{"floor":43.0,"key":"Bottled Lightning"},{"floor":44.0,"key":"Ancient Tea Set"}],"event_choices":[{"damage_healed":0.0,"max_hp_gain":5.0,"max_hp_loss":0.0,"gold_gain":0.0,"event_name":"Big Fish","player_choice":"Donut","floor":4.0,"gold_loss":0.0,"damage_taken":0.0},{"damage_healed":0.0,"max_hp_gain":0.0,"max_hp_loss":0.0,"gold_gain":175.0,"event_name":"Liars Game","player_choice":"AGREE","floor":11.0,"gold_loss":0.0,"damage_taken":0.0,"cards_obtained":["Doubt"]},{"damage_healed":0.0,"max_hp_gain":0.0,"max_hp_loss":0.0,"gold_gain":99.0,"event_name":"Nest","player_choice":"Stole From Cult","floor":19.0,"gold_loss":0.0,"damage_taken":0.0},{"damage_healed":0.0,"max_hp_gain":0.0,"max_hp_loss":0.0,"gold_gain":0.0,"event_name":"The Mausoleum","player_choice":"Opened","floor":20.0,"gold_loss":0.0,"damage_taken":0.0,"relics_obtained":["Centennial Puzzle"]},{"damage_healed":0.0,"max_hp_gain":0.0,"max_hp_loss":0.0,"gold_gain":0.0,"event_name":"Tomb of Lord Red Mask","player_choice":"Paid","floor":45.0,"gold_loss":110.0,"damage_taken":0.0,"relics_obtained":["Red Mask"]},{"damage_healed":0.0,"max_hp_gain":0.0,"max_hp_loss":0.0,"gold_gain":0.0,"event_name":"Accursed Blacksmith","player_choice":"Forge","floor":47.0,"gold_loss":0.0,"damage_taken":0.0,"cards_upgraded":["Inflame"]}],"is_beta":false,"boss_relics":[{"not_picked":["Snecko Eye","Runic Cube"],"picked":"Busted Crown"},{"not_picked":["Pandora\u0027s Box","Black Blood"],"picked":"Orrery"}],"items_purged_floors":[14,21,28],"is_endless":false,"potions_floor_spawned":[3,6,13,25,27,33,41,44],"killed_by":"Awakened One","ascension_level":14}