{"gold_per_floor":[113,11,11,28,28,28,60,60,60,10,28,43,73,84,84,188,188,201,201,201,218,218,218,228,5,5,20,39,39,55,75,75,75],"floor_reached":33,"playtime":951,"items_purged":["Strike_R"],"score":259,"play_id":"6b4a2a1a-7d74-493d-bed9-f888f9d10838","local_time":"20190202233404","is_ascension_mode":false,"campfire_choices":[{"floor":6,"key":"RECALL"},{"data":"Pommel Strike","floor":8,"key":"SMITH"},{"floor":15,"key":"REST"},{"data":"Berserk","floor":23,"key":"SMITH"},{"data":"Inflame","floor":29,"key":"SMITH"},{"data":"Inflame","floor":32,"key":"SMITH"}],"neow_cost":"NONE","seed_source_timestamp":108783691432030,"circlet_count":0,"master_deck":["Strike_R","Strike_R","Strike_R","Strike_R","Defend_R","Defend_R","Defend_R","Defend_R","Bash+1","Pommel Strike+1","Shrug It Off","Pommel Strike","Disarm","Cleave","Headbutt","Shrug It Off","Berserk+1","Infernal Blade","Inflame+1","Inflame+1","Thunderclap+1","Disarm+1"],"relics":["Burning Blood","Regal Pillow","Anchor","PreservedInsect","Pocketwatch","Busted Crown","Potion Belt","Meat on the Bone","Membership Card","Molten Egg 2"],"potions_floor_usage":[16,16,33,33,33],"damage_taken":[{"damage":3,"enemies":"Jaw Worm","floor":1,"turns":4},{"damage":2,"enemies":"2 Louse","floor":4,"turns":3},{"damage":18,"enemies":"Gremlin Nob","floor":7,"turns":3},{"damage":0,"enemies":"Small Slimes","floor":11,"turns":3},{"damage":7,"enemies":"Exordium Wildlife","floor":12,"turns":3},{"damage":32,"enemies":"Lagavulin","floor":13,"turns":4},{"damage":13,"enemies":"2 Fungi Beasts","floor":14,"turns":3},{"damage":75,"enemies":"Hexaghost","floor":16,"turns":12},{"damage":17,"enemies":"Spheric Guardian","floor":18,"turns":4},{"damage":14,"enemies":"2 Thieves","floor":21,"turns":3},{"damage":24,"enemies":"Snake Plant","floor":24,"turns":4},{"damage":5,"enemies":"Centurion and Healer","floor":27,"turns":8},{"damage":12,"enemies":"3 Cultists","floor":28,"turns":4},{"damage":23,"enemies":"Snake Plant","floor":30,"turns":3},{"damage":11,"enemies":"Cultist and Chosen","floor":31,"turns":5},{"damage":62,"enemies":"Collector","floor":33,"turns":6}],"seed_played":"-6575841482933651901","potions_obtained":[{"floor":11,"key":"Weak Potion"},{"floor":13,"key":"Dexterity Potion"},{"floor":16,"key":"GamblersBrew"},{"floor":18,"key":"Fire Potion"},{"floor":21,"key":"Dexterity Potion"},{"floor":31,"key":"EssenceOfSteel"}],"is_trial":false,"path_per_floor":["M","$","?","M","?","R","E","R","T","?","M","M","E","M","R","B",null,"M","?","T","M","?","R","M","$","T","M","M","R","M","M","R","B"],"character_chosen":"IRONCLAD","items_purchased":["Shrug It Off","Membership Card","Inflame"],"campfire_rested":1,"item_purchase_floors":[2,25,25],"current_hp_per_floor":[80,80,80,80,80,80,68,68,68,68,74,73,47,40,79,10,80,69,69,69,61,61,61,55,55,55,56,50,50,45,52,52,0],"gold":75,"neow_bonus":"RANDOM_COMMON_RELIC","is_prod":false,"is_daily":false,"chose_seed":false,"campfire_upgraded":4,"win_rate":0,"timestamp":1549121644,"path_taken":["M","$","?","M","?","R","E","R","T","?","M","M","E","M","R","BOSS","M","?","?","M","?","R","M","$","T","M","M","R","M","M","R","BOSS"],"build_version":"2019-01-23","purchased_purges":1,"victory":false,"max_hp_per_floor":[80,80,80,80,80,80,80,80,80,80,80,80,80,80,80,80,80,80,80,80,80,80,80,80,80,80,80,80,80,80,80,80,80],"card_choices":[{"not_picked":["True Grit","Cleave"],"picked":"Pommel Strike","floor":1},{"not_picked":["Heavy Blade","Shockwave"],"picked":"Pommel Strike","floor":4},{"not_picked":["Fiend Fire","Dual Wield"],"picked":"Disarm","floor":7},{"not_picked":["Fire Breathing","Thunderclap"],"picked":"Cleave","floor":11},{"not_picked":["Havoc","Perfected Strike","Warcry"],"picked":"SKIP","floor":12},{"not_picked":["Body Slam","Combust"],"picked":"Headbutt","floor":13},{"not_picked":["Hemokinesis","Uppercut"],"picked":"Shrug It Off","floor":14},{"not_picked":["Double Tap","Impervious"],"picked":"Berserk","floor":16},{"not_picked":[],"picked":"Infernal Blade","floor":18},{"not_picked":["Burning Pact"],"picked":"SKIP","floor":21},{"not_picked":["Anger"],"picked":"SKIP","floor":24},{"not_picked":[],"picked":"Thunderclap+1","floor":27},{"not_picked":["Disarm"],"picked":"SKIP","floor":28},{"not_picked":[],"picked":"Disarm+1","floor":30},{"not_picked":["Rage"],"picked":"SKIP","floor":31}],"player_experience":176066,"relics_obtained":[{"floor":7,"key":"PreservedInsect"},{"floor":13,"key":"Pocketwatch"},{"floor":20,"key":"Meat on the Bone"},{"floor":26,"key":"Molten Egg 2"}],"event_choices":[{"damage_healed":0,"gold_gain":0,"player_choice":"Box","damage_taken":0,"relics_obtained":["Anchor"],"max_hp_gain":0,"max_hp_loss":0,"event_name":"Big Fish","floor":3,"gold_loss":0,"cards_obtained":["Regret"]},{"damage_healed":0,"gold_gain":0,"player_choice":"Grow","damage_taken":0,"max_hp_gain":0,"max_hp_loss":0,"event_name":"Living Wall","floor":5,"gold_loss":0,"cards_upgraded":["Bash"]},{"cards_removed":["Regret"],"damage_healed":0,"gold_gain":0,"player_choice":"Card Removal","damage_taken":0,"max_hp_gain":0,"max_hp_loss":0,"event_name":"The Cleric","floor":10,"gold_loss":50},{"damage_healed":0,"gold_gain":0,"player_choice":"Opened","damage_taken":0,"relics_obtained":["Potion Belt"],"max_hp_gain":0,"max_hp_loss":0,"event_name":"The Mausoleum","floor":19,"gold_loss":0},{"damage_healed":0,"gold_gain":0,"player_choice":"Read","damage_taken":0,"max_hp_gain":0,"max_hp_loss":0,"event_name":"The Library","floor":22,"gold_loss":0,"cards_obtained":["Inflame"]}],"is_beta":false,"boss_relics":[{"not_picked":["Astrolabe","Black Blood"],"picked":"Busted Crown"}],"items_purged_floors":[2],"is_endless":false,"potions_floor_spawned":[11,13,16,18,21,31],"killed_by":"Collector","ascension_level":0}