{"gold_per_floor":[110,30,130,55,69,97,97,97,122,122,136,162,162,193,193,290,320,330,341,341,359,369,369,395,395,421,421,434,469,469,489,489,589,589,601,615,615,615,628,628,628,3,80,80,0,0,14,45,45,45],"floor_reached":51,"playtime":3340,"items_purged":["Strike_B"],"score":806,"play_id":"28b5eb9b-6dce-4065-8af8-147be722ebff","local_time":"20180630115006","is_ascension_mode":false,"campfire_choices":[{"data":"Defragment","floor":10,"key":"SMITH"},{"floor":13,"key":"REST"},{"floor":15,"key":"REST"},{"floor":23,"key":"REST"},{"floor":25,"key":"REST"},{"floor":27,"key":"REST"},{"floor":30,"key":"REST"},{"floor":32,"key":"REST"},{"floor":40,"key":"REST"},{"data":"Mind Blast","floor":44,"key":"SMITH"},{"floor":49,"key":"REST"}],"neow_cost":"NONE","seed_source_timestamp":6894308283222,"circlet_count":0,"master_deck":["Strike_B","Strike_B","Strike_B+1","Defend_B","Defend_B","Defend_B","Defend_B","Dualcast","Turbo","Defragment+1","Chill+1","Loop","Cold Snap","Streamline+1","Ball Lightning","Conserve Battery","Beam Cell","Echo Form","Redo","Hologram","Cold Snap","Static Discharge","Ball Lightning+1","Consume+1","Capacitor","Static Discharge+1","Static Discharge+1","Defragment","Consume+1","Redo+1","Thunder Strike","Mind Blast+1","Writhe","Hello World+1","Glacier+1","Ball Lightning","White Noise+1","Storm+1"],"relics":["Cracked Core","NeowsBlessing","Anchor","Boot","Dream Catcher","Bag of Preparation","Cables","Tiny House","Toxic Egg 2","Sundial","Singing Bowl","Torii","Nuclear Battery","Ice Cream","Frozen Egg 2","Bottled Lightning","Dodecahedron"],"potions_floor_usage":[14,16,22,24,29,48,48],"damage_taken":[{"damage":0,"enemies":"Small Slimes","floor":1,"turns":1},{"damage":0,"enemies":"Cultist","floor":5,"turns":1},{"damage":0,"enemies":"Lagavulin","floor":6,"turns":1},{"damage":0,"enemies":"Jaw Worm","floor":11,"turns":3},{"damage":0,"enemies":"3 Sentries","floor":12,"turns":8},{"damage":8,"enemies":"Gremlin Nob","floor":14,"turns":3},{"damage":22,"enemies":"Hexaghost","floor":16,"turns":9},{"damage":7,"enemies":"Shell Parasite","floor":18,"turns":5},{"damage":6,"enemies":"Chosen","floor":19,"turns":4},{"damage":15,"enemies":"3 Cultists","floor":21,"turns":6},{"damage":41,"enemies":"Slaver and Parasite","floor":22,"turns":4},{"damage":19,"enemies":"Book of Stabbing","floor":24,"turns":4},{"damage":20,"enemies":"Snecko","floor":28,"turns":4},{"damage":25,"enemies":"Gremlin Leader","floor":29,"turns":6},{"damage":9,"enemies":"Snake Plant","floor":31,"turns":3},{"damage":68,"enemies":"Collector","floor":33,"turns":5},{"damage":25,"enemies":"3 Darklings","floor":35,"turns":5},{"damage":13,"enemies":"Orb Walker","floor":36,"turns":3},{"damage":16,"enemies":"Sphere and 2 Shapes","floor":39,"turns":4},{"damage":0,"enemies":"Maw","floor":47,"turns":10},{"damage":66,"enemies":"Giant Head","floor":48,"turns":6},{"damage":60,"enemies":"Donu and Deca","floor":50,"turns":5}],"seed_played":"312134850098284714","potions_obtained":[{"floor":5,"key":"EssenceOfSteel"},{"floor":12,"key":"Poison Potion"},{"floor":16,"key":"Regen Potion"},{"floor":17,"key":"FairyPotion"},{"floor":18,"key":"AttackPotion"},{"floor":24,"key":"Dexterity Potion"},{"floor":29,"key":"FearPotion"},{"floor":31,"key":"Swift Potion"},{"floor":35,"key":"FocusPotion"}],"is_trial":false,"path_per_floor":["M","$","?","$","M","E","?","T","T","R","M","E","R","E","R","B",null,"M","M","T","M","M","R","E","R","T","R","M","E","R","M","R","B",null,"M","M","?","?","M","R","?","$","T","R","$","?","M","E","R","B"],"character_chosen":"DEFECT","items_purchased":["Defragment","Ice Cream","Frozen Egg 2","Hello World","Glacier+1"],"campfire_rested":9,"item_purchase_floors":[2,42,42,42,45],"current_hp_per_floor":[75,75,75,75,75,75,60,60,60,60,60,60,75,67,75,53,80,73,67,67,52,23,47,28,52,52,78,58,35,60,51,76,8,84,61,50,50,47,33,62,86,86,86,86,86,86,86,20,48,9],"gold":45,"neow_bonus":"THREE_ENEMY_KILL","is_prod":false,"is_daily":false,"chose_seed":false,"campfire_upgraded":2,"win_rate":0,"timestamp":1530373806,"path_taken":["M","$","?","$","M","E","?","?","T","R","?","E","R","E","R","BOSS","M","M","?","M","M","R","E","R","T","R","?","E","R","M","R","BOSS","M","?","?","?","M","R","?","$","T","R","$","?","M","E","R","BOSS"],"build_version":"2018-06-28","purchased_purges":1,"victory":true,"max_hp_per_floor":[75,75,75,75,75,75,75,75,75,75,75,75,75,75,75,75,80,80,80,80,80,80,80,80,80,80,82,82,84,84,84,84,84,84,86,88,88,90,92,94,94,94,94,94,94,94,94,94,94,94],"card_choices":[{"not_picked":["Tempest","Stack"],"picked":"Turbo","floor":1},{"not_picked":["Rebound","Compile Driver"],"picked":"Chill","floor":5},{"not_picked":["Undo","Stack"],"picked":"Loop","floor":6},{"not_picked":["Sunder","Hello World"],"picked":"Cold Snap","floor":11},{"not_picked":["Steam","Stack"],"picked":"Streamline","floor":12},{"not_picked":["Lockon","Aggregate"],"picked":"Ball Lightning","floor":13},{"not_picked":["Melter","Loop"],"picked":"Conserve Battery","floor":14},{"not_picked":["Stack","Barrage"],"picked":"Beam Cell","floor":15},{"not_picked":["All For One","Fission"],"picked":"Echo Form","floor":16},{"not_picked":["Rebound","Skim"],"picked":"Redo","floor":17},{"not_picked":["Beam Cell","Streamline+1"],"picked":"Hologram","floor":18},{"not_picked":["Fusion","Genetic Algorithm"],"picked":"Cold Snap","floor":19},{"not_picked":["Streamline","Beam Cell+1"],"picked":"Static Discharge","floor":21},{"not_picked":["Leap+1","Stack+1"],"picked":"Ball Lightning+1","floor":22},{"not_picked":["Barrage","Ball Lightning"],"picked":"Consume+1","floor":23},{"not_picked":["Compile Driver","Sweeping Beam"],"picked":"Capacitor","floor":24},{"not_picked":["BootSequence+1","Storm+1"],"picked":"Static Discharge+1","floor":25},{"not_picked":["Streamline","Genetic Algorithm+1","Rebound"],"picked":"Singing Bowl","floor":27},{"not_picked":["Turbo+1","All For One"],"picked":"Static Discharge+1","floor":28},{"not_picked":["Compile Driver+1","Aggregate+1","Static Discharge"],"picked":"Singing Bowl","floor":29},{"not_picked":["Beam Cell","Heatsinks"],"picked":"Defragment","floor":30},{"not_picked":["Beam Cell+1","Self Repair"],"picked":"Consume+1","floor":31},{"not_picked":["Hologram+1","Sweeping Beam"],"picked":"Redo+1","floor":32},{"not_picked":["Multi-Cast+1","Hyperbeam"],"picked":"Thunder Strike","floor":33},{"not_picked":["Steam+1","Barrage+1","Gash+1"],"picked":"Singing Bowl","floor":35},{"not_picked":["Sweeping Beam","Cold Snap+1","Leap+1"],"picked":"Singing Bowl","floor":36},{"not_picked":["Dark Shackles+1","Transmutation+1","Secret Weapon+1"],"picked":"Singing Bowl","floor":38},{"not_picked":["Good Instincts+1","Deep Breath+1"],"picked":"Mind Blast","floor":38},{"not_picked":["Go for the Eyes+1","Gash","Sweeping Beam+1"],"picked":"Singing Bowl","floor":39},{"not_picked":["Leap+1","Steam+1","Fusion+1"],"picked":"Singing Bowl","floor":40},{"not_picked":["Compile Driver+1","Reinforced Body+1"],"picked":"Ball Lightning","floor":47},{"not_picked":["Leap+1","Sweeping Beam+1"],"picked":"White Noise+1","floor":48},{"not_picked":["Conserve Battery+1","Gash+1"],"picked":"Storm+1","floor":49}],"player_experience":143428,"relics_obtained":[{"floor":6,"key":"Anchor"},{"floor":8,"key":"Boot"},{"floor":9,"key":"Dream Catcher"},{"floor":12,"key":"Bag of Preparation"},{"floor":14,"key":"Cables"},{"floor":20,"key":"Toxic Egg 2"},{"floor":24,"key":"Sundial"},{"floor":26,"key":"Singing Bowl"},{"floor":29,"key":"Torii"},{"floor":43,"key":"Bottled Lightning"},{"floor":48,"key":"Dodecahedron"}],"event_choices":[{"event_name":"Golden Shrine","player_choice":"Pray","floor":3,"damage_taken":0},{"event_name":"Shining Light","player_choice":"Entered Light","floor":7,"damage_taken":0},{"event_name":"Tomb of Lord Red Mask","player_choice":"Ignored","floor":37,"damage_taken":0},{"event_name":"SensoryStone","player_choice":"Memory 2","floor":38,"damage_taken":0},{"event_name":"Winding Halls","player_choice":"Writhe","floor":41,"damage_taken":0},{"event_name":"Falling","player_choice":"Removed Skill","floor":46,"damage_taken":0}],"boss_relics":[{"not_picked":["Runic Pyramid","Velvet Choker"],"picked":"Tiny House"},{"not_picked":["Busted Crown","Calling Bell"],"picked":"Nuclear Battery"}],"items_purged_floors":[4],"is_endless":false,"potions_floor_spawned":[5,12,16,18,24,29,31,33,35,39],"ascension_level":0}