{"gold_per_floor":[15,34,48,66,80,80,107,107,107,137,151,151,151,170,170,273,273],"floor_reached":17,"playtime":914,"items_purged":[],"score":262,"play_id":"f2258be0-38bc-4222-a20d-a4ce26eff45e","local_time":"20190121203627","is_ascension_mode":true,"campfire_choices":[{"data":"Go for the Eyes","floor":6.0,"key":"SMITH"},{"data":"Defragment","floor":8.0,"key":"SMITH"},{"floor":13.0,"key":"REST"},{"data":"Defragment","floor":15.0,"key":"SMITH"}],"neow_cost":"NO_GOLD","seed_source_timestamp":0,"circlet_count":0,"master_deck":["AscendersBane","Strike_B","Strike_B","Strike_B","Strike_B","Defend_B","Defend_B","Defend_B","Defend_B","Zap","Dualcast","Rebound","Cold Snap","Ball Lightning","Go for the Eyes+1","Defragment+1","Defragment+1","Compile Driver+1","Parasite","Reprogram","All For One+1"],"special_seed":0,"relics":["Cracked Core","Mango","Smiling Mask","Molten Egg 2","Blue Candle","Velvet Choker"],"potions_floor_usage":[],"damage_taken":[{"damage":1.0,"enemies":"Cultist","floor":1.0,"turns":4.0},{"damage":0.0,"enemies":"Small Slimes","floor":2.0,"turns":2.0},{"damage":7.0,"enemies":"Jaw Worm","floor":3.0,"turns":3.0},{"damage":7.0,"enemies":"Blue Slaver","floor":4.0,"turns":4.0},{"damage":20.0,"enemies":"Lots of Slimes","floor":5.0,"turns":4.0},{"damage":20.0,"enemies":"Gremlin Nob","floor":7.0,"turns":5.0},{"damage":20.0,"enemies":"Lagavulin","floor":10.0,"turns":4.0},{"damage":5.0,"enemies":"3 Louse","floor":11.0,"turns":5.0},{"damage":5.0,"enemies":"Looter","floor":14.0,"turns":3.0},{"damage":23.0,"enemies":"The Guardian","floor":16.0,"turns":12.0}],"seed_played":"5614408662165768315","potions_obtained":[{"floor":1.0,"key":"FocusPotion"},{"floor":3.0,"key":"PowerPotion"},{"floor":11.0,"key":"FocusPotion"}],"is_trial":false,"path_per_floor":["M","M","M","M","M","R","E","R","T","E","M","?","R","M","R","B",null],"character_chosen":"DEFECT","items_purchased":[],"campfire_rested":1,"item_purchase_floors":[],"current_hp_per_floor":[81,81,74,67,47,47,27,27,27,7,2,24,50,45,45,22,72],"gold":273,"neow_bonus":"ONE_RARE_RELIC","is_prod":false,"is_daily":false,"chose_seed":false,"campfire_upgraded":3,"win_rate":0,"timestamp":1548131787,"path_taken":["M","M","M","M","M","R","E","R","T","E","?","?","R","M","R","BOSS","BOSS"],"build_version":"2019-01-17v2","purchased_purges":0,"victory":false,"max_hp_per_floor":[89,89,89,89,89,89,89,89,89,89,89,89,89,89,89,89,89],"card_choices":[{"not_picked":["Melter","Streamline"],"picked":"Rebound","floor":1.0},{"not_picked":["Aggregate","Undo","Reprogram"],"picked":"SKIP","floor":2.0},{"not_picked":["Rebound","Coolheaded"],"picked":"Cold Snap","floor":3.0},{"not_picked":["Storm","Stack"],"picked":"Ball Lightning","floor":4.0},{"not_picked":["Beam Cell","Steam Power"],"picked":"Go for the Eyes","floor":5.0},{"not_picked":["Hologram","White Noise"],"picked":"Defragment","floor":7.0},{"not_picked":["Force Field","Rebound+1"],"picked":"Defragment","floor":10.0},{"not_picked":["Fusion","Storm"],"picked":"Compile Driver+1","floor":11.0},{"not_picked":["Turbo","Rip and Tear+1"],"picked":"Reprogram","floor":14.0},{"not_picked":["Hyperbeam+1","Thunder Strike+1"],"picked":"All For One+1","floor":16}],"player_experience":445427,"relics_obtained":[{"floor":7.0,"key":"Smiling Mask"},{"floor":9.0,"key":"Molten Egg 2"},{"floor":10.0,"key":"Blue Candle"}],"event_choices":[{"damage_healed":22.0,"max_hp_gain":0.0,"max_hp_loss":0.0,"gold_gain":0.0,"event_name":"Mushrooms","player_choice":"Healed and dodged fight","floor":12.0,"gold_loss":0.0,"damage_taken":0.0,"cards_obtained":["Parasite"]}],"is_beta":false,"boss_relics":[{"not_picked":["Runic Dome","Busted Crown"],"picked":"Velvet Choker"}],"items_purged_floors":[],"is_endless":false,"potions_floor_spawned":[1,3,7,11],"ascension_level":11}