{"gold_per_floor":[114,389,37,53,72,107,107,107,107,119,152,152,162,162],"floor_reached":14,"playtime":637,"items_purged":["Regret"],"score":190,"play_id":"811f968f-ab6a-4bee-9589-325fb2e1dc33","local_time":"20190208190743","is_ascension_mode":true,"campfire_choices":[{"data":"Consume","floor":8,"key":"SMITH"}],"neow_cost":"NONE","seed_source_timestamp":248611763295322,"circlet_count":0,"master_deck":["AscendersBane","Strike_B","Strike_B","Strike_B","Strike_B","Defend_B","Defend_B","Defend_B","Defend_B","Zap","Dualcast","Self Repair","Ball Lightning","Consume+1","Conserve Battery","Darkness","Glacier","Genetic Algorithm"],"relics":["Cracked Core","Runic Capacitor","Letter Opener","Omamori","Mercury Hourglass"],"potions_floor_usage":[6,11,11],"damage_taken":[{"damage":9,"enemies":"Jaw Worm","floor":1,"turns":4},{"damage":0,"enemies":"Cultist","floor":4,"turns":3},{"damage":3,"enemies":"2 Louse","floor":5,"turns":2},{"damage":30,"enemies":"3 Sentries","floor":6,"turns":7},{"damage":7,"enemies":"Lots of Slimes","floor":10,"turns":4},{"damage":37,"enemies":"Gremlin Nob","floor":11,"turns":4},{"damage":10,"enemies":"3 Louse","floor":13,"turns":3},{"damage":9,"enemies":"Lagavulin","floor":14,"turns":3}],"seed_played":"-486259266930914180","potions_obtained":[{"floor":1,"key":"SkillPotion"},{"floor":5,"key":"Strength Potion"},{"floor":6,"key":"FearPotion"},{"floor":13,"key":"FearPotion"}],"is_trial":false,"path_per_floor":["M","?","$","M","M","E","$","R","T","M","E","?","M","E"],"character_chosen":"DEFECT","items_purchased":["Runic Capacitor","Ball Lightning"],"campfire_rested":0,"item_purchase_floors":[3,3],"current_hp_per_floor":[62,62,62,69,66,43,43,43,43,43,13,13,3,0],"gold":162,"neow_bonus":"TEN_PERCENT_HP_BONUS","is_prod":false,"is_daily":false,"chose_seed":false,"campfire_upgraded":1,"win_rate":0,"timestamp":1549681663,"path_taken":["M","?","$","M","M","E","$","R","T","?","E","?","?","E"],"build_version":"2019-01-23","purchased_purges":1,"victory":false,"max_hp_per_floor":[78,78,78,78,78,78,78,78,78,78,78,78,78,78],"card_choices":[{"not_picked":["Sweeping Beam","Chill"],"picked":"Self Repair","floor":1},{"not_picked":["Coolheaded","Leap"],"picked":"Consume","floor":4},{"not_picked":["Streamline","White Noise","Force Field"],"picked":"SKIP","floor":5},{"not_picked":["Streamline","White Noise","Force Field"],"picked":"SKIP","floor":5},{"not_picked":["Compile Driver","Rip and Tear"],"picked":"Conserve Battery","floor":6},{"not_picked":["Steam","Beam Cell"],"picked":"Darkness","floor":10},{"not_picked":["Blizzard","Leap"],"picked":"Glacier","floor":11},{"not_picked":["Streamline","Genetic Algorithm","Ball Lightning"],"picked":"SKIP","floor":13}],"player_experience":511326,"relics_obtained":[{"floor":6,"key":"Letter Opener"},{"floor":9,"key":"Omamori"},{"floor":11,"key":"Mercury Hourglass"}],"event_choices":[{"damage_healed":0,"gold_gain":275,"player_choice":"Desecrate","damage_taken":0,"max_hp_gain":0,"max_hp_loss":0,"event_name":"Golden Shrine","floor":2,"gold_loss":0,"cards_obtained":["Regret"]},{"damage_healed":0,"gold_gain":0,"player_choice":"1 cards matched","damage_taken":0,"max_hp_gain":0,"max_hp_loss":0,"event_name":"Match and Keep!","floor":12,"gold_loss":0,"cards_obtained":["Genetic Algorithm"]}],"is_beta":false,"boss_relics":[],"items_purged_floors":[3],"is_endless":false,"potions_floor_spawned":[1,5,6,13],"killed_by":"Lagavulin","ascension_level":18}