{"gold_per_floor":[118,118,131,81,94,125,125,125,193,193,193,193,193,205,205,305,305,275,225,225,74,74,74,74,74,74,74,74,74,74,74,74,74,74,74,74,74,74,74,74,74,20,20,20,20,20,20,20,20,20],"floor_reached":51,"playtime":1394,"items_purged":[],"score":667,"play_id":"fe178c4a-2775-4162-8f02-30e617f00b05","local_time":"20181214234153","is_ascension_mode":false,"campfire_choices":[{"data":"Dualcast","floor":7.0,"key":"SMITH"},{"data":"Go for the Eyes","floor":11.0,"key":"SMITH"},{"data":"Cold Snap","floor":13.0,"key":"SMITH"},{"data":"Sunder","floor":15.0,"key":"SMITH"},{"data":"Ball Lightning","floor":24.0,"key":"SMITH"},{"data":"Strike_B","floor":28.0,"key":"SMITH"},{"data":"Thunder Strike","floor":32.0,"key":"SMITH"},{"data":"Madness","floor":40.0,"key":"SMITH"},{"data":"Beam Cell","floor":45,"key":"SMITH"},{"floor":49,"key":"REST"}],"neow_cost":"NONE","seed_source_timestamp":1383388479419590,"circlet_count":0,"master_deck":["Strike_B+1","Strike_B","Defend_B","Defend_B","Defend_B+1","Zap+1","Dualcast+1","Steam","Go for the Eyes+1","Cold Snap+1","Sunder+1","Seek+1","BootSequence","Ball Lightning+1","Undo","Thunder Strike+1","FTL","Hologram+1","Electrodynamics","Stack+1","Madness+1","Madness","Ball Lightning+1","Beam Cell+1","Conserve Battery","Creative AI","Beam Cell+1"],"special_seed":0,"relics":["Cracked Core","Dream Catcher","Letter Opener","Ectoplasm","War Paint","Blood Vial","Bag of Preparation","Orrery","DataDisk"],"potions_floor_usage":[48,50,50],"damage_taken":[{"damage":0.0,"enemies":"Small Slimes","floor":1.0,"turns":2.0},{"damage":0.0,"enemies":"2 Louse","floor":3.0,"turns":2.0},{"damage":0.0,"enemies":"Cultist","floor":5.0,"turns":3.0},{"damage":17.0,"enemies":"3 Sentries","floor":6.0,"turns":8.0},{"damage":5.0,"enemies":"Exordium Thugs","floor":14.0,"turns":4.0},{"damage":8.0,"enemies":"Slime Boss","floor":16.0,"turns":8.0},{"damage":6.0,"enemies":"2 Thieves","floor":18.0,"turns":2.0},{"damage":0.0,"enemies":"Shell Parasite","floor":20.0,"turns":3.0},{"damage":2.0,"enemies":"Cultist and Chosen","floor":22.0,"turns":4.0},{"damage":0.0,"enemies":"Snecko","floor":25.0,"turns":3.0},{"damage":10.0,"enemies":"Slavers","floor":27.0,"turns":4.0},{"damage":0.0,"enemies":"Centurion and Healer","floor":31.0,"turns":4.0},{"damage":48.0,"enemies":"Champ","floor":33.0,"turns":8.0},{"damage":0.0,"enemies":"3 Darklings","floor":35.0,"turns":2.0},{"damage":0.0,"enemies":"Orb Walker","floor":36.0,"turns":3.0},{"damage":0.0,"enemies":"Jaw Worm Horde","floor":41.0,"turns":1.0},{"damage":1,"enemies":"Spire Growth","floor":44,"turns":3},{"damage":0,"enemies":"3 Darklings","floor":46,"turns":2},{"damage":18,"enemies":"Maw","floor":47,"turns":6},{"damage":6,"enemies":"Writhing Mass","floor":48,"turns":4},{"damage":78,"enemies":"Awakened One","floor":50,"turns":14}],"seed_played":"894093120584875442","potions_obtained":[{"floor":0.0,"key":"EssenceOfSteel"},{"floor":0.0,"key":"Swift Potion"},{"floor":0.0,"key":"Fruit Juice"},{"floor":5.0,"key":"Swift Potion"},{"floor":12.0,"key":"FocusPotion"},{"floor":18.0,"key":"Poison Potion"},{"floor":27.0,"key":"Fire Potion"}],"is_trial":false,"path_per_floor":["M","?","M","?","M","E","R","$","T","?","R","?","R","M","R","B",null,"M","?","M","$","M","?","R","M","T","E","R","$","?","M","R","B",null,"M","M","M","?","$","?","R","M","$","T","M","R","M","M","M","R","B",null],"character_chosen":"DEFECT","items_purchased":["War Paint","Beam Cell"],"campfire_rested":1,"item_purchase_floors":[21,42],"current_hp_per_floor":[80,85,85,85,85,68,68,68,68,68,68,68,68,63,63,55,85,79,79,79,79,77,77,77,77,77,69,69,69,69,71,71,25,85,85,85,74,74,74,74,76,76,76,77,77,79,63,59,84,7],"gold":20,"neow_bonus":"THREE_SMALL_POTIONS","is_prod":false,"is_daily":false,"chose_seed":false,"campfire_upgraded":9,"win_rate":0,"timestamp":1544830913,"path_taken":["M","?","M","?","M","E","R","$","T","?","R","?","R","?","R","BOSS","M","?","?","$","M","?","R","M","T","E","R","$","?","M","R","BOSS","M","M","?","$","?","R","M","$","T","M","R","M","M","?","R","BOSS"],"build_version":"2018-12-13","purchased_purges":0,"victory":true,"max_hp_per_floor":[80,85,85,85,85,85,85,85,85,85,85,85,85,85,85,85,85,85,85,85,85,85,85,85,85,85,85,85,85,85,85,85,85,85,85,85,85,85,85,85,85,85,85,85,85,85,85,85,85,85],"card_choices":[{"not_picked":["Force Field","Skim"],"picked":"Steam","floor":1.0},{"not_picked":["Consume","Heatsinks"],"picked":"Go for the Eyes","floor":3.0},{"not_picked":["Genetic Algorithm","Turbo"],"picked":"Cold Snap","floor":5.0},{"not_picked":["Steam","Gash","Sweeping Beam"],"picked":"SKIP","floor":6.0},{"not_picked":["Beam Cell","Rebound"],"picked":"Sunder","floor":14.0},{"not_picked":["Meteor Strike","Amplify"],"picked":"Seek","floor":16.0},{"not_picked":["Lockon","Go for the Eyes","Gash"],"picked":"SKIP","floor":18.0},{"not_picked":["Beam Cell","Gash","Sunder"],"picked":"SKIP","floor":20.0},{"not_picked":["Leap","Chaos"],"picked":"BootSequence","floor":22.0},{"not_picked":["Leap","Go for the Eyes","Streamline"],"picked":"SKIP","floor":25.0},{"not_picked":["Storm","Amplify"],"picked":"Undo","floor":27.0},{"not_picked":["Compile Driver","Streamline"],"picked":"Hologram+1","floor":31.0},{"not_picked":["Creative AI","Reboot"],"picked":"Electrodynamics","floor":33.0},{"not_picked":["Hologram","Static Discharge+1"],"picked":"Stack+1","floor":34.0},{"not_picked":["Sweeping Beam","Stack+1","Machine Learning"],"picked":"SKIP","floor":35.0},{"not_picked":["Cold Snap","BootSequence","Compile Driver+1"],"picked":"SKIP","floor":36.0},{"not_picked":["Rebound","Barrage"],"picked":"Ball Lightning+1","floor":41.0},{"not_picked":["Darkness","Rebound+1","Lockon"],"picked":"SKIP","floor":44},{"not_picked":["Ball Lightning+1","Rip and Tear"],"picked":"Conserve Battery","floor":46},{"not_picked":["Double Energy","Redo"],"picked":"Creative AI","floor":47},{"not_picked":["Leap","BootSequence","Sweeping Beam+1"],"picked":"SKIP","floor":48},{"not_picked":["Rebound","Streamline+1"],"picked":"Beam Cell+1","floor":49}],"player_experience":880792,"relics_obtained":[{"floor":6.0,"key":"Dream Catcher"},{"floor":9.0,"key":"Letter Opener"},{"floor":26.0,"key":"Blood Vial"},{"floor":27.0,"key":"Bag of Preparation"},{"floor":43.0,"key":"DataDisk"}],"event_choices":[{"damage_healed":0.0,"max_hp_gain":5.0,"max_hp_loss":0.0,"gold_gain":0.0,"event_name":"Big Fish","player_choice":"Donut","floor":2.0,"gold_loss":0.0,"damage_taken":0.0},{"cards_removed":["Defend_B"],"damage_healed":0.0,"max_hp_gain":0.0,"max_hp_loss":0.0,"gold_gain":0.0,"event_name":"The Cleric","player_choice":"Card Removal","floor":4.0,"gold_loss":50.0,"damage_taken":0.0},{"damage_healed":0.0,"max_hp_gain":0.0,"max_hp_loss":0.0,"gold_gain":0.0,"event_name":"Living Wall","player_choice":"Grow","floor":10.0,"gold_loss":0.0,"damage_taken":0.0,"cards_upgraded":["Zap"]},{"damage_healed":0.0,"max_hp_gain":0.0,"max_hp_loss":0.0,"gold_gain":0.0,"event_name":"Lab","player_choice":"Got Potions","floor":12.0,"gold_loss":0.0,"damage_taken":0.0},{"damage_healed":0.0,"max_hp_gain":0.0,"max_hp_loss":0.0,"gold_gain":250.0,"event_name":"The Joust","player_choice":"Bet on Owner","floor":19.0,"gold_loss":50.0,"damage_taken":0.0},{"damage_healed":0.0,"max_hp_gain":0.0,"max_hp_loss":0.0,"gold_gain":0.0,"event_name":"The Library","player_choice":"Read","floor":23.0,"gold_loss":0.0,"damage_taken":0.0,"cards_obtained":["Ball Lightning"]},{"damage_healed":0.0,"max_hp_gain":0.0,"max_hp_loss":0.0,"gold_gain":0.0,"cards_transformed":["Strike_B","Strike_B"],"event_name":"Drug Dealer","player_choice":"Became Test Subject","floor":30.0,"gold_loss":0.0,"damage_taken":0.0,"cards_obtained":["Thunder Strike","FTL"]},{"damage_healed":0.0,"max_hp_gain":0.0,"max_hp_loss":0.0,"gold_gain":0.0,"event_name":"Winding Halls","player_choice":"Embrace Madness","floor":37.0,"gold_loss":0.0,"damage_taken":11.0,"cards_obtained":["Madness","Madness"]},{"damage_healed":0.0,"max_hp_gain":0.0,"max_hp_loss":0.0,"gold_gain":0.0,"event_name":"The Woman in Blue","player_choice":"Bought 0 Potions","floor":39.0,"gold_loss":0.0,"damage_taken":0.0}],"is_beta":false,"boss_relics":[{"not_picked":["Tiny House","Empty Cage"],"picked":"Ectoplasm"},{"not_picked":["Cursed Key","Black Star"],"picked":"Orrery"}],"items_purged_floors":[],"is_endless":false,"potions_floor_spawned":[5,14,16,18,20,27,31,36,44],"ascension_level":0}