{"gold_per_floor":[115,290,32,49,59,59,87,87,87,97,97,115,148,165,165,165],"floor_reached":16,"playtime":413,"items_purged":["Doubt"],"score":144,"play_id":"3aef4de3-8519-40f3-8f07-a48a4eeb2375","local_time":"20190207180043","is_ascension_mode":true,"campfire_choices":[{"data":"Corruption","floor":6.0,"key":"SMITH"},{"data":"Metamorphosis","floor":8,"key":"SMITH"},{"data":"Bash","floor":11,"key":"SMITH"},{"floor":15,"key":"REST"}],"neow_cost":"NONE","seed_source_timestamp":951280195233885,"circlet_count":0,"master_deck":["Strike_R","Strike_R","Strike_R","Strike_R","Defend_R","Defend_R","Defend_R","Defend_R","Bash+1","Corruption+1","Metamorphosis+1","Twin Strike","Thunderclap","Rampage"],"special_seed":0,"relics":["Burning Blood","Singing Bowl","Matryoshka","Bag of Marbles"],"potions_floor_usage":[],"damage_taken":[{"damage":3.0,"enemies":"2 Louse","floor":1.0,"turns":3.0},{"damage":8.0,"enemies":"Jaw Worm","floor":4.0,"turns":4.0},{"damage":9.0,"enemies":"Small Slimes","floor":5.0,"turns":5.0},{"damage":0,"enemies":"Lagavulin","floor":7,"turns":4},{"damage":15,"enemies":"Gremlin Gang","floor":10,"turns":5},{"damage":14,"enemies":"Blue Slaver","floor":12,"turns":3},{"damage":24,"enemies":"Gremlin Nob","floor":13,"turns":4},{"damage":10,"enemies":"Looter","floor":14,"turns":3},{"damage":0,"enemies":"Slime Boss","floor":16,"turns":1}],"seed_played":"4586001421680223749","potions_obtained":[{"floor":1.0,"key":"Swift Potion"},{"floor":13,"key":"SteroidPotion"},{"floor":14,"key":"SteroidPotion"}],"is_trial":false,"path_per_floor":["M","?","$","M","M","R","E","R","T","M","R","M","E","M","R","B"],"character_chosen":"IRONCLAD","items_purchased":["Metamorphosis"],"campfire_rested":1,"item_purchase_floors":[3],"current_hp_per_floor":[80,80,80,78,75,75,80,80,80,73,73,67,49,47,72,72],"gold":165,"neow_bonus":"REMOVE_CARD","is_prod":false,"is_daily":false,"chose_seed":false,"campfire_upgraded":3,"win_rate":0,"timestamp":1549558843,"path_taken":["M","?","$","M","M","R","E","R","T","M","R","M","E","M","R","BOSS"],"build_version":"2019-01-23","purchased_purges":1,"victory":false,"max_hp_per_floor":[80,80,80,80,80,80,80,80,80,82,82,84,84,86,86,86],"card_choices":[{"not_picked":["Second Wind","Armaments"],"picked":"Corruption","floor":1.0},{"not_picked":["Heavy Blade","Iron Wave","Rupture"],"picked":"SKIP","floor":4.0},{"not_picked":["Blood for Blood","Bloodletting","Twin Strike"],"picked":"SKIP","floor":5.0},{"not_picked":["Blood for Blood","Bloodletting"],"picked":"Twin Strike","floor":5.0},{"not_picked":["Reaper","Perfected Strike"],"picked":"Thunderclap","floor":7},{"not_picked":["Cleave","True Grit","Clash"],"picked":"Singing Bowl","floor":10},{"not_picked":["Iron Wave","Clothesline","Clash"],"picked":"Singing Bowl","floor":12},{"not_picked":["Fire Breathing","Immolate"],"picked":"Rampage","floor":13},{"not_picked":["Body Slam","Wild Strike","Warcry"],"picked":"Singing Bowl","floor":14}],"player_experience":38666,"relics_obtained":[{"floor":7,"key":"Singing Bowl"},{"floor":9,"key":"Matryoshka"},{"floor":13,"key":"Bag of Marbles"}],"event_choices":[{"damage_healed":0.0,"max_hp_gain":0.0,"max_hp_loss":0.0,"gold_gain":175.0,"event_name":"Liars Game","player_choice":"AGREE","floor":2.0,"gold_loss":0.0,"damage_taken":0.0,"cards_obtained":["Doubt"]}],"is_beta":false,"boss_relics":[],"items_purged_floors":[3],"is_endless":false,"potions_floor_spawned":[1,13,14],"killed_by":"Slime Boss","ascension_level":1}