{"gold_per_floor":[147,147,38,54,72,102,102,133,182,182,182,357,357],"floor_reached":13,"playtime":251,"items_purged":[],"score":155,"play_id":"1d759065-09ca-4bc0-847b-e23e041df14a","local_time":"20190210233130","is_ascension_mode":true,"campfire_choices":[{"data":"Bash","floor":7,"key":"SMITH"},{"data":"Whirlwind","floor":10,"key":"SMITH"}],"neow_cost":"NONE","seed_source_timestamp":25464199006500,"circlet_count":0,"master_deck":["AscendersBane","Strike_R","Strike_R","Strike_R","Strike_R+1","Strike_R","Defend_R","Defend_R+1","Defend_R","Defend_R","Bash+1","Inflame","Whirlwind+1","Doubt"],"relics":["Burning Blood","Tiny Chest","Ornamental Fan","Happy Flower","Dream Catcher","Golden Idol"],"potions_floor_usage":[6,8],"damage_taken":[{"damage":3,"enemies":"2 Louse","floor":1,"turns":3},{"damage":8,"enemies":"Small Slimes","floor":4,"turns":4},{"damage":6,"enemies":"Cultist","floor":5,"turns":3},{"damage":17,"enemies":"3 Sentries","floor":6,"turns":6},{"damage":37,"enemies":"Gremlin Nob","floor":8,"turns":5},{"damage":15,"enemies":"3 Sentries","floor":13,"turns":2}],"seed_played":"1006933129793308557","potions_obtained":[{"floor":1,"key":"Weak Potion"},{"floor":5,"key":"Fire Potion"}],"is_trial":false,"path_per_floor":["M","?","$","M","M","E","R","E","T","R","?","?","E"],"character_chosen":"IRONCLAD","items_purchased":["Inflame","Whirlwind"],"campfire_rested":0,"item_purchase_floors":[3,3],"current_hp_per_floor":[71,56,56,54,54,43,43,12,12,12,12,12,0],"gold":357,"neow_bonus":"RANDOM_COMMON_RELIC","is_prod":false,"is_daily":false,"chose_seed":false,"campfire_upgraded":2,"win_rate":0,"timestamp":1549834290,"path_taken":["M","?","$","M","M","E","R","E","T","R","?","?","E"],"build_version":"2019-01-23","purchased_purges":0,"victory":false,"max_hp_per_floor":[75,75,75,75,75,75,75,75,75,75,69,69,69],"card_choices":[{"not_picked":["Sever Soul","Armaments","Combust"],"picked":"SKIP","floor":1},{"not_picked":["Dual Wield","Perfected Strike","Cleave"],"picked":"SKIP","floor":4},{"not_picked":["Juggernaut","Armaments","Spot Weakness"],"picked":"SKIP","floor":5},{"not_picked":["Perfected Strike","Armaments","Headbutt"],"picked":"SKIP","floor":6},{"not_picked":["Searing Blow","Body Slam","Fire Breathing"],"picked":"SKIP","floor":8}],"player_experience":710076,"relics_obtained":[{"floor":6,"key":"Ornamental Fan"},{"floor":8,"key":"Happy Flower"},{"floor":9,"key":"Dream Catcher"}],"event_choices":[{"damage_healed":0,"gold_gain":0,"player_choice":"Entered Light","damage_taken":15,"max_hp_gain":0,"max_hp_loss":0,"event_name":"Shining Light","floor":2,"gold_loss":0,"cards_upgraded":["Strike_R","Defend_R"]},{"damage_healed":0,"gold_gain":0,"player_choice":"Lose Max HP","damage_taken":0,"relics_obtained":["Golden Idol"],"max_hp_gain":0,"max_hp_loss":6,"event_name":"Golden Idol","floor":11,"gold_loss":0},{"damage_healed":0,"gold_gain":175,"player_choice":"AGREE","damage_taken":0,"max_hp_gain":0,"max_hp_loss":0,"event_name":"Liars Game","floor":12,"gold_loss":0,"cards_obtained":["Doubt"]}],"is_beta":false,"boss_relics":[],"items_purged_floors":[],"is_endless":false,"potions_floor_spawned":[1,5],"killed_by":"3 Sentries","ascension_level":14}