{"gold_per_floor":[113,113,126,58,72,101,101,101,101,131,142,142,159,190,190,294,324,335,335,335,0,17,50,50,50],"floor_reached":25,"playtime":1925,"items_purged":["Strike_B"],"score":263,"play_id":"ac00f682-7351-4a31-9d29-cf832aeebaaa","local_time":"20180702152845","is_ascension_mode":true,"campfire_choices":[{"floor":7,"key":"REST"},{"floor":12,"key":"REST"},{"floor":15,"key":"REST"},{"floor":24,"key":"REST"}],"neow_cost":"NONE","seed_source_timestamp":14012354753829,"circlet_count":0,"master_deck":["Strike_B","Strike_B","Strike_B","Defend_B","Defend_B","Defend_B","Defend_B","Zap+1","Dualcast","Go for the Eyes","Reinforced Body","Static Discharge","Machine Learning","Capacitor","Core Surge","Redo","Leap","Defragment","Machine Learning+1","Go for the Eyes","Hello World","Decay","Static Discharge","FTL","Beam Cell+1"],"relics":["Cracked Core","Anchor","Mercury Hourglass","Ice Cream","Art of War","Orichalcum","Tiny House","Bottled Tornado","Boot"],"potions_floor_usage":[14,16,16,16,18],"damage_taken":[{"damage":0,"enemies":"Jaw Worm","floor":1,"turns":3},{"damage":1,"enemies":"Cultist","floor":3,"turns":4},{"damage":0,"enemies":"2 Louse","floor":5,"turns":3},{"damage":31,"enemies":"Gremlin Nob","floor":6,"turns":5},{"damage":24,"enemies":"Lagavulin","floor":10,"turns":7},{"damage":2,"enemies":"2 Fungi Beasts","floor":11,"turns":3},{"damage":10,"enemies":"Lots of Slimes","floor":13,"turns":3},{"damage":2,"enemies":"3 Sentries","floor":14,"turns":5},{"damage":21,"enemies":"Hexaghost","floor":16,"turns":7},{"damage":1,"enemies":"Chosen","floor":18,"turns":5},{"damage":24,"enemies":"3 Byrds","floor":22,"turns":4},{"damage":47,"enemies":"Gremlin Leader","floor":23,"turns":5},{"damage":39,"enemies":"Slavers","floor":25,"turns":3}],"seed_played":"-8544231165703865424","potions_obtained":[{"floor":5,"key":"GamblersBrew"},{"floor":11,"key":"FearPotion"},{"floor":13,"key":"AttackPotion"},{"floor":14,"key":"SkillPotion"},{"floor":17,"key":"Poison Potion"},{"floor":23,"key":"SpeedPotion"}],"is_trial":false,"path_per_floor":["M","?","M","$","M","E","R","?","T","E","M","R","M","E","R","B",null,"M","?","?","$","M","E","R"],"character_chosen":"DEFECT","items_purchased":["Static Discharge","Bottled Tornado"],"campfire_rested":4,"item_purchase_floors":[4,21],"current_hp_per_floor":[75,75,74,74,74,43,65,65,65,41,39,61,51,49,71,50,80,79,79,79,79,55,8,32,0],"gold":50,"neow_bonus":"RANDOM_COMMON_RELIC","is_prod":false,"is_daily":false,"chose_seed":false,"campfire_upgraded":0,"win_rate":0,"timestamp":1530559725,"path_taken":["M","?","M","$","M","E","R","?","T","E","?","R","M","E","R","BOSS","M","?","?","$","M","E","R","E"],"build_version":"2018-06-28","purchased_purges":1,"victory":false,"max_hp_per_floor":[75,75,75,75,75,75,75,75,75,75,75,75,75,75,75,75,80,80,80,80,80,80,80,80,80],"card_choices":[{"not_picked":["Leap","Hologram"],"picked":"Go for the Eyes","floor":1},{"not_picked":["Force Field","Streamline"],"picked":"Reinforced Body","floor":3},{"not_picked":["Steam","Hologram"],"picked":"Machine Learning","floor":5},{"not_picked":["Melter","Stack"],"picked":"Capacitor","floor":6},{"not_picked":["Scrape","Rebound"],"picked":"Core Surge","floor":10},{"not_picked":["Barrage","Beam Cell"],"picked":"Redo","floor":11},{"not_picked":["Stack","Coolheaded"],"picked":"Leap","floor":13},{"not_picked":["Doom and Gloom","Fission"],"picked":"Defragment","floor":14},{"not_picked":["Buffer","Meteor Strike"],"picked":"Machine Learning","floor":16},{"not_picked":["Blizzard","Genetic Algorithm"],"picked":"Go for the Eyes","floor":17},{"not_picked":["Hologram","Streamline+1"],"picked":"Hello World","floor":18},{"not_picked":["Recycle","Aggregate"],"picked":"FTL","floor":22},{"not_picked":["Turbo","Rebound+1"],"picked":"Beam Cell+1","floor":23}],"player_experience":191895,"relics_obtained":[{"floor":6,"key":"Mercury Hourglass"},{"floor":9,"key":"Ice Cream"},{"floor":10,"key":"Art of War"},{"floor":14,"key":"Orichalcum"},{"floor":23,"key":"Boot"}],"event_choices":[{"event_name":"Accursed Blacksmith","player_choice":"Forge","floor":2,"damage_taken":0},{"event_name":"Fountain of Cleansing","player_choice":"Removed Curse","floor":8,"damage_taken":0},{"event_name":"Forgotten Altar","player_choice":"Smashed Altar","floor":19,"damage_taken":0},{"event_name":"The Library","player_choice":"Read","floor":20,"damage_taken":0}],"boss_relics":[{"not_picked":["Coffee Dripper","Runic Dome"],"picked":"Tiny House"}],"items_purged_floors":[21],"is_endless":false,"potions_floor_spawned":[5,11,13,14,23],"killed_by":"Slavers","ascension_level":2}