{"gold_per_floor":[118,118,193,193,193,234,101,135,135,159,500,500,523,557,557,653,653,667,692,692,243,243,243,271,196,196,206,234,234,246,246,246,319,319,339,354,399,399,418,435,463,474,550,577,7,41,56,76,76,76,76,76,76,9,42,42],"floor_reached":57,"playtime":3237,"items_purged":["Strike_G","Dagger Spray"],"score":3141,"play_id":"971b43c6-8d5c-42b2-bea0-bd07a85315f0","local_time":"20190210101738","is_ascension_mode":true,"campfire_choices":[{"data":"Bane","floor":12.0,"key":"SMITH"},{"data":"Deadly Poison","floor":15.0,"key":"SMITH"},{"data":"Noxious Fumes","floor":23.0,"key":"SMITH"},{"data":"Corpse Explosion","floor":29.0,"key":"SMITH"},{"data":"Catalyst","floor":32.0,"key":"SMITH"},{"floor":49.0,"key":"RECALL"},{"data":"Backflip","floor":53.0,"key":"SMITH"}],"neow_cost":"NONE","seed_source_timestamp":2610420491881771,"circlet_count":0,"master_deck":["AscendersBane","Defend_G","Defend_G","Defend_G","Defend_G","Defend_G","Strike_G+1","Strike_G+1","Survivor","Neutralize+1","Poisoned Stab","Poisoned Stab","Deadly Poison+1","Bane+1","Adrenaline","Corpse Explosion+1","Noxious Fumes+1","Footwork+1","Dodge and Roll","Noxious Fumes+1","Backflip","Catalyst+1","Acrobatics","Footwork+1","Backflip+1","Dodge and Roll+1","Backflip+1","Backflip+1","Catalyst+1","Footwork+1","PiercingWail+1","Calculated Gamble+1","Leg Sweep+1"],"special_seed":0,"relics":["Ring of the Snake","NeowsBlessing","Bloody Idol","Whetstone","Meat on the Bone","Ninja Scroll","Old Coin","Ice Cream","Sozu","Frozen Egg 2","Omamori","The Courier","Anchor","StoneCalendar","Black Star","Mango","Toxic Egg 2","Dead Branch","Gremlin Horn","Ornamental Fan","FossilizedHelix","Art of War","Pantograph","Ancient Tea Set","Letter Opener","Calipers"],"potions_floor_usage":[],"damage_taken":[{"damage":0.0,"enemies":"Small Slimes","floor":1.0,"turns":1.0},{"damage":0.0,"enemies":"Lagavulin","floor":6.0,"turns":1.0},{"damage":0.0,"enemies":"3 Sentries","floor":8.0,"turns":2.0},{"damage":0.0,"enemies":"Jaw Worm","floor":10.0,"turns":2.0},{"damage":11.0,"enemies":"Gremlin Nob","floor":11.0,"turns":3.0},{"damage":0.0,"enemies":"2 Louse","floor":13.0,"turns":2.0},{"damage":20.0,"enemies":"Lagavulin","floor":14.0,"turns":4.0},{"damage":20.0,"enemies":"Slime Boss","floor":16.0,"turns":9.0},{"damage":6.0,"enemies":"Spheric Guardian","floor":18.0,"turns":3.0},{"damage":1.0,"enemies":"3 Byrds","floor":19.0,"turns":2.0},{"damage":34.0,"enemies":"Book of Stabbing","floor":24.0,"turns":5.0},{"damage":0.0,"enemies":"3 Cultists","floor":27.0,"turns":2.0},{"damage":7.0,"enemies":"Slavers","floor":28.0,"turns":2.0},{"damage":3.0,"enemies":"Chosen and Byrds","floor":30.0,"turns":5.0},{"damage":32.0,"enemies":"Collector","floor":33.0,"turns":7.0},{"damage":0.0,"enemies":"Orb Walker","floor":35.0,"turns":3.0},{"damage":0.0,"enemies":"3 Shapes","floor":36.0,"turns":3.0},{"damage":56.0,"enemies":"2 Orb Walkers","floor":37.0,"turns":6.0},{"damage":2.0,"enemies":"Jaw Worm Horde","floor":39.0,"turns":3.0},{"damage":0.0,"enemies":"Transient","floor":40.0,"turns":6.0},{"damage":33.0,"enemies":"Giant Head","floor":41.0,"turns":7.0},{"damage":0.0,"enemies":"Sphere and 2 Shapes","floor":42.0,"turns":6.0},{"damage":44.0,"enemies":"Reptomancer","floor":44.0,"turns":5.0},{"damage":0.0,"enemies":"Nemesis","floor":46.0,"turns":5.0},{"damage":0.0,"enemies":"Writhing Mass","floor":47.0,"turns":5.0},{"damage":0.0,"enemies":"Jaw Worm Horde","floor":48.0,"turns":2.0},{"damage":57.0,"enemies":"Awakened One","floor":50.0,"turns":12.0},{"damage":0.0,"enemies":"Time Eater","floor":51.0,"turns":12.0},{"damage":60,"enemies":"Shield and Spear","floor":55,"turns":6},{"damage":45,"enemies":"The Heart","floor":56,"turns":12}],"seed_played":"-7331845505245896410","potions_obtained":[{"floor":11.0,"key":"EssenceOfSteel"},{"floor":13.0,"key":"EssenceOfSteel"},{"floor":14.0,"key":"Regen Potion"},{"floor":16.0,"key":"GamblersBrew"}],"is_trial":false,"path_per_floor":["M","?","?","?","?","E","$","E","T","M","E","R","M","E","R","B",null,"M","M","?","$","?","R","E","?","T","M","E","R","M","?","R","B",null,"M","M","?","?","M","M","E","M","T","E","$","E","M","M","R","B","B",null,"R","$","E","B",null],"character_chosen":"THE_SILENT","items_purchased":["Deadly Poison","Frozen Egg 2","Footwork+1","FossilizedHelix","Art of War","Dodge and Roll+1","Backflip+1","Backflip+1","Catalyst+1","Calculated Gamble+1"],"campfire_rested":0,"item_purchase_floors":[7,21,21,45,45,45,45,45,45,54],"current_hp_per_floor":[59,59,48,48,30,30,30,30,30,42,31,31,31,23,23,30,53,47,46,46,46,46,46,29,29,29,46,44,44,46,46,46,31,53,58,60,35,74,74,74,46,51,56,29,29,46,51,56,56,29,54,69,69,69,26,18],"gold":42,"neow_bonus":"THREE_ENEMY_KILL","is_prod":false,"is_daily":false,"chose_seed":false,"campfire_upgraded":6,"win_rate":0,"timestamp":1549790258,"path_taken":["M","?","?","?","?","E","$","E","T","M","E","R","M","E","R","BOSS","M","M","?","$","?","R","E","?","T","?","E","R","M","?","R","BOSS","M","M","?","?","?","M","E","M","T","E","$","E","M","M","R","BOSS","BOSS","R","$","E","BOSS"],"build_version":"2019-02-06","purchased_purges":2,"victory":true,"max_hp_per_floor":[66,66,66,60,60,60,60,60,60,60,60,60,60,60,60,60,60,60,60,60,60,60,60,60,60,60,60,60,60,60,60,60,60,60,60,60,74,74,74,74,74,74,74,74,74,74,74,74,74,74,74,74,74,74,74,74],"card_choices":[{"not_picked":["Deflect","Dagger Spray"],"picked":"Poisoned Stab","floor":1.0},{"not_picked":["Predator","Slice"],"picked":"Poisoned Stab","floor":6.0},{"not_picked":["Dodge and Roll","Deflect"],"picked":"Dagger Spray","floor":8.0},{"not_picked":["Masterful Stab","Outmaneuver"],"picked":"Bane","floor":10.0},{"not_picked":["Deadly Poison","Choke","Backflip"],"picked":"SKIP","floor":11.0},{"not_picked":["Acrobatics","Terror"],"picked":"Adrenaline","floor":13.0},{"not_picked":["Dash","Backflip","Flying Knee"],"picked":"SKIP","floor":14.0},{"not_picked":["Malaise","Night Terror"],"picked":"Corpse Explosion","floor":16.0},{"not_picked":["Cloak And Dagger","Choke","Flying Knee"],"picked":"SKIP","floor":18.0},{"not_picked":["Flying Knee","Distraction+1","Slice"],"picked":"SKIP","floor":19.0},{"not_picked":["Slice","Underhanded Strike"],"picked":"Dodge and Roll","floor":24.0},{"not_picked":["Acrobatics","Calculated Gamble"],"picked":"Noxious Fumes+1","floor":27.0},{"not_picked":["Concentrate","Infinite Blades+1"],"picked":"Backflip","floor":28.0},{"not_picked":["Acrobatics","Blade Dance"],"picked":"Catalyst","floor":30.0},{"not_picked":["Quick Slash+1","Cloak And Dagger"],"picked":"Acrobatics","floor":35.0},{"not_picked":["Endless Agony","Backflip"],"picked":"Footwork+1","floor":36.0},{"not_picked":["Blade Dance","Escape Plan+1"],"picked":"Backflip","floor":40.0},{"not_picked":["Blade Dance","Heel Hook","Riddle With Holes"],"picked":"SKIP","floor":41.0},{"not_picked":["Underhanded Strike","Deadly Poison+1","Endless Agony"],"picked":"SKIP","floor":42.0},{"not_picked":["Storm of Steel+1","Dagger Spray+1","Backstab"],"picked":"SKIP","floor":44.0},{"not_picked":["Caltrops+1","Envenom+1"],"picked":"Footwork+1","floor":46.0},{"not_picked":["Acrobatics+1","Dagger Throw","Underhanded Strike"],"picked":"SKIP","floor":47.0},{"not_picked":["Dagger Spray","Underhanded Strike"],"picked":"PiercingWail+1","floor":48.0},{"not_picked":["Heel Hook","Bouncing Flask+1"],"picked":"Leg Sweep+1","floor":55}],"player_experience":2946456,"relics_obtained":[{"floor":6.0,"key":"Whetstone"},{"floor":8.0,"key":"Meat on the Bone"},{"floor":9.0,"key":"Ninja Scroll"},{"floor":11.0,"key":"Old Coin"},{"floor":14.0,"key":"Ice Cream"},{"floor":24.0,"key":"Omamori"},{"floor":26.0,"key":"The Courier"},{"floor":28.0,"key":"Anchor"},{"floor":37.0,"key":"Mango"},{"floor":41.0,"key":"Toxic Egg 2"},{"floor":41.0,"key":"Dead Branch"},{"floor":44.0,"key":"Gremlin Horn"},{"floor":44.0,"key":"Ornamental Fan"},{"floor":46.0,"key":"Pantograph"},{"floor":46.0,"key":"Ancient Tea Set"},{"floor":55,"key":"Letter Opener"},{"floor":55,"key":"Calipers"}],"event_choices":[{"cards_removed":["Strike_G"],"damage_healed":0.0,"max_hp_gain":0.0,"max_hp_loss":0.0,"gold_gain":0.0,"event_name":"Living Wall","player_choice":"Forget","floor":2.0,"gold_loss":0.0,"damage_taken":0.0},{"damage_healed":0.0,"max_hp_gain":0.0,"max_hp_loss":0.0,"gold_gain":75.0,"event_name":"World of Goop","player_choice":"Gather Gold","floor":3.0,"gold_loss":0.0,"damage_taken":11.0},{"damage_healed":0.0,"max_hp_gain":0.0,"max_hp_loss":6.0,"gold_gain":0.0,"event_name":"Golden Idol","player_choice":"Lose Max HP","floor":4.0,"gold_loss":0.0,"damage_taken":0.0,"relics_obtained":["Golden Idol"]},{"damage_healed":0.0,"max_hp_gain":0.0,"max_hp_loss":0.0,"gold_gain":0.0,"event_name":"Shining Light","player_choice":"Entered Light","floor":5.0,"gold_loss":0.0,"damage_taken":18.0,"cards_upgraded":["Strike_G","Strike_G"]},{"damage_healed":0.0,"max_hp_gain":0.0,"max_hp_loss":0.0,"gold_gain":0.0,"event_name":"The Library","player_choice":"Read","floor":20.0,"gold_loss":0.0,"damage_taken":0.0,"cards_obtained":["Noxious Fumes"]},{"damage_healed":0.0,"max_hp_gain":0.0,"max_hp_loss":0.0,"gold_gain":0.0,"event_name":"Forgotten Altar","player_choice":"Gave Idol","floor":22.0,"relics_lost":["Golden Idol"],"gold_loss":0.0,"damage_taken":0.0,"relics_obtained":["Bloody Idol"]},{"cards_removed":["Strike_G"],"damage_healed":0.0,"max_hp_gain":0.0,"max_hp_loss":0.0,"gold_gain":0.0,"event_name":"Beggar","player_choice":"Gave Gold","floor":25.0,"gold_loss":75.0,"damage_taken":0.0},{"damage_healed":0.0,"max_hp_gain":0.0,"max_hp_loss":0.0,"gold_gain":0.0,"event_name":"The Mausoleum","player_choice":"Opened","floor":31.0,"gold_loss":0.0,"damage_taken":0.0,"relics_obtained":["StoneCalendar"],"cards_obtained":["Writhe"]},{"damage_healed":0.0,"max_hp_gain":0.0,"max_hp_loss":0.0,"gold_gain":0.0,"event_name":"Mysterious Sphere","player_choice":"Fight","floor":37.0,"gold_loss":0.0,"damage_taken":0.0},{"damage_healed":39.0,"max_hp_gain":0.0,"max_hp_loss":0.0,"gold_gain":0.0,"event_name":"Wheel of Change","player_choice":"Full Heal","floor":38.0,"gold_loss":0.0,"damage_taken":0.0}],"is_beta":true,"boss_relics":[{"not_picked":["Busted Crown","Cursed Key"],"picked":"Sozu"},{"not_picked":["WristBlade","Runic Dome"],"picked":"Black Star"}],"items_purged_floors":[7,21],"is_endless":false,"potions_floor_spawned":[11,13,14,16,18,30,33,36,37,40,47,48,55],"ascension_level":20}