{"gold_per_floor":[113,31,50,50,68,68,79,104,104,138,138,88,88,99,99,197,197,215,215,215,215,290,290,309,309,309,309,334,334],"floor_reached":29,"playtime":996,"items_purged":[],"score":229,"play_id":"a8e3fef8-144a-4228-a020-0c9a4ae857af","local_time":"20181006161312","is_ascension_mode":false,"campfire_choices":[{"data":"Neutralize","floor":6.0,"key":"SMITH"},{"data":"Dagger Throw","floor":11.0,"key":"SMITH"},{"data":"Leg Sweep","floor":13.0,"key":"SMITH"},{"data":"Blade Dance","floor":15.0,"key":"SMITH"},{"data":"Envenom","floor":23.0,"key":"SMITH"},{"data":"Tools of the Trade","floor":25.0,"key":"SMITH"},{"floor":27.0,"key":"REST"}],"neow_cost":"","seed_source_timestamp":0,"circlet_count":0,"master_deck":["Defend_G","Defend_G","Defend_G","Defend_G","Strike_G","Strike_G","Strike_G","Survivor","Neutralize+1","Dagger Spray+1","Leg Sweep+1","Flying Knee","Dagger Throw+1","Malaise","Slice","Underhanded Strike","Blade Dance+1","Backflip","Envenom+1","Cloak And Dagger","Cloak And Dagger","Escape Plan","Escape Plan","Infinite Blades","Tools of the Trade+1","Blur+1"],"special_seed":0,"relics":["Ring of the Snake","Orichalcum","Shuriken","Prayer Wheel","Orrery","Bag of Preparation","Blue Candle","Juzu Bracelet","Red Mask"],"potions_floor_usage":[],"damage_taken":[{"damage":0.0,"enemies":"Small Slimes","floor":1.0,"turns":3.0},{"damage":0.0,"enemies":"2 Louse","floor":3.0,"turns":2.0},{"damage":0.0,"enemies":"Cultist","floor":5.0,"turns":4.0},{"damage":0.0,"enemies":"Blue Slaver","floor":7.0,"turns":4.0},{"damage":16.0,"enemies":"Gremlin Nob","floor":8.0,"turns":5.0},{"damage":8.0,"enemies":"3 Sentries","floor":10.0,"turns":8.0},{"damage":1.0,"enemies":"Large Slime","floor":14.0,"turns":5.0},{"damage":10.0,"enemies":"The Guardian","floor":16.0,"turns":13.0},{"damage":18.0,"enemies":"Spheric Guardian","floor":18.0,"turns":6.0},{"damage":28.0,"enemies":"2 Thieves","floor":24.0,"turns":5.0},{"damage":21.0,"enemies":"Masked Bandits","floor":28.0,"turns":6.0},{"damage":0,"enemies":"Cultist and Chosen","floor":29,"turns":1}],"seed_played":"5246221526251969593","potions_obtained":[{"floor":1.0,"key":"Dexterity Potion"},{"floor":3.0,"key":"EssenceOfSteel"},{"floor":8.0,"key":"GamblersBrew"},{"floor":28.0,"key":"GamblersBrew"}],"is_trial":false,"path_per_floor":["M","$","M","?","M","R","M","E","T","E","R","?","R","M","R","B",null,"M","$","?","?","T","R","M","R","T","R","?"],"character_chosen":"THE_SILENT","items_purchased":["Leg Sweep"],"campfire_rested":1,"item_purchase_floors":[2],"current_hp_per_floor":[70,70,70,70,70,70,70,54,54,46,46,46,46,45,45,35,70,52,52,52,52,52,52,24,24,24,45,24,24],"gold":334,"neow_bonus":"","is_prod":false,"is_daily":false,"chose_seed":false,"campfire_upgraded":6,"win_rate":0,"timestamp":1538838792,"path_taken":["M","$","M","?","M","R","?","E","T","E","R","?","R","M","R","BOSS","M","$","?","?","?","R","M","R","T","R","?","M"],"build_version":"2018-10-04v2","purchased_purges":0,"victory":false,"max_hp_per_floor":[70,70,70,70,70,70,70,70,70,70,70,70,70,70,70,70,70,70,70,70,70,70,70,70,70,70,70,70,70],"card_choices":[{"not_picked":["Acrobatics","Footwork"],"picked":"Dagger Spray","floor":1.0},{"not_picked":["Poisoned Stab","Dagger Throw"],"picked":"Flying Knee","floor":3.0},{"not_picked":["Underhanded Strike","Escape Plan"],"picked":"Dagger Throw","floor":5.0},{"not_picked":["Cloak And Dagger","Caltrops"],"picked":"Malaise","floor":7.0},{"not_picked":["Finisher","Escape Plan"],"picked":"Slice","floor":8.0},{"not_picked":["Prepared","PiercingWail"],"picked":"Underhanded Strike","floor":10.0},{"not_picked":["Blur","Catalyst"],"picked":"Blade Dance","floor":14.0},{"not_picked":["Acrobatics","Eviscerate"],"picked":"Backflip","floor":14.0},{"not_picked":["Die Die Die","Corpse Explosion"],"picked":"Envenom","floor":16.0},{"not_picked":["Bouncing Flask","Sucker Punch"],"picked":"Cloak And Dagger","floor":17.0},{"not_picked":["Heel Hook","Slice"],"picked":"Cloak And Dagger","floor":17.0},{"not_picked":["Dagger Spray","Outmaneuver"],"picked":"Escape Plan","floor":17.0},{"not_picked":["Distraction","Cloak And Dagger"],"picked":"Escape Plan","floor":17.0},{"not_picked":["Sucker Punch","Endless Agony","Bane"],"picked":"SKIP","floor":18.0},{"not_picked":["Outmaneuver","Underhanded Strike+1","Reflex"],"picked":"SKIP","floor":18.0},{"not_picked":["Riddle With Holes","Skewer"],"picked":"Blur+1","floor":24.0},{"not_picked":["Choke","Acrobatics","Sucker Punch"],"picked":"SKIP","floor":24.0}],"player_experience":675426,"relics_obtained":[{"floor":8.0,"key":"Orichalcum"},{"floor":9.0,"key":"Shuriken"},{"floor":10.0,"key":"Prayer Wheel"},{"floor":22.0,"key":"Blue Candle"},{"floor":26.0,"key":"Juzu Bracelet"},{"floor":28.0,"key":"Red Mask"}],"event_choices":[{"event_name":"Living Wall","player_choice":"Grow","floor":4.0,"damage_taken":0.0},{"event_name":"The Cleric","player_choice":"Card Removal","floor":12.0,"damage_taken":0.0},{"event_name":"Drug Dealer","player_choice":"Became Test Subject","floor":20.0,"damage_taken":0.0},{"event_name":"WeMeetAgain","player_choice":"Potion","floor":21.0,"damage_taken":0.0},{"event_name":"Masked Bandits","player_choice":"Fought Bandits","floor":28.0,"damage_taken":0.0}],"is_beta":false,"boss_relics":[{"not_picked":["Busted Crown","Pandora\u0027s Box"],"picked":"Orrery"}],"items_purged_floors":[],"is_endless":false,"potions_floor_spawned":[1,3,8,10,28],"killed_by":"Cultist and Chosen","ascension_level":0}