{"gold_per_floor":[117,117,117,136,148,182,193,268,268,268,268,298,36,61,61,162,162,176,166,81,81,92,122,122,135,161,192,204,234,234,245,245,340,340,352,352,369,379,425,425,450,450],"floor_reached":42,"playtime":2694,"items_purged":[],"score":708,"play_id":"9eb280c7-bd19-44bb-8e06-5de8001a8fe6","local_time":"20190122232209","is_ascension_mode":true,"campfire_choices":[{"floor":10,"key":"REST"},{"data":"Cloak And Dagger","floor":15,"key":"SMITH"},{"floor":24,"key":"REST"},{"floor":32,"key":"REST"},{"floor":40,"key":"DIG"}],"neow_cost":"NONE","seed_source_timestamp":3900875413500,"circlet_count":0,"master_deck":["Defend_G","Defend_G","Defend_G","Defend_G","Defend_G","Strike_G","Strike_G","Strike_G","Strike_G+1","Strike_G","Survivor","Neutralize+1","Acrobatics","Bandage Up","Poisoned Stab","Infinite Blades","Cloak And Dagger+1","Venomology","Dash","Malaise","Backflip","Footwork","Accuracy","Noxious Fumes","Infinite Blades","Infinite Blades+1","Envenom","Bouncing Flask+1","Deflect+1","Cloak And Dagger+1","Backflip+1","Caltrops","Crippling Poison+1"],"relics":["Ring of the Snake","Boot","Oddly Smooth Stone","StoneCalendar","Sundial","PreservedInsect","Ornamental Fan","Kunai","Ninja Scroll","Black Star","Orichalcum","Whetstone","Regal Pillow","Mummified Hand","Art of War","Pen Nib","Ginger","MutagenicStrength","Orrery","Shovel","Centennial Puzzle","Tingsha","Pear"],"potions_floor_usage":[6,14,14,16,18,18,22,22,23,27,28,29,31,38,39,41,41],"damage_taken":[{"damage":0,"enemies":"Small Slimes","floor":1,"turns":3},{"damage":4,"enemies":"Cultist","floor":4,"turns":5},{"damage":10,"enemies":"Jaw Worm","floor":5,"turns":6},{"damage":33,"enemies":"3 Sentries","floor":6,"turns":8},{"damage":0,"enemies":"3 Louse","floor":7,"turns":4},{"damage":17,"enemies":"Lagavulin","floor":12,"turns":6},{"damage":5,"enemies":"Gremlin Nob","floor":14,"turns":4},{"damage":7,"enemies":"The Guardian","floor":16,"turns":11},{"damage":3,"enemies":"Chosen","floor":18,"turns":6},{"damage":8,"enemies":"2 Thieves","floor":19,"turns":4},{"damage":31,"enemies":"Shelled Parasite and Fungi","floor":22,"turns":7},{"damage":24,"enemies":"Gremlin Leader","floor":23,"turns":9},{"damage":22,"enemies":"Snake Plant","floor":25,"turns":5},{"damage":9,"enemies":"Slavers","floor":27,"turns":7},{"damage":7,"enemies":"Centurion and Healer","floor":28,"turns":7},{"damage":4,"enemies":"Book of Stabbing","floor":29,"turns":5},{"damage":6,"enemies":"Shelled Parasite and Fungi","floor":31,"turns":5},{"damage":30,"enemies":"Champ","floor":33,"turns":10},{"damage":14,"enemies":"3 Shapes","floor":35,"turns":4},{"damage":0,"enemies":"Orb Walker","floor":37,"turns":3},{"damage":7,"enemies":"3 Darklings","floor":38,"turns":6},{"damage":25,"enemies":"2 Orb Walkers","floor":39,"turns":6},{"damage":31,"enemies":"Reptomancer","floor":41,"turns":4},{"damage":21,"enemies":"Transient","floor":42,"turns":4}],"seed_played":"-7799775615317686283","potions_obtained":[{"floor":1,"key":"EssenceOfSteel"},{"floor":5,"key":"PowerPotion"},{"floor":7,"key":"Dexterity Potion"},{"floor":12,"key":"Dexterity Potion"},{"floor":16,"key":"FearPotion"},{"floor":19,"key":"Strength Potion"},{"floor":25,"key":"LiquidBronze"},{"floor":31,"key":"Strength Potion"},{"floor":37,"key":"Block Potion"},{"floor":38,"key":"GamblersBrew"}],"is_trial":false,"path_per_floor":["M","?","?","M","M","E","M","?","T","R","?","E","$","E","R","B",null,"M","M","?","?","M","E","R","M","T","E","M","E","?","M","R","B",null,"M","?","M","M","?","R","E","M"],"character_chosen":"THE_SILENT","items_purchased":["Kunai"],"campfire_rested":3,"item_purchase_floors":[13],"current_hp_per_floor":[63,63,63,63,57,28,32,21,21,42,42,29,29,28,28,25,59,60,56,56,56,29,9,45,27,27,22,19,19,19,17,53,27,59,49,49,53,50,29,29,17,0],"gold":450,"neow_bonus":"RANDOM_COMMON_RELIC","is_prod":false,"is_daily":false,"chose_seed":false,"campfire_upgraded":1,"win_rate":0,"timestamp":1548228129,"path_taken":["M","?","?","?","M","E","M","?","T","R","?","E","$","E","R","BOSS","M","?","?","?","?","E","R","M","T","E","M","E","?","M","R","BOSS","M","?","M","?","?","R","E","M"],"build_version":"2019-01-17v2","purchased_purges":0,"victory":false,"max_hp_per_floor":[70,70,70,70,70,70,70,70,70,70,70,70,70,70,70,70,70,70,70,70,70,70,70,70,70,70,70,70,70,70,70,70,70,70,70,70,70,70,70,70,80,80],"card_choices":[{"not_picked":["All Out Attack","Endless Agony"],"picked":"Acrobatics","floor":1},{"not_picked":["Dagger Spray","Flying Knee"],"picked":"Poisoned Stab","floor":4},{"not_picked":["Deflect","Underhanded Strike","Slice"],"picked":"SKIP","floor":5},{"not_picked":["Deflect","Deadly Poison"],"picked":"Infinite Blades","floor":6},{"not_picked":["Poisoned Stab","Prepared"],"picked":"Cloak And Dagger","floor":7},{"not_picked":["Deflect","Backflip"],"picked":"Venomology","floor":12},{"not_picked":["PiercingWail","Well Laid Plans"],"picked":"Dash","floor":14},{"not_picked":["Night Terror","Unload"],"picked":"Malaise","floor":16},{"not_picked":["Prepared+1","PiercingWail"],"picked":"Backflip","floor":18},{"not_picked":["Deflect","Flechettes"],"picked":"Footwork","floor":19},{"not_picked":["Deadly Poison+1","Flying Knee"],"picked":"Accuracy","floor":22},{"not_picked":["Deflect","Predator"],"picked":"Noxious Fumes","floor":23},{"not_picked":["Acrobatics+1","Prepared+1","Sucker Punch"],"picked":"SKIP","floor":25},{"not_picked":["Deadly Poison","Flying Knee+1","Tactician"],"picked":"SKIP","floor":27},{"not_picked":["Deflect+1","Distraction"],"picked":"Infinite Blades","floor":28},{"not_picked":["Poisoned Stab","Deflect"],"picked":"Infinite Blades+1","floor":29},{"not_picked":["Dodge and Roll","Quick Slash","Deadly Poison"],"picked":"SKIP","floor":31},{"not_picked":["Grand Finale","Tools of the Trade"],"picked":"Envenom","floor":33},{"not_picked":["Backflip","Underhanded Strike+1"],"picked":"Bouncing Flask+1","floor":34},{"not_picked":["Flying Knee+1","Outmaneuver"],"picked":"Deflect+1","floor":34},{"not_picked":["Setup+1","Deflect+1"],"picked":"Cloak And Dagger+1","floor":35},{"not_picked":["Blur","Underhanded Strike"],"picked":"Backflip+1","floor":37},{"not_picked":["Cloak And Dagger","Backflip"],"picked":"Caltrops","floor":38},{"not_picked":["Phantasmal Killer","Dagger Spray"],"picked":"Crippling Poison+1","floor":41}],"player_experience":1160283,"relics_obtained":[{"floor":6,"key":"StoneCalendar"},{"floor":9,"key":"Sundial"},{"floor":12,"key":"Ornamental Fan"},{"floor":14,"key":"Ninja Scroll"},{"floor":23,"key":"Whetstone"},{"floor":23,"key":"Regal Pillow"},{"floor":27,"key":"Mummified Hand"},{"floor":27,"key":"Art of War"},{"floor":29,"key":"Pen Nib"},{"floor":29,"key":"Ginger"},{"floor":39,"key":"Shovel"},{"floor":40,"key":"Centennial Puzzle"},{"floor":41,"key":"Tingsha"},{"floor":41,"key":"Pear"}],"event_choices":[{"damage_healed":0,"gold_gain":0,"player_choice":"Box","damage_taken":0,"relics_obtained":["Oddly Smooth Stone"],"max_hp_gain":0,"max_hp_loss":0,"event_name":"Big Fish","floor":2,"gold_loss":0,"cards_obtained":["Regret"]},{"damage_healed":0,"gold_gain":0,"player_choice":"1 cards matched","damage_taken":0,"max_hp_gain":0,"max_hp_loss":0,"event_name":"Match and Keep!","floor":3,"gold_loss":0,"cards_obtained":["Bandage Up"]},{"damage_healed":0,"gold_gain":75,"player_choice":"Gather Gold","damage_taken":11,"max_hp_gain":0,"max_hp_loss":0,"event_name":"World of Goop","floor":8,"gold_loss":0},{"damage_healed":0,"gold_gain":0,"player_choice":"Gave Potion","damage_taken":0,"relics_obtained":["PreservedInsect"],"max_hp_gain":0,"max_hp_loss":0,"event_name":"WeMeetAgain","floor":11,"gold_loss":0},{"damage_healed":0,"gold_gain":0,"player_choice":"Obtained Relic","damage_taken":0,"relics_obtained":["Orichalcum"],"max_hp_gain":0,"max_hp_loss":0,"event_name":"Addict","floor":20,"gold_loss":85},{"damage_healed":0,"gold_gain":0,"player_choice":"Bought 0 Potions","damage_taken":0,"max_hp_gain":0,"max_hp_loss":0,"event_name":"The Woman in Blue","floor":21,"gold_loss":0},{"damage_healed":0,"gold_gain":0,"player_choice":"Inject Mutagens","damage_taken":0,"relics_obtained":["MutagenicStrength"],"max_hp_gain":0,"max_hp_loss":0,"event_name":"Drug Dealer","floor":30,"gold_loss":0},{"cards_removed":["Regret"],"damage_healed":0,"gold_gain":0,"player_choice":"Removed Curses","damage_taken":0,"max_hp_gain":0,"max_hp_loss":0,"event_name":"Fountain of Cleansing","floor":36,"gold_loss":0},{"damage_healed":0,"gold_gain":0,"player_choice":"Fight","damage_taken":0,"max_hp_gain":0,"max_hp_loss":0,"event_name":"Mysterious Sphere","floor":39,"gold_loss":0}],"is_beta":false,"boss_relics":[{"not_picked":["White Beast Statue","Busted Crown"],"picked":"Black Star"},{"not_picked":["Cursed Key","Tiny House"],"picked":"Orrery"}],"items_purged_floors":[],"is_endless":false,"potions_floor_spawned":[1,5,7,12,16,19,25,31,33,37,38],"killed_by":"Transient","ascension_level":8}