{"gold_per_floor":[114,125,125,145,145,145,158,170,170,170,170,183,183,197,197,302,302,321,82,82,7,7,7,7,21,21,32,51,51,51,79,79,181,511,528,360,380,390,390,390],"floor_reached":40,"playtime":1198,"items_purged":["Normality"],"score":398,"play_id":"6d3444b8-195c-4b89-9531-2c887b42c1f4","local_time":"20181118221317","is_ascension_mode":false,"campfire_choices":[{"data":"Dualcast","floor":6.0,"key":"SMITH"},{"data":"Zap","floor":11.0,"key":"SMITH"},{"data":"Go for the Eyes","floor":13.0,"key":"SMITH"},{"data":"Defend_B","floor":15.0,"key":"PURGE"},{"data":"Rainbow","floor":23.0,"key":"SMITH"},{"data":"Defragment","floor":29.0,"key":"SMITH"},{"data":"Capacitor","floor":32.0,"key":"SMITH"}],"neow_cost":"PERCENT_DAMAGE","seed_source_timestamp":91755524333385,"circlet_count":0,"master_deck":["Strike_B+1","Strike_B","Strike_B","Defend_B+1","Defend_B","Defend_B","Zap+1","Dualcast+1","Conserve Battery+1","Conserve Battery+1","Ball Lightning","Self Repair","Go for the Eyes+1","Glacier","Rainbow+1","Capacitor+1","Sunder","Defragment+1","Defragment+1","Injury","Injury","Defragment+1","Echo Form","Force Field+1"],"special_seed":0,"relics":["Cracked Core","Peace Pipe","The Courier","Sozu","Ice Cream","Pantograph","War Paint","Calling Bell","Tiny Chest","Cables","Old Coin"],"potions_floor_usage":[],"damage_taken":[{"damage":1.0,"enemies":"Cultist","floor":1.0,"turns":4.0},{"damage":3.0,"enemies":"Small Slimes","floor":2.0,"turns":3.0},{"damage":0.0,"enemies":"2 Louse","floor":4.0,"turns":3.0},{"damage":7.0,"enemies":"Blue Slaver","floor":7.0,"turns":3.0},{"damage":3.0,"enemies":"3 Louse","floor":8.0,"turns":4.0},{"damage":0.0,"enemies":"Large Slime","floor":12.0,"turns":5.0},{"damage":1.0,"enemies":"Blue Slaver","floor":14.0,"turns":3.0},{"damage":6.0,"enemies":"The Guardian","floor":16.0,"turns":13.0},{"damage":5.0,"enemies":"3 Byrds","floor":18.0,"turns":5.0},{"damage":10.0,"enemies":"Chosen","floor":25.0,"turns":4.0},{"damage":0.0,"enemies":"Centurion and Healer","floor":27.0,"turns":7.0},{"damage":0.0,"enemies":"Snecko","floor":28.0,"turns":6.0},{"damage":22.0,"enemies":"Slavers","floor":31.0,"turns":6.0},{"damage":9.0,"enemies":"Automaton","floor":33.0,"turns":11.0},{"damage":13,"enemies":"3 Shapes","floor":35,"turns":5},{"damage":45,"enemies":"3 Darklings","floor":37,"turns":6},{"damage":19,"enemies":"Transient","floor":38,"turns":5},{"damage":5,"enemies":"Reptomancer","floor":40,"turns":2}],"seed_played":"7557476827880017372","potions_obtained":[{"floor":8.0,"key":"SteroidPotion"},{"floor":12.0,"key":"GamblersBrew"},{"floor":16.0,"key":"FocusPotion"}],"is_trial":false,"path_per_floor":["M","M","$","M","$","R","M","M","T","?","R","M","R","M","R","B",null,"M","$","?","?","?","R","$","M","T","M","M","R","$","E","R","B",null,"M","$","M","M","?","E"],"character_chosen":"DEFECT","items_purchased":["Ice Cream","Echo Form"],"campfire_rested":0,"item_purchase_floors":[19,36],"current_hp_per_floor":[53,50,50,50,50,50,43,47,47,32,32,39,39,45,45,46,75,75,75,75,75,61,61,61,58,58,65,72,72,72,57,57,78,80,67,67,29,17,17,12],"gold":390,"neow_bonus":"ONE_RARE_RELIC","is_prod":false,"is_daily":false,"chose_seed":false,"campfire_upgraded":6,"win_rate":0,"timestamp":1542579197,"path_taken":["M","M","$","M","$","R","M","M","T","?","R","M","R","M","R","BOSS","M","$","?","?","?","R","$","M","T","M","M","R","?","E","R","BOSS","M","$","M","M","?","E"],"build_version":"2018-11-15","purchased_purges":1,"victory":false,"max_hp_per_floor":[75,75,75,75,75,75,75,75,75,75,75,75,75,75,75,75,75,75,75,75,75,80,80,80,80,80,80,80,80,80,80,80,80,80,80,80,80,80,80,80],"card_choices":[{"not_picked":["Gash","Ball Lightning"],"picked":"Conserve Battery","floor":1.0},{"not_picked":["Gash","FTL"],"picked":"Conserve Battery","floor":2.0},{"not_picked":["Streamline","Steam"],"picked":"Ball Lightning","floor":4.0},{"not_picked":["Storm","Gash"],"picked":"Self Repair","floor":7.0},{"not_picked":["Darkness","Heatsinks"],"picked":"Go for the Eyes","floor":8.0},{"not_picked":["Hologram","Reprogram"],"picked":"Glacier","floor":12.0},{"not_picked":["Steam","Sweeping Beam","Multi-Cast"],"picked":"SKIP","floor":14.0},{"not_picked":["Meteor Strike","Machine Learning"],"picked":"Rainbow","floor":16.0},{"not_picked":["Darkness","Steam"],"picked":"Capacitor","floor":18.0},{"not_picked":["Stack","Coolheaded"],"picked":"Defragment+1","floor":25.0},{"not_picked":["Doom and Gloom","Hologram+1","Reinforced Body"],"picked":"SKIP","floor":27.0},{"not_picked":["Compile Driver","Steam"],"picked":"Defragment","floor":28.0},{"not_picked":["Storm+1","Steam Power","Heatsinks"],"picked":"SKIP","floor":31.0},{"not_picked":["Steam","Sweeping Beam+1"],"picked":"Defragment+1","floor":35},{"not_picked":["Melter","Stack","Hello World+1"],"picked":"SKIP","floor":37},{"not_picked":["Coolheaded","Turbo"],"picked":"Force Field+1","floor":38}],"player_experience":802075,"relics_obtained":[{"floor":9.0,"key":"The Courier"},{"floor":26.0,"key":"Pantograph"},{"floor":31.0,"key":"War Paint"},{"floor":34,"key":"Tiny Chest"},{"floor":34,"key":"Cables"},{"floor":34,"key":"Old Coin"}],"event_choices":[{"damage_healed":0.0,"max_hp_gain":0.0,"max_hp_loss":0.0,"gold_gain":0.0,"event_name":"Shining Light","player_choice":"Entered Light","floor":10.0,"gold_loss":0.0,"damage_taken":15.0,"cards_upgraded":["Defend_B","Strike_B"]},{"damage_healed":0.0,"max_hp_gain":0.0,"max_hp_loss":0.0,"gold_gain":0.0,"event_name":"The Library","player_choice":"Read","floor":20.0,"gold_loss":0.0,"damage_taken":0.0,"cards_obtained":["Sunder"]},{"cards_removed":["Strike_B"],"damage_healed":0.0,"max_hp_gain":0.0,"max_hp_loss":0.0,"gold_gain":0.0,"event_name":"Beggar","player_choice":"Gave Gold","floor":21.0,"gold_loss":75.0,"damage_taken":0.0},{"damage_healed":0.0,"max_hp_gain":5.0,"max_hp_loss":0.0,"gold_gain":0.0,"event_name":"Forgotten Altar","player_choice":"Shed Blood","floor":22.0,"gold_loss":0.0,"damage_taken":19.0},{"damage_healed":0,"gold_gain":0,"player_choice":"Memory 1","damage_taken":0,"max_hp_gain":0,"max_hp_loss":0,"event_name":"SensoryStone","floor":39,"gold_loss":0}],"is_beta":false,"boss_relics":[{"not_picked":["Inserter","FrozenCore"],"picked":"Sozu"},{"not_picked":["Orrery","Runic Dome"],"picked":"Calling Bell"}],"items_purged_floors":[36],"is_endless":false,"potions_floor_spawned":[8,12,16,25,27,33,35],"killed_by":"Reptomancer","ascension_level":0}