{"gold_per_floor":[110,110,128,139,157,157,192,212,212,223,223,223,223,242,242,346,346,366,137,154,154,154,182,182,201,201,201,49,49,81,99,99,201,201,220,220,65,65,45,45,45,45,99,119,119,130,130,147,147,147],"floor_reached":51,"playtime":1504,"items_purged":["Defend_B"],"score":860,"play_id":"cc8a092a-4124-43a2-b864-b5887b1af011","local_time":"20181201212213","is_ascension_mode":false,"campfire_choices":[{"data":"Dualcast","floor":6.0,"key":"SMITH"},{"data":"Zap","floor":13.0,"key":"SMITH"},{"data":"Ball Lightning","floor":15.0,"key":"SMITH"},{"data":"Defragment","floor":24,"key":"SMITH"},{"data":"Seek","floor":27,"key":"SMITH"},{"data":"Auto Shields","floor":29,"key":"SMITH"},{"data":"Conserve Battery","floor":32,"key":"SMITH"},{"data":"Electrodynamics","floor":40,"key":"SMITH"},{"data":"Capacitor","floor":41,"key":"SMITH"},{"data":"Coolheaded","floor":42,"key":"SMITH"},{"data":"BootSequence","floor":45,"key":"SMITH"},{"floor":47,"key":"REST"},{"floor":49,"key":"RECALL"}],"neow_cost":"NONE","seed_source_timestamp":252055478762983,"circlet_count":0,"master_deck":["Strike_B+1","Strike_B+1","Defend_B+1","Defend_B+1","Zap+1","Dualcast+1","Coolheaded+1","Auto Shields+1","Ball Lightning+1","Seek+1","Conserve Battery+1","Cold Snap+1","BootSequence+1","Defragment+1","Electrodynamics+1","Capacitor+1","Tempest+1","Leap+1","Sunder+1"],"special_seed":0,"relics":["Cracked Core","Mercury Hourglass","Sundial","Empty Cage","Membership Card","Vajra","Pantograph","Calipers","Unceasing Top","Nuclear Battery","Blood Vial","WingedGreaves","Blue Candle","Tiny Chest"],"potions_floor_usage":[23,46,50,50,50],"damage_taken":[{"damage":0.0,"enemies":"Jaw Worm","floor":1.0,"turns":3.0},{"damage":0.0,"enemies":"Cultist","floor":3.0,"turns":3.0},{"damage":0.0,"enemies":"Small Slimes","floor":4.0,"turns":2.0},{"damage":2.0,"enemies":"Blue Slaver","floor":5.0,"turns":4.0},{"damage":14.0,"enemies":"Lagavulin","floor":7.0,"turns":11.0},{"damage":8.0,"enemies":"3 Louse","floor":8.0,"turns":2.0},{"damage":3.0,"enemies":"Red Slaver","floor":10.0,"turns":3.0},{"damage":0.0,"enemies":"Blue Slaver","floor":14.0,"turns":2.0},{"damage":26,"enemies":"Hexaghost","floor":16,"turns":9},{"damage":0,"enemies":"Chosen","floor":18,"turns":4},{"damage":6,"enemies":"2 Thieves","floor":20,"turns":4},{"damage":24,"enemies":"Slavers","floor":23,"turns":7},{"damage":0,"enemies":"Snecko","floor":25,"turns":5},{"damage":0,"enemies":"Book of Stabbing","floor":30,"turns":6},{"damage":0,"enemies":"Centurion and Healer","floor":31,"turns":6},{"damage":0,"enemies":"Champ","floor":33,"turns":15},{"damage":0,"enemies":"3 Shapes","floor":35,"turns":4},{"damage":0,"enemies":"Orb Walker","floor":44,"turns":3},{"damage":11,"enemies":"Spire Growth","floor":46,"turns":4},{"damage":0,"enemies":"3 Darklings","floor":48,"turns":2},{"damage":22,"enemies":"Awakened One","floor":50,"turns":19}],"seed_played":"5329988384931002454","potions_obtained":[{"floor":3.0,"key":"LiquidBronze"},{"floor":5.0,"key":"Regen Potion"},{"floor":8.0,"key":"FearPotion"},{"floor":18,"key":"Block Potion"},{"floor":25,"key":"Block Potion"},{"floor":33,"key":"PowerPotion"},{"floor":46,"key":"AttackPotion"},{"floor":48,"key":"Regen Potion"}],"is_trial":false,"path_per_floor":["M","$","M","M","M","R","E","M","T","M","?","$","R","M","R","B",null,"M","$","M","?","?","E","R","M","T","R","$","R","E","M","R","B",null,"M","?","$","T","$","R","R","R","T","M","R","M","R","M","R","B",null],"character_chosen":"DEFECT","items_purchased":["Membership Card","Calipers","WingedGreaves","Capacitor"],"campfire_rested":1,"item_purchase_floors":[19,28,37,39],"current_hp_per_floor":[82,82,82,82,80,80,66,58,58,55,55,55,55,55,55,29,82,82,82,76,76,76,52,52,52,52,52,52,52,52,52,52,77,82,82,82,82,82,82,82,82,82,82,82,82,71,82,82,82,71],"gold":147,"neow_bonus":"TEN_PERCENT_HP_BONUS","is_prod":false,"is_daily":false,"chose_seed":false,"campfire_upgraded":11,"win_rate":0,"timestamp":1543699333,"path_taken":["M","$","M","M","M","R","E","M","T","M","?","$","R","?","R","BOSS","M","$","?","?","?","E","R","M","T","R","$","R","E","M","R","BOSS","M","?","$","?","$","R","R","R","T","M","R","M","R","M","R","BOSS"],"build_version":"2018-11-15","purchased_purges":1,"victory":true,"max_hp_per_floor":[82,82,82,82,82,82,82,82,82,82,82,82,82,82,82,82,82,82,82,82,82,82,82,82,82,82,82,82,82,82,82,82,82,82,82,82,82,82,82,82,82,82,82,82,82,82,82,82,82,82],"card_choices":[{"not_picked":["Sweeping Beam","Rebound","Redo"],"picked":"SKIP","floor":1.0},{"not_picked":["Steam Power","Rebound","Leap"],"picked":"SKIP","floor":3.0},{"not_picked":["Gash","Recycle"],"picked":"Coolheaded","floor":4.0},{"not_picked":["Lockon","Doom and Gloom"],"picked":"Auto Shields","floor":5.0},{"not_picked":["Leap","Multi-Cast","Reboot"],"picked":"SKIP","floor":7.0},{"not_picked":["Redo","Beam Cell","Darkness"],"picked":"SKIP","floor":8.0},{"not_picked":["Scrape","Stack","White Noise"],"picked":"SKIP","floor":10.0},{"not_picked":["Coolheaded","Chaos"],"picked":"Ball Lightning","floor":14.0},{"not_picked":["Core Surge","All For One"],"picked":"Seek","floor":16},{"not_picked":["Reprogram","Auto Shields"],"picked":"Conserve Battery","floor":18},{"not_picked":["Consume+1","Rip and Tear"],"picked":"Cold Snap+1","floor":20},{"not_picked":["Recycle","Turbo"],"picked":"Defragment","floor":23},{"not_picked":["Rip and Tear","Streamline","Stack"],"picked":"SKIP","floor":25},{"not_picked":["Tempest","Turbo","Gash"],"picked":"SKIP","floor":30},{"not_picked":["Reinforced Body","Sweeping Beam","Beam Cell"],"picked":"SKIP","floor":31},{"not_picked":["Echo Form","Reboot"],"picked":"Electrodynamics","floor":33},{"not_picked":["Streamline+1","Gash","Hologram+1"],"picked":"SKIP","floor":35},{"not_picked":["Compile Driver+1","Leap"],"picked":"Tempest+1","floor":44},{"not_picked":["Redo","Melter+1"],"picked":"Leap+1","floor":46},{"not_picked":["Aggregate+1","Storm+1"],"picked":"Sunder+1","floor":48}],"player_experience":841470,"relics_obtained":[{"floor":7.0,"key":"Mercury Hourglass"},{"floor":9.0,"key":"Sundial"},{"floor":23,"key":"Vajra"},{"floor":26,"key":"Pantograph"},{"floor":30,"key":"Unceasing Top"},{"floor":38,"key":"Blue Candle"},{"floor":43,"key":"Tiny Chest"}],"event_choices":[{"cards_removed":["Defend_B"],"damage_healed":0.0,"max_hp_gain":0.0,"max_hp_loss":0.0,"gold_gain":0.0,"event_name":"Purifier","player_choice":"Purged","floor":11.0,"gold_loss":0.0,"damage_taken":0.0},{"damage_healed":0,"gold_gain":0,"player_choice":"Simplicity","damage_taken":0,"max_hp_gain":0,"max_hp_loss":0,"event_name":"Back to Basics","floor":21,"gold_loss":0,"cards_upgraded":["Strike_B","Strike_B","Defend_B","Defend_B"]},{"damage_healed":0,"gold_gain":0,"player_choice":"Read","damage_taken":0,"max_hp_gain":0,"max_hp_loss":0,"event_name":"The Library","floor":22,"gold_loss":0,"cards_obtained":["BootSequence"]},{"damage_healed":0,"gold_gain":0,"player_choice":"Gave Potion","damage_taken":0,"relics_obtained":["Blood Vial"],"max_hp_gain":0,"max_hp_loss":0,"event_name":"WeMeetAgain","floor":36,"gold_loss":0}],"is_beta":false,"boss_relics":[{"not_picked":["Velvet Choker","Busted Crown"],"picked":"Empty Cage"},{"not_picked":["Runic Dome","Snecko Eye"],"picked":"Nuclear Battery"}],"items_purged_floors":[19],"is_endless":false,"potions_floor_spawned":[3,5,8,18,25,33,46,48],"ascension_level":0}