{"gold_per_floor":[114,18,31,41,41,66,66,101,178,191,215,215,215,225,225,225],"floor_reached":16,"playtime":557,"items_purged":[],"score":116,"play_id":"0e13d64e-bad5-4a6d-b0fc-30a01c7e06dc","local_time":"20181214095221","is_ascension_mode":true,"campfire_choices":[{"data":"Zap","floor":7,"key":"SMITH"},{"floor":13,"key":"REST"},{"data":"Streamline","floor":15,"key":"SMITH"}],"neow_cost":"TEN_PERCENT_HP_LOSS","seed_source_timestamp":81684785580424,"circlet_count":0,"master_deck":["Strike_B","Strike_B","Strike_B","Strike_B","Defend_B","Defend_B","Defend_B","Defend_B","Zap+1","Dualcast","Dark Shackles","Deep Breath","Steam Power","Defragment+1","Beam Cell","Sweeping Beam","Force Field","Go for the Eyes","All For One","Self Repair","Streamline+1"],"relics":["Cracked Core","Bird Faced Urn","Bag of Preparation","Mango","Pantograph","Ancient Tea Set"],"potions_floor_usage":[16,16],"damage_taken":[{"damage":0,"enemies":"2 Louse","floor":1,"turns":2},{"damage":0,"enemies":"Jaw Worm","floor":3,"turns":2},{"damage":0,"enemies":"Small Slimes","floor":4,"turns":3},{"damage":29,"enemies":"Gremlin Nob","floor":6,"turns":4},{"damage":22,"enemies":"3 Sentries","floor":8,"turns":6},{"damage":14,"enemies":"Exordium Thugs","floor":10,"turns":4},{"damage":2,"enemies":"2 Fungi Beasts","floor":14,"turns":2},{"damage":73,"enemies":"Slime Boss","floor":16,"turns":10}],"seed_played":"5318570704768874808","potions_obtained":[{"floor":4,"key":"Poison Potion"},{"floor":10,"key":"FocusPotion"}],"is_trial":false,"path_per_floor":["M","$","M","M","?","E","R","E","T","M","T","?","R","M","R","B"],"character_chosen":"DEFECT","items_purchased":["Defragment","Beam Cell"],"campfire_rested":1,"item_purchase_floors":[2,2],"current_hp_per_floor":[68,68,68,68,65,38,38,32,32,20,20,20,44,42,42,0],"gold":225,"neow_bonus":"RANDOM_COLORLESS_2","is_prod":false,"is_daily":false,"chose_seed":false,"campfire_upgraded":2,"win_rate":0,"timestamp":1544752341,"path_taken":["M","$","M","M","?","E","R","E","T","M","?","?","R","M","R","BOSS"],"build_version":"2018-12-13","purchased_purges":0,"victory":false,"max_hp_per_floor":[68,68,68,68,68,68,68,82,82,82,82,82,82,82,82,82],"card_choices":[{"not_picked":["Gash","FTL"],"picked":"Steam Power","floor":1},{"not_picked":["Hello World","Reinforced Body"],"picked":"Sweeping Beam","floor":3},{"not_picked":["Rebound","Chaos"],"picked":"Force Field","floor":4},{"not_picked":["Conserve Battery","Cold Snap"],"picked":"Go for the Eyes","floor":6},{"not_picked":["Redo","Hologram"],"picked":"All For One","floor":8},{"not_picked":["Hologram","Redo"],"picked":"Self Repair","floor":10},{"not_picked":["Self Repair","Force Field"],"picked":"Streamline","floor":14}],"player_experience":53456,"relics_obtained":[{"floor":6,"key":"Bag of Preparation"},{"floor":8,"key":"Mango"},{"floor":9,"key":"Pantograph"},{"floor":11,"key":"Ancient Tea Set"}],"event_choices":[{"damage_healed":0,"gold_gain":0,"player_choice":"Success","damage_taken":3,"relics_obtained":["Bird Faced Urn"],"max_hp_gain":0,"max_hp_loss":0,"event_name":"Scrap Ooze","floor":5,"gold_loss":0},{"damage_healed":0,"gold_gain":0,"player_choice":"Grow","damage_taken":0,"max_hp_gain":0,"max_hp_loss":0,"event_name":"Living Wall","floor":12,"gold_loss":0,"cards_upgraded":["Defragment"]}],"is_beta":false,"boss_relics":[],"items_purged_floors":[],"is_endless":false,"potions_floor_spawned":[4,10],"killed_by":"Slime Boss","ascension_level":1}