{"gold_per_floor":[209,225,225,62,62,62,73,89,89,108,118,118,128,128,128,227,227,227,227,227,227,227,227,227,227,227,227,227,114,114,114,114,114,114,114,114,114,114,18,18,18,18,18,18,18,18,18,18,18,18],"floor_reached":50,"playtime":2468,"items_purged":["Strike_G"],"score":559,"play_id":"7fa6da5c-c72a-4637-8230-bbba35461e34","local_time":"20190131103749","is_ascension_mode":true,"campfire_choices":[{"data":"Neutralize","floor":6.0,"key":"SMITH"},{"data":"Metamorphosis","floor":12.0,"key":"SMITH"},{"data":"Survivor","floor":15.0,"key":"SMITH"},{"data":"Deflect","floor":23.0,"key":"SMITH"},{"data":"Adrenaline","floor":28.0,"key":"SMITH"},{"data":"Finisher","floor":30.0,"key":"SMITH"},{"floor":32.0,"key":"REST"},{"data":"Mind Blast","floor":40.0,"key":"SMITH"},{"data":"Tactician","floor":42.0,"key":"SMITH"},{"data":"Envenom","floor":44.0,"key":"SMITH"},{"data":"Tools of the Trade","floor":47.0,"key":"SMITH"},{"data":"Panacea","floor":49.0,"key":"SMITH"}],"neow_cost":"NONE","seed_source_timestamp":0,"circlet_count":0,"master_deck":["Defend_G","Defend_G","Defend_G","Defend_G","Defend_G","Strike_G","Strike_G","Survivor+1","Neutralize+1","Slice","Deflect+1","Metamorphosis+1","Escape Plan","Backstab","Adrenaline+1","Predator+1","Blade Dance","Finisher+1","Envenom+1","Deflect","Tools of the Trade+1","Prepared+1","Acrobatics","Panache","Panacea+1","Flash of Steel","Madness","Madness","Mind Blast+1","Tactician+1","Bouncing Flask+1","Skewer","Sucker Punch+1"],"special_seed":0,"relics":["Ring of the Snake","Gremlin Horn","Pantograph","Ectoplasm","Pen Nib","Meat on the Bone","Prayer Wheel","Eternal Feather","Darkstone Periapt","Calipers","The Specimen","Mummified Hand"],"potions_floor_usage":[50,50,50],"damage_taken":[{"damage":0.0,"enemies":"Cultist","floor":1.0,"turns":3.0},{"damage":5.0,"enemies":"Small Slimes","floor":2.0,"turns":5.0},{"damage":0.0,"enemies":"Jaw Worm","floor":7.0,"turns":2.0},{"damage":0.0,"enemies":"2 Fungi Beasts","floor":8.0,"turns":3.0},{"damage":6.0,"enemies":"3 Louse","floor":10.0,"turns":5.0},{"damage":12.0,"enemies":"Large Slime","floor":11.0,"turns":6.0},{"damage":3.0,"enemies":"Gremlin Gang","floor":13.0,"turns":4.0},{"damage":28.0,"enemies":"Hexaghost","floor":16.0,"turns":10.0},{"damage":13.0,"enemies":"Shell Parasite","floor":18.0,"turns":8.0},{"damage":2.0,"enemies":"Spheric Guardian","floor":21.0,"turns":4.0},{"damage":0.0,"enemies":"Chosen and Byrds","floor":22.0,"turns":4.0},{"damage":0.0,"enemies":"Centurion and Healer","floor":24.0,"turns":5.0},{"damage":36.0,"enemies":"Book of Stabbing","floor":25.0,"turns":8.0},{"damage":8.0,"enemies":"Snecko","floor":31.0,"turns":3.0},{"damage":67.0,"enemies":"Champ","floor":33.0,"turns":11.0},{"damage":14.0,"enemies":"3 Darklings","floor":35.0,"turns":7.0},{"damage":20.0,"enemies":"Reptomancer","floor":41.0,"turns":5.0},{"damage":0.0,"enemies":"Mind Bloom Boss Battle","floor":45.0,"turns":3.0},{"damage":17.0,"enemies":"Nemesis","floor":46.0,"turns":7.0},{"damage":8.0,"enemies":"3 Shapes","floor":48.0,"turns":4.0},{"damage":81,"enemies":"Time Eater","floor":50,"turns":5}],"seed_played":"3381234597862973225","potions_obtained":[{"floor":1.0,"key":"Swift Potion"},{"floor":2.0,"key":"GhostInAJar"},{"floor":13.0,"key":"Energy Potion"},{"floor":16.0,"key":"LiquidBronze"},{"floor":24.0,"key":"Poison Potion"},{"floor":46.0,"key":"FearPotion"}],"is_trial":false,"path_per_floor":["M","M","?","$","?","R","M","M","T","M","M","R","M","?","R","B",null,"M","?","?","M","M","R","M","E","T","?","R","$","R","M","R","B",null,"M","?","?","?","$","R","E","R","T","R","?","E","R","M","R","B"],"character_chosen":"THE_SILENT","items_purchased":["Metamorphosis","Finisher","Mind Blast"],"campfire_rested":1,"item_purchase_floors":[4,29,39],"current_hp_per_floor":[70,65,58,58,58,58,58,58,58,52,40,40,37,42,42,39,75,62,62,62,60,60,60,60,24,24,24,24,24,24,28,50,20,75,61,61,51,42,42,57,49,67,67,75,75,58,75,67,75,0],"gold":18,"neow_bonus":"HUNDRED_GOLD","is_prod":false,"is_daily":false,"chose_seed":false,"campfire_upgraded":11,"win_rate":0,"timestamp":1548927469,"path_taken":["M","?","?","$","?","R","M","M","T","M","M","R","M","?","R","BOSS","M","?","?","M","M","R","?","E","T","?","R","$","R","M","R","BOSS","M","?","?","?","$","R","E","R","T","R","?","E","R","?","R","BOSS"],"build_version":"2019-01-23","purchased_purges":1,"victory":false,"max_hp_per_floor":[70,70,70,70,70,70,70,70,70,70,70,70,70,75,75,75,75,75,75,75,75,75,75,75,75,75,75,75,75,75,75,75,75,75,75,75,75,75,75,75,75,75,75,75,75,75,75,75,75,75],"card_choices":[{"not_picked":["Dodge and Roll","Poisoned Stab"],"picked":"Slice","floor":1.0},{"not_picked":["Poisoned Stab","Crippling Poison"],"picked":"Deflect","floor":2.0},{"not_picked":["Underhanded Strike","All Out Attack","Crippling Poison"],"picked":"SKIP","floor":7.0},{"not_picked":["Catalyst","Poisoned Stab","Distraction"],"picked":"SKIP","floor":8.0},{"not_picked":["Deadly Poison","Outmaneuver","Dagger Spray"],"picked":"SKIP","floor":10.0},{"not_picked":["Infinite Blades","Terror"],"picked":"Escape Plan","floor":11.0},{"not_picked":["Sucker Punch","Masterful Stab"],"picked":"Backstab","floor":13.0},{"not_picked":["Glass Knife","Wraith Form v2"],"picked":"Adrenaline","floor":16.0},{"not_picked":["Quick Slash","Eviscerate"],"picked":"Predator+1","floor":18.0},{"not_picked":["Underhanded Strike","Outmaneuver","Dagger Spray"],"picked":"SKIP","floor":21.0},{"not_picked":["Dodge and Roll","Outmaneuver","Sucker Punch"],"picked":"SKIP","floor":22.0},{"not_picked":["Bane+1","Deadly Poison+1","Underhanded Strike"],"picked":"SKIP","floor":24.0},{"not_picked":["Slice","Dagger Spray","Reflex+1"],"picked":"SKIP","floor":25.0},{"not_picked":["PiercingWail","Dodge and Roll"],"picked":"Envenom","floor":31.0},{"not_picked":["Accuracy","Sucker Punch"],"picked":"Deflect","floor":31.0},{"not_picked":["Die Die Die","Wraith Form v2"],"picked":"Tools of the Trade","floor":33.0},{"not_picked":["PiercingWail","Escape Plan+1"],"picked":"Prepared+1","floor":35.0},{"not_picked":["Catalyst","Deadly Poison+1"],"picked":"Acrobatics","floor":35.0},{"not_picked":["Swift Strike","Panacea"],"picked":"Panache","floor":37.0},{"not_picked":["Swift Strike","Discovery"],"picked":"Panacea","floor":37.0},{"not_picked":["Swift Strike","Finesse"],"picked":"Flash of Steel","floor":37.0},{"not_picked":["Quick Slash","Accuracy+1"],"picked":"Tactician","floor":41.0},{"not_picked":["Deflect","Crippling Poison"],"picked":"Bouncing Flask+1","floor":45.0},{"not_picked":["Skewer","Eviscerate","Deadly Poison"],"picked":"SKIP","floor":46.0},{"not_picked":["Eviscerate","Deadly Poison"],"picked":"Skewer","floor":46.0},{"not_picked":["Outmaneuver+1","Slice+1"],"picked":"Sucker Punch+1","floor":48.0},{"not_picked":["Underhanded Strike","Bane+1","Blade Dance+1"],"picked":"SKIP","floor":48.0}],"player_experience":30581,"relics_obtained":[{"floor":9.0,"key":"Pantograph"},{"floor":25.0,"key":"Pen Nib"},{"floor":26.0,"key":"Meat on the Bone"},{"floor":41.0,"key":"Darkstone Periapt"},{"floor":43.0,"key":"Calipers"},{"floor":45.0,"key":"The Specimen"},{"floor":46.0,"key":"Mummified Hand"}],"event_choices":[{"damage_healed":0.0,"max_hp_gain":0.0,"max_hp_loss":0.0,"gold_gain":0.0,"event_name":"Scrap Ooze","player_choice":"Success","floor":3.0,"gold_loss":0.0,"damage_taken":7.0,"relics_obtained":["Gremlin Horn"]},{"cards_removed":["Strike_G"],"damage_healed":0.0,"max_hp_gain":0.0,"max_hp_loss":0.0,"gold_gain":0.0,"event_name":"Living Wall","player_choice":"Forget","floor":5.0,"gold_loss":0.0,"damage_taken":0.0},{"damage_healed":0.0,"max_hp_gain":5.0,"max_hp_loss":0.0,"gold_gain":0.0,"event_name":"Big Fish","player_choice":"Donut","floor":14.0,"gold_loss":0.0,"damage_taken":0.0},{"damage_healed":0.0,"max_hp_gain":0.0,"max_hp_loss":0.0,"gold_gain":0.0,"event_name":"Ghosts","player_choice":"Ignored","floor":19.0,"gold_loss":0.0,"damage_taken":0.0},{"damage_healed":0.0,"max_hp_gain":0.0,"max_hp_loss":0.0,"gold_gain":0.0,"cards_transformed":["Strike_G"],"event_name":"Transmorgrifier","player_choice":"Transformed","floor":20.0,"gold_loss":0.0,"damage_taken":0.0,"cards_obtained":["Blade Dance"]},{"damage_healed":0.0,"max_hp_gain":0.0,"max_hp_loss":0.0,"gold_gain":0.0,"event_name":"The Mausoleum","player_choice":"Opened","floor":27.0,"gold_loss":0.0,"damage_taken":0.0,"relics_obtained":["Prayer Wheel"]},{"damage_healed":0.0,"max_hp_gain":0.0,"max_hp_loss":0.0,"gold_gain":0.0,"event_name":"Tomb of Lord Red Mask","player_choice":"Ignored","floor":36.0,"gold_loss":0.0,"damage_taken":0.0},{"damage_healed":0.0,"max_hp_gain":0.0,"max_hp_loss":0.0,"gold_gain":0.0,"event_name":"SensoryStone","player_choice":"Memory 3","floor":37.0,"gold_loss":0.0,"damage_taken":10.0},{"damage_healed":0.0,"max_hp_gain":0.0,"max_hp_loss":0.0,"gold_gain":0.0,"event_name":"Winding Halls","player_choice":"Embrace Madness","floor":38.0,"gold_loss":0.0,"damage_taken":9.0,"cards_obtained":["Madness","Madness"]},{"damage_healed":0.0,"max_hp_gain":0.0,"max_hp_loss":0.0,"gold_gain":0.0,"event_name":"MindBloom","player_choice":"Fight","floor":45.0,"gold_loss":0.0,"damage_taken":0.0}],"is_beta":false,"boss_relics":[{"not_picked":["Tiny House","Runic Dome"],"picked":"Ectoplasm"},{"not_picked":["Velvet Choker","Calling Bell"],"picked":"Eternal Feather"}],"items_purged_floors":[29],"is_endless":false,"potions_floor_spawned":[1,2,13,16,18,24,31,46,48],"killed_by":"Time Eater","ascension_level":2}