{"gold_per_floor":[118,118,118,137,62,62,106,52,79,118,138,63,79,97,97,216,216,234,234,249,249,149,149,149],"floor_reached":24,"playtime":1766,"items_purged":["Strike_B","Defend_B"],"score":254,"play_id":"004b561e-f1af-4a42-bd72-fa9458352db0","local_time":"20180627191437","is_ascension_mode":false,"campfire_choices":[{"data":"Gash","floor":6,"key":"SMITH"},{"data":"Dualcast","floor":15,"key":"SMITH"},{"floor":23,"key":"REST"}],"neow_cost":"NONE","seed_source_timestamp":800467228569,"circlet_count":0,"master_deck":["Defend_B","Defend_B","Defend_B","Zap","Dualcast+1","FTL","Injury","Beam Cell","Gash+1","Go for the Eyes","Conserve Battery","Cold Snap","Chill","Genetic Algorithm","Conserve Battery","Gash","Meteor Strike","Conserve Battery","Coolheaded","Redo","Chill","Hologram","Streamline+1","Aggregate","Go for the Eyes","Bite","Bite","Bite","Bite","Bite"],"relics":["Cracked Core","NeowsBlessing","Golden Idol","Art of War","Juzu Bracelet","Bag of Marbles","Orrery"],"potions_floor_usage":[10,16,16,18],"damage_taken":[{"damage":0,"enemies":"2 Louse","floor":1,"turns":1},{"damage":0,"enemies":"Jaw Worm","floor":4,"turns":1},{"damage":0,"enemies":"Lagavulin","floor":7,"turns":1},{"damage":14,"enemies":"3 Sentries","floor":10,"turns":7},{"damage":0,"enemies":"Small Slimes","floor":11,"turns":3},{"damage":6,"enemies":"Exordium Thugs","floor":13,"turns":6},{"damage":4,"enemies":"3 Louse","floor":14,"turns":3},{"damage":15,"enemies":"Slime Boss","floor":16,"turns":8},{"damage":25,"enemies":"Chosen","floor":18,"turns":9},{"damage":26,"enemies":"3 Byrds","floor":20,"turns":9},{"damage":49,"enemies":"Gremlin Leader","floor":24,"turns":4}],"seed_played":"5284689942164910238","potions_obtained":[{"floor":4,"key":"PowerPotion"},{"floor":11,"key":"Block Potion"},{"floor":14,"key":"Strength Potion"},{"floor":16,"key":"EssenceOfSteel"},{"floor":18,"key":"SteroidPotion"}],"is_trial":false,"path_per_floor":["M","?","?","M","$","R","E","$","T","E","M","$","M","M","R","B",null,"M","?","M","?","$","R"],"character_chosen":"DEFECT","items_purchased":["Gash","Go for the Eyes","Cold Snap"],"campfire_rested":1,"item_purchase_floors":[5,5,8],"current_hp_per_floor":[75,75,75,75,75,75,75,75,75,61,61,61,55,51,51,36,75,50,50,24,24,24,39,0],"gold":149,"neow_bonus":"THREE_ENEMY_KILL","is_prod":false,"is_daily":false,"chose_seed":false,"campfire_upgraded":2,"win_rate":0,"timestamp":1530141277,"path_taken":["M","?","?","?","?","R","E","$","T","E","M","$","M","M","R","BOSS","M","?","M","?","$","R","E"],"build_version":"2018-06-21v2","purchased_purges":2,"victory":false,"max_hp_per_floor":[75,75,75,75,75,75,75,75,75,75,75,75,75,75,75,75,75,75,75,75,52,52,52,52],"card_choices":[{"not_picked":["Recycle","Capacitor"],"picked":"FTL","floor":1},{"not_picked":["Leap","Reprogram"],"picked":"Beam Cell","floor":4},{"not_picked":["Barrage","Skim"],"picked":"Conserve Battery","floor":7},{"not_picked":["White Noise","Beam Cell"],"picked":"Chill","floor":10},{"not_picked":["Rebound","Beam Cell"],"picked":"Genetic Algorithm","floor":11},{"not_picked":["Compile Driver","Beam Cell"],"picked":"Conserve Battery","floor":13},{"not_picked":["Leap","Capacitor"],"picked":"Gash","floor":14},{"not_picked":["Biased Cognition","All For One"],"picked":"Meteor Strike","floor":16},{"not_picked":["Leap","Streamline"],"picked":"Conserve Battery","floor":17},{"not_picked":["Barrage","Stack"],"picked":"Coolheaded","floor":17},{"not_picked":["Gash","White Noise"],"picked":"Redo","floor":17},{"not_picked":["Compile Driver","Redo"],"picked":"Chill","floor":17},{"not_picked":["Creative AI","Go for the Eyes"],"picked":"Hologram","floor":17},{"not_picked":["Beam Cell+1","Steam+1"],"picked":"Streamline+1","floor":18},{"not_picked":["Streamline","Hello World"],"picked":"Go for the Eyes","floor":20}],"player_experience":120670,"relics_obtained":[{"floor":7,"key":"Art of War"},{"floor":9,"key":"Juzu Bracelet"},{"floor":10,"key":"Bag of Marbles"}],"event_choices":[{"event_name":"Golden Idol","player_choice":"Take Wound","floor":2,"damage_taken":0},{"event_name":"Wheel of Change","player_choice":"Full Heal","floor":3,"damage_taken":0},{"event_name":"The Library","player_choice":"Read","floor":19,"damage_taken":0},{"event_name":"Vampires","player_choice":"Became a vampire","floor":21,"damage_taken":0}],"boss_relics":[{"not_picked":["Eternal Feather","Lizard Tail"],"picked":"Orrery"}],"items_purged_floors":[12,22],"is_endless":false,"potions_floor_spawned":[4,11,14,16,18],"killed_by":"Gremlin Leader","ascension_level":0}