{"gold_per_floor":[115,134,146,158,112,112,130,91,91,119,194,206,206,234,234,329,329,348,364,374,406,425,442,442],"floor_reached":24,"playtime":832,"items_purged":[],"score":212,"play_id":"b6576c95-5058-42cf-93e4-2b454bb31f4f","local_time":"20190120181325","is_ascension_mode":false,"campfire_choices":[{"data":"Dualcast","floor":6.0,"key":"SMITH"},{"data":"Zap","floor":13,"key":"SMITH"},{"data":"Melter","floor":15,"key":"SMITH"}],"neow_cost":"NONE","seed_source_timestamp":2327335117520742,"circlet_count":0,"master_deck":["Strike_B","Strike_B","Strike_B","Strike_B","Defend_B","Defend_B","Defend_B","Defend_B","Zap+1","Dualcast+1","Conserve Battery","BootSequence","Cold Snap","Chill","Melter+1","Conserve Battery","Core Surge","Rebound+1","Chaos","White Noise+1"],"special_seed":0,"relics":["Cracked Core","Boot","Pen Nib","Matryoshka","Sozu","Red Mask"],"potions_floor_usage":[],"damage_taken":[{"damage":0.0,"enemies":"Cultist","floor":1.0,"turns":3.0},{"damage":0.0,"enemies":"Small Slimes","floor":2.0,"turns":2.0},{"damage":0.0,"enemies":"2 Louse","floor":3.0,"turns":1.0},{"damage":1.0,"enemies":"Large Slime","floor":4.0,"turns":6.0},{"damage":1.0,"enemies":"3 Louse","floor":7.0,"turns":4.0},{"damage":2.0,"enemies":"Gremlin Nob","floor":10.0,"turns":3.0},{"damage":0,"enemies":"Lots of Slimes","floor":12,"turns":4},{"damage":18,"enemies":"Lagavulin","floor":14,"turns":5},{"damage":22,"enemies":"Hexaghost","floor":16,"turns":13},{"damage":1,"enemies":"Shell Parasite","floor":18,"turns":4},{"damage":2,"enemies":"Chosen","floor":19,"turns":5},{"damage":2,"enemies":"Centurion and Healer","floor":20,"turns":6},{"damage":18,"enemies":"Masked Bandits","floor":21,"turns":6},{"damage":11,"enemies":"3 Cultists","floor":22,"turns":8},{"damage":21,"enemies":"Snecko","floor":23,"turns":5},{"damage":25,"enemies":"Book of Stabbing","floor":24,"turns":4}],"seed_played":"2554893766223485170","potions_obtained":[{"floor":1.0,"key":"Dexterity Potion"},{"floor":4.0,"key":"Poison Potion"},{"floor":12,"key":"SkillPotion"},{"floor":14,"key":"FearPotion"}],"is_trial":false,"path_per_floor":["M","M","M","M","$","R","M","$","T","E","?","M","R","E","R","B",null,"M","M","M","?","M","M","E"],"character_chosen":"DEFECT","items_purchased":["Cold Snap","Melter"],"campfire_rested":0,"item_purchase_floors":[5,8],"current_hp_per_floor":[75,75,75,74,74,74,73,73,73,71,64,64,64,46,46,24,75,74,72,70,52,41,20,0],"gold":442,"neow_bonus":"THREE_CARDS","is_prod":false,"is_daily":false,"chose_seed":false,"campfire_upgraded":3,"win_rate":0,"timestamp":1548008005,"path_taken":["M","M","?","M","$","R","M","?","T","E","?","?","R","E","R","BOSS","M","M","?","?","M","M","E"],"build_version":"2019-01-17v2","purchased_purges":0,"victory":false,"max_hp_per_floor":[75,75,75,75,75,75,75,75,75,75,75,75,75,75,75,75,75,75,75,75,75,75,75,75],"card_choices":[{"not_picked":["Steam","Loop"],"picked":"Conserve Battery","floor":0.0},{"not_picked":["Barrage","Go for the Eyes","Compile Driver"],"picked":"SKIP","floor":1.0},{"not_picked":["Loop","Reinforced Body","Beam Cell"],"picked":"SKIP","floor":2.0},{"not_picked":["Hello World","Hologram","Heatsinks"],"picked":"SKIP","floor":3.0},{"not_picked":["Cold Snap","Gash"],"picked":"BootSequence","floor":4.0},{"not_picked":["Tempest","Go for the Eyes"],"picked":"Chill","floor":7.0},{"not_picked":["Amplify","White Noise","Go for the Eyes"],"picked":"SKIP","floor":10.0},{"not_picked":["Leap","Darkness","Go for the Eyes"],"picked":"SKIP","floor":12},{"not_picked":["Reinforced Body","Streamline"],"picked":"Conserve Battery","floor":14},{"not_picked":["Reboot","Fission"],"picked":"Core Surge","floor":16},{"not_picked":["Sunder","Hello World+1"],"picked":"Rebound+1","floor":18},{"not_picked":["Leap","Fusion","Gash"],"picked":"SKIP","floor":19},{"not_picked":["Heatsinks","Doom and Gloom","Sweeping Beam"],"picked":"SKIP","floor":20},{"not_picked":["Melter","Leap"],"picked":"Chaos","floor":21},{"not_picked":["Beam Cell","Compile Driver"],"picked":"White Noise+1","floor":22},{"not_picked":["Leap","Rebound","Reinforced Body"],"picked":"SKIP","floor":23}],"player_experience":983279,"relics_obtained":[{"floor":9.0,"key":"Boot"},{"floor":10.0,"key":"Pen Nib"},{"floor":14,"key":"Matryoshka"},{"floor":21,"key":"Red Mask"}],"event_choices":[{"damage_healed":0,"gold_gain":75,"player_choice":"Touch","damage_taken":7,"max_hp_gain":0,"max_hp_loss":0,"event_name":"FaceTrader","floor":11,"gold_loss":0},{"damage_healed":0,"gold_gain":0,"player_choice":"Fought Bandits","damage_taken":0,"max_hp_gain":0,"max_hp_loss":0,"event_name":"Masked Bandits","floor":21,"gold_loss":0}],"is_beta":false,"boss_relics":[{"not_picked":["Busted Crown","Eternal Feather"],"picked":"Sozu"}],"items_purged_floors":[],"is_endless":false,"potions_floor_spawned":[1,4,12,14,16,20,22],"killed_by":"Book of Stabbing","ascension_level":0}