{"gold_per_floor":[363,363,363,382,382,382,415,430,430,443,470,505,524,31,31,31],"floor_reached":16,"playtime":943,"items_purged":[],"score":192,"play_id":"ee1cacaf-f19e-4dce-bea1-950629db3b14","local_time":"20190129225014","is_ascension_mode":true,"campfire_choices":[{"floor":6,"key":"REST"},{"data":"Evolve","floor":15,"key":"SMITH"}],"neow_cost":"TEN_PERCENT_HP_LOSS","seed_source_timestamp":214138269784447,"circlet_count":0,"master_deck":["AscendersBane","Strike_R","Strike_R","Strike_R","Strike_R","Strike_R","Defend_R","Defend_R","Defend_R","Defend_R","Bash","Evolve+1","True Grit","Feel No Pain","Anger","Sword Boomerang+1","Sword Boomerang+1","Feed+1"],"relics":["Burning Blood","Golden Idol","Ornamental Fan","Spirit Poop","Bag of Marbles","Molten Egg 2","Anchor","PreservedInsect","Ice Cream","PrismaticShard"],"potions_floor_usage":[7,12,12],"damage_taken":[{"damage":13,"enemies":"Jaw Worm","floor":1,"turns":5},{"damage":5,"enemies":"2 Louse","floor":4,"turns":4},{"damage":13,"enemies":"3 Sentries","floor":7,"turns":9},{"damage":5,"enemies":"Small Slimes","floor":8,"turns":4},{"damage":2,"enemies":"Red Slaver","floor":10,"turns":6},{"damage":28,"enemies":"Lagavulin","floor":12,"turns":8},{"damage":6,"enemies":"Exordium Thugs","floor":13,"turns":5},{"damage":50,"enemies":"The Guardian","floor":16,"turns":5}],"seed_played":"5249470984264851849","potions_obtained":[{"floor":1,"key":"AttackPotion"},{"floor":7,"key":"EssenceOfSteel"},{"floor":10,"key":"Regen Potion"}],"is_trial":false,"path_per_floor":["M","?","?","M","?","R","E","M","T","M","T","E","M","$","R","B"],"character_chosen":"IRONCLAD","items_purchased":["Ice Cream","PrismaticShard"],"campfire_rested":1,"item_purchase_floors":[14,14],"current_hp_per_floor":[61,38,38,39,39,59,52,53,53,57,57,49,49,49,49,0],"gold":31,"neow_bonus":"TWO_FIFTY_GOLD","is_prod":false,"is_daily":false,"chose_seed":false,"campfire_upgraded":1,"win_rate":0,"timestamp":1548769814,"path_taken":["M","?","?","M","?","R","E","?","T","M","?","E","M","$","R","BOSS"],"build_version":"2019-01-23","purchased_purges":0,"victory":false,"max_hp_per_floor":[68,68,68,68,68,68,68,68,68,68,68,68,68,68,68,68],"card_choices":[{"not_picked":["Clothesline","Rampage"],"picked":"Evolve","floor":1},{"not_picked":["Body Slam","Perfected Strike"],"picked":"True Grit","floor":4},{"not_picked":["Shrug It Off","Carnage"],"picked":"Feel No Pain","floor":7},{"not_picked":["Iron Wave","Clothesline"],"picked":"Anger","floor":8},{"not_picked":["Heavy Blade+1","Power Through"],"picked":"Sword Boomerang+1","floor":10},{"not_picked":["Anger+1","Disarm"],"picked":"Sword Boomerang+1","floor":12},{"not_picked":["Disarm","Flex"],"picked":"Feed+1","floor":13}],"player_experience":970798,"relics_obtained":[{"floor":7,"key":"Bag of Marbles"},{"floor":9,"key":"Molten Egg 2"},{"floor":11,"key":"Anchor"},{"floor":12,"key":"PreservedInsect"}],"event_choices":[{"damage_healed":0,"gold_gain":0,"player_choice":"Take Damage","damage_taken":23,"relics_obtained":["Golden Idol"],"max_hp_gain":0,"max_hp_loss":0,"event_name":"Golden Idol","floor":2,"gold_loss":0},{"damage_healed":0,"gold_gain":0,"player_choice":"Box","damage_taken":0,"relics_obtained":["Ornamental Fan"],"max_hp_gain":0,"max_hp_loss":0,"event_name":"Big Fish","floor":3,"gold_loss":0,"cards_obtained":["Regret"]},{"cards_removed":["Regret"],"damage_healed":0,"gold_gain":0,"player_choice":"Offered Curse","damage_taken":0,"relics_obtained":["Spirit Poop"],"max_hp_gain":0,"max_hp_loss":0,"event_name":"Bonfire Elementals","floor":5,"gold_loss":0}],"is_beta":false,"boss_relics":[],"items_purged_floors":[],"is_endless":false,"potions_floor_spawned":[1,7,10],"killed_by":"The Guardian","ascension_level":15}