{"gold_per_floor":[109,128,138,150,150,150,170,170,170,170,7,22,22,34,34,137,137,156,156,176,194,109,126,126,145,145,74,74,84,84,103,103,202,202,222,222,73,91,91,91,91,110,110,127,1,1,11,11,11,11],"floor_reached":51,"playtime":4175,"items_purged":["Defend_B"],"score":695,"play_id":"6fed8ddc-5ce5-4f83-bf4a-90df7b5ebafd","local_time":"20181006160027","is_ascension_mode":false,"campfire_choices":[{"floor":6,"key":"REST"},{"data":"Loop","floor":8,"key":"SMITH"},{"data":"Blizzard","floor":10,"key":"SMITH"},{"floor":15,"key":"REST"},{"data":"Chill","floor":24,"key":"SMITH"},{"data":"Capacitor","floor":30,"key":"SMITH"},{"floor":32,"key":"REST"},{"data":"Creative AI","floor":40,"key":"SMITH"},{"data":"Loop","floor":46,"key":"SMITH"},{"data":"Reinforced Body","floor":49,"key":"SMITH"}],"neow_cost":"PERCENT_DAMAGE","seed_source_timestamp":2404862981227663,"circlet_count":0,"master_deck":["Defend_B","Defend_B","Defend_B","Zap","Dualcast","Reinforced Body+1","Chill+1","Glacier","Blizzard+1","Loop+1","Rebound","Coolheaded","Core Surge","Go for the Eyes","Ball Lightning","Electrodynamics","Coolheaded+1","Lockon","Lockon","Glacier+1","Capacitor+1","Hologram","Creative AI+1","Redo+1","Force Field","Glacier+1","Rebound","Loop+1"],"relics":["Cracked Core","Bottled Tornado","Potion Belt","GremlinMask","Velvet Choker","Pear","Mummified Hand","Eternal Feather","Sundial"],"potions_floor_usage":[12,48,50,50],"damage_taken":[{"damage":4,"enemies":"Cultist","floor":1,"turns":3},{"damage":4,"enemies":"Jaw Worm","floor":2,"turns":4},{"damage":12,"enemies":"Small Slimes","floor":3,"turns":3},{"damage":8,"enemies":"Looter","floor":4,"turns":4},{"damage":1,"enemies":"2 Fungi Beasts","floor":7,"turns":4},{"damage":13,"enemies":"Gremlin Gang","floor":12,"turns":6},{"damage":0,"enemies":"Large Slime","floor":14,"turns":6},{"damage":10,"enemies":"Slime Boss","floor":16,"turns":12},{"damage":10,"enemies":"Chosen","floor":18,"turns":5},{"damage":3,"enemies":"Shell Parasite","floor":20,"turns":7},{"damage":1,"enemies":"Shelled Parasite and Fungi","floor":21,"turns":8},{"damage":0,"enemies":"Snecko","floor":23,"turns":7},{"damage":11,"enemies":"Centurion and Healer","floor":25,"turns":5},{"damage":0,"enemies":"Sentry and Sphere","floor":29,"turns":4},{"damage":8,"enemies":"Shelled Parasite and Fungi","floor":31,"turns":8},{"damage":26,"enemies":"Collector","floor":33,"turns":10},{"damage":3,"enemies":"Orb Walker","floor":35,"turns":5},{"damage":5,"enemies":"3 Shapes","floor":38,"turns":5},{"damage":0,"enemies":"Maw","floor":42,"turns":10},{"damage":0,"enemies":"4 Shapes","floor":44,"turns":3},{"damage":4,"enemies":"Reptomancer","floor":47,"turns":5},{"damage":0,"enemies":"3 Darklings","floor":48,"turns":2},{"damage":0,"enemies":"Time Eater","floor":50,"turns":23}],"seed_played":"-9058397763602747019","potions_obtained":[{"floor":1,"key":"Fire Potion"},{"floor":7,"key":"Energy Potion"},{"floor":16,"key":"SpeedPotion"},{"floor":18,"key":"EssenceOfSteel"},{"floor":23,"key":"AttackPotion"},{"floor":29,"key":"SmokeBomb"}],"is_trial":false,"path_per_floor":["M","M","M","M","T","R","M","R","T","R","$","M","?","M","R","B",null,"M","?","M","M","?","M","R","M","T","$","?","M","R","M","R","B",null,"M","?","$","M","?","R","?","M","T","M","$","R","M","M","R","B"],"character_chosen":"DEFECT","items_purchased":["Core Surge","Go for the Eyes","Capacitor","Force Field","Loop","PowerPotion"],"campfire_rested":3,"item_purchase_floors":[11,11,27,37,45,45],"current_hp_per_floor":[50,46,34,26,26,48,47,47,47,47,47,34,34,34,56,46,75,65,65,62,61,71,71,71,60,60,60,52,52,52,44,69,43,85,82,81,81,76,91,91,91,91,91,91,91,91,87,87,91,91],"gold":11,"neow_bonus":"TRANSFORM_TWO_CARDS","is_prod":false,"is_daily":false,"chose_seed":false,"campfire_upgraded":7,"win_rate":0,"timestamp":1538856027,"path_taken":["M","M","M","M","?","R","M","R","T","R","$","?","?","M","R","BOSS","M","?","M","?","?","?","R","M","T","$","?","?","R","M","R","BOSS","M","?","?","M","?","R","?","M","T","M","$","R","M","M","R","BOSS"],"build_version":"2018-10-04v2","purchased_purges":1,"victory":true,"max_hp_per_floor":[75,75,75,75,75,75,75,75,75,75,75,75,75,75,75,75,75,75,75,75,75,85,85,85,85,85,85,85,85,85,85,85,85,85,85,81,81,81,91,91,91,91,91,91,91,91,91,91,91,91],"card_choices":[{"not_picked":["Turbo","Redo"],"picked":"Glacier","floor":1},{"not_picked":["Conserve Battery","Coolheaded"],"picked":"Blizzard","floor":2},{"not_picked":["Steam","Fusion"],"picked":"Loop","floor":3},{"not_picked":["Lockon","Turbo"],"picked":"Rebound","floor":4},{"not_picked":["Streamline","Beam Cell"],"picked":"Coolheaded","floor":7},{"not_picked":["Force Field","Go for the Eyes"],"picked":"Ball Lightning","floor":12},{"not_picked":["Rip and Tear","Compile Driver","Beam Cell"],"picked":"SKIP","floor":14},{"not_picked":["Reboot","Amplify"],"picked":"Electrodynamics","floor":16},{"not_picked":["Stack","Barrage+1"],"picked":"Coolheaded+1","floor":18},{"not_picked":["Stack","Gash","Compile Driver"],"picked":"SKIP","floor":20},{"not_picked":["Streamline+1","Recycle+1"],"picked":"Reboot","floor":21},{"not_picked":["Ball Lightning","Doom and Gloom+1"],"picked":"Glacier+1","floor":23},{"not_picked":["Rebound+1","Coolheaded","Ball Lightning"],"picked":"SKIP","floor":25},{"not_picked":["Double Energy+1","Barrage"],"picked":"Hologram","floor":29},{"not_picked":["FTL","Sweeping Beam","Heatsinks"],"picked":"SKIP","floor":31},{"not_picked":["Electrodynamics","Buffer"],"picked":"Creative AI","floor":33},{"not_picked":["Streamline+1","Steam"],"picked":"Redo+1","floor":35},{"not_picked":["Blizzard","Chill+1"],"picked":"Glacier+1","floor":38},{"not_picked":["Coolheaded","Sweeping Beam"],"picked":"Rebound","floor":42},{"not_picked":["Rebound+1","Compile Driver+1","Go for the Eyes"],"picked":"SKIP","floor":44},{"not_picked":["Ball Lightning+1","Hello World+1","Thunder Strike"],"picked":"SKIP","floor":47}],"player_experience":2904188,"relics_obtained":[{"floor":5,"key":"Bottled Tornado"},{"floor":9,"key":"Potion Belt"},{"floor":26,"key":"Mummified Hand"},{"floor":43,"key":"Sundial"}],"event_choices":[{"event_name":"FaceTrader","player_choice":"Trade","floor":13,"damage_taken":0},{"event_name":"Drug Dealer","player_choice":"Became Test Subject","floor":19,"damage_taken":0},{"event_name":"Addict","player_choice":"Obtained Relic","floor":22,"damage_taken":0},{"event_name":"Knowing Skull","player_choice":"","floor":28,"damage_taken":0},{"event_name":"Winding Halls","player_choice":"Max HP","floor":36,"damage_taken":0},{"event_name":"Bonfire Elementals","player_choice":"RARE","floor":39,"damage_taken":0},{"event_name":"SecretPortal","player_choice":"Rejected Portal.","floor":41,"damage_taken":0}],"is_beta":false,"boss_relics":[{"not_picked":["Pandora\u0027s Box","Nuclear Battery"],"picked":"Velvet Choker"},{"not_picked":["Calling Bell","White Beast Statue"],"picked":"Eternal Feather"}],"items_purged_floors":[37],"is_endless":false,"potions_floor_spawned":[1,7,16,18,23,29,44],"ascension_level":0}