{"gold_per_floor":[111,125,50,67,81,112,124,163,202,238,43,43,122,142,142,142],"floor_reached":16,"playtime":1156,"items_purged":["Regret"],"score":138,"play_id":"641a8dac-45ed-4005-8c98-070aed4187d0","local_time":"20190123094642","is_ascension_mode":true,"campfire_choices":[{"data":"Whirlwind","floor":7,"key":"SMITH"},{"data":"True Grit","floor":12,"key":"SMITH"},{"data":"Uppercut","floor":15,"key":"SMITH"}],"neow_cost":"CURSE","seed_source_timestamp":37901394262800,"circlet_count":0,"master_deck":["Strike_R","Strike_R","Strike_R","Strike_R","Strike_R","Defend_R","Defend_R","Defend_R","Defend_R","Bash+1","Pommel Strike","Whirlwind+1","Havoc","Uppercut+1","True Grit+1","Iron Wave+1","Inflame"],"relics":["Burning Blood","Prayer Wheel","MawBank","Blood Vial","Whetstone","Ancient Tea Set","Bronze Scales"],"potions_floor_usage":[6,8,16],"damage_taken":[{"damage":4,"enemies":"Cultist","floor":1,"turns":3},{"damage":10,"enemies":"Jaw Worm","floor":2,"turns":3},{"damage":8,"enemies":"2 Louse","floor":4,"turns":4},{"damage":5,"enemies":"Blue Slaver","floor":5,"turns":3},{"damage":25,"enemies":"3 Sentries","floor":6,"turns":9},{"damage":48,"enemies":"Lagavulin","floor":8,"turns":6},{"damage":1,"enemies":"Lots of Slimes","floor":14,"turns":2},{"damage":24,"enemies":"The Guardian","floor":16,"turns":8}],"seed_played":"-262083226936731349","potions_obtained":[{"floor":1,"key":"SteroidPotion"},{"floor":5,"key":"Energy Potion"},{"floor":8,"key":"FearPotion"}],"is_trial":false,"path_per_floor":["M","M","$","M","M","E","R","E","T","T","$","R","?","M","R","B"],"character_chosen":"IRONCLAD","items_purchased":["Bronze Scales","FearPotion"],"campfire_rested":0,"item_purchase_floors":[11,11],"current_hp_per_floor":[80,76,76,74,75,56,56,14,14,14,14,14,14,21,21,0],"gold":142,"neow_bonus":"ONE_RARE_RELIC","is_prod":false,"is_daily":false,"chose_seed":false,"campfire_upgraded":3,"win_rate":0,"timestamp":1548233202,"path_taken":["M","M","$","M","M","E","R","E","T","?","$","R","?","M","R","BOSS"],"build_version":"2019-01-17v2","purchased_purges":1,"victory":false,"max_hp_per_floor":[80,80,80,80,80,80,80,80,80,80,80,80,80,80,80,80],"card_choices":[{"not_picked":["Warcry","Seeing Red"],"picked":"Pommel Strike","floor":1},{"not_picked":["Flex","Carnage"],"picked":"Whirlwind","floor":1},{"not_picked":["Seeing Red","Wild Strike"],"picked":"Havoc","floor":2},{"not_picked":["Reckless Charge","Havoc"],"picked":"Uppercut","floor":2},{"not_picked":["Reaper","Twin Strike"],"picked":"True Grit","floor":4},{"not_picked":["Iron Wave","Pommel Strike","Thunderclap"],"picked":"SKIP","floor":4},{"not_picked":["Pommel Strike","Thunderclap"],"picked":"Iron Wave","floor":4},{"not_picked":["Sever Soul","Thunderclap","Fire Breathing"],"picked":"SKIP","floor":5},{"not_picked":["Havoc","Cleave","Body Slam"],"picked":"SKIP","floor":5},{"not_picked":["Infernal Blade","Iron Wave","Searing Blow"],"picked":"SKIP","floor":6},{"not_picked":["True Grit","Havoc","Anger"],"picked":"SKIP","floor":8},{"not_picked":["Wild Strike","Sword Boomerang"],"picked":"Inflame","floor":14},{"not_picked":["Cleave","Burning Pact","Thunderclap"],"picked":"SKIP","floor":14}],"player_experience":32812,"relics_obtained":[{"floor":6,"key":"MawBank"},{"floor":8,"key":"Blood Vial"},{"floor":9,"key":"Whetstone"},{"floor":10,"key":"Ancient Tea Set"}],"event_choices":[{"damage_healed":0,"gold_gain":79,"player_choice":"Gained Gold","damage_taken":0,"max_hp_gain":0,"max_hp_loss":0,"event_name":"Golden Wing","floor":13,"gold_loss":0}],"is_beta":false,"boss_relics":[],"items_purged_floors":[3],"is_endless":false,"potions_floor_spawned":[1,5,8],"killed_by":"The Guardian","ascension_level":5}