{"gold_per_floor":[117,117,135,55,71,71,106,106,129,156,173,184,86,96,96,200,200,213,228,36,36,49,49,80,5,30,43,43,70,70,84,84,186,186,199,213,213,213,227,227,227,227,227,227,240,17,17,37,37,37],"floor_reached":51,"playtime":5711,"items_purged":["Strike_G","Strike_G","Strike_G"],"score":1006,"play_id":"0cb07323-3d3d-4faf-bddb-a96af30c2555","local_time":"20190126070739","is_ascension_mode":true,"campfire_choices":[{"data":"Neutralize","floor":6.0,"key":"SMITH"},{"data":"Footwork","floor":8.0,"key":"SMITH"},{"data":"Noxious Fumes","floor":15.0,"key":"SMITH"},{"data":"Cloak And Dagger","floor":23.0,"key":"SMITH"},{"data":"Cloak And Dagger","floor":28.0,"key":"SMITH"},{"data":"After Image","floor":30.0,"key":"SMITH"},{"data":"Cloak And Dagger","floor":32,"key":"SMITH"},{"data":"Footwork","floor":40,"key":"SMITH"},{"data":"Sucker Punch","floor":42,"key":"SMITH"},{"data":"Ghostly","floor":44,"key":"SMITH"},{"data":"Adrenaline","floor":47,"key":"SMITH"},{"data":"Noxious Fumes","floor":49,"key":"SMITH"}],"neow_cost":"NONE","seed_source_timestamp":0,"circlet_count":0,"master_deck":["Defend_G","Defend_G","Defend_G","Defend_G","Defend_G","Strike_G","Survivor","Neutralize+1","Footwork+1","Cloak And Dagger+1","Dash","Sucker Punch+1","Backflip","Adrenaline+1","Noxious Fumes+1","Noxious Fumes+1","Dagger Spray","Dodge and Roll","Tools of the Trade","Slice+1","Cloak And Dagger+1","Footwork+1","Ghostly+1","Ghostly","Ghostly","Ghostly","Ghostly","Blade Dance","Night Terror","Writhe","Cloak And Dagger+1","After Image+1","PiercingWail","Predator+1","Eviscerate","Dash","Clumsy","Blade Dance+1"],"special_seed":0,"relics":["Ring of the Snake","Centennial Puzzle","Potion Belt","Lantern","Kunai","Cursed Key","Bag of Marbles","Ancient Tea Set","Pen Nib","Snecko Eye","Bottled Tornado"],"potions_floor_usage":[45,50,50,50,50],"damage_taken":[{"damage":1.0,"enemies":"Small Slimes","floor":1.0,"turns":3.0},{"damage":0.0,"enemies":"Cultist","floor":3.0,"turns":4.0},{"damage":0.0,"enemies":"2 Louse","floor":5.0,"turns":4.0},{"damage":18.0,"enemies":"Gremlin Nob","floor":7.0,"turns":5.0},{"damage":24.0,"enemies":"Lagavulin","floor":10.0,"turns":12.0},{"damage":0.0,"enemies":"Blue Slaver","floor":11.0,"turns":4.0},{"damage":0.0,"enemies":"Exordium Wildlife","floor":12.0,"turns":3.0},{"damage":0.0,"enemies":"Red Slaver","floor":14.0,"turns":3.0},{"damage":0.0,"enemies":"Hexaghost","floor":16.0,"turns":10.0},{"damage":2.0,"enemies":"Chosen","floor":18.0,"turns":5.0},{"damage":0.0,"enemies":"3 Byrds","floor":19.0,"turns":4.0},{"damage":0.0,"enemies":"Centurion and Healer","floor":22.0,"turns":8.0},{"damage":0.0,"enemies":"Slavers","floor":24.0,"turns":8.0},{"damage":6.0,"enemies":"Snake Plant","floor":27.0,"turns":6.0},{"damage":0.0,"enemies":"Gremlin Leader","floor":29.0,"turns":9.0},{"damage":0,"enemies":"3 Cultists","floor":31,"turns":7},{"damage":6,"enemies":"Automaton","floor":33,"turns":11},{"damage":0,"enemies":"3 Shapes","floor":35,"turns":4},{"damage":0,"enemies":"3 Darklings","floor":36,"turns":7},{"damage":3,"enemies":"Spire Growth","floor":39,"turns":7},{"damage":0,"enemies":"Transient","floor":45,"turns":5},{"damage":0,"enemies":"Maw","floor":48,"turns":8},{"damage":0,"enemies":"Time Eater","floor":50,"turns":18}],"seed_played":"7927829538829600118","potions_obtained":[{"floor":3.0,"key":"Ancient Potion"},{"floor":11.0,"key":"Strength Potion"},{"floor":12.0,"key":"Fire Potion"},{"floor":18.0,"key":"Energy Potion"},{"floor":22.0,"key":"Energy Potion"},{"floor":33,"key":"Weak Potion"},{"floor":39,"key":"Ancient Potion"},{"floor":45,"key":"PowerPotion"},{"floor":48,"key":"SkillPotion"}],"is_trial":false,"path_per_floor":["M","?","M","$","M","R","E","R","T","E","M","M","$","M","R","B",null,"M","M","$","?","M","R","E","?","T","M","R","E","R","M","R","B",null,"M","M","?","$","M","R","?","R","T","R","M","$","R","M","R","B",null],"character_chosen":"THE_SILENT","items_purchased":["Dash","Dagger Spray","Cloak And Dagger","Footwork","Weak Potion","Swift Potion"],"campfire_rested":0,"item_purchase_floors":[4,13,20,20,46,46],"current_hp_per_floor":[69,70,70,70,70,70,52,52,52,28,28,28,28,28,28,28,70,68,68,68,35,35,35,35,35,35,29,29,29,29,29,29,23,35,35,35,35,35,32,32,32,32,32,32,32,32,32,32,32,32],"gold":37,"neow_bonus":"RANDOM_COMMON_RELIC","is_prod":false,"is_daily":false,"chose_seed":false,"campfire_upgraded":12,"win_rate":0,"timestamp":1548482859,"path_taken":["M","?","M","$","M","R","E","R","T","E","M","M","$","?","R","BOSS","M","M","$","?","M","R","E","?","T","M","R","E","R","M","R","BOSS","M","M","?","$","M","R","?","R","T","R","?","$","R","M","R","BOSS"],"build_version":"2019-01-23","purchased_purges":3,"victory":true,"max_hp_per_floor":[70,70,70,70,70,70,70,70,70,70,70,70,70,70,70,70,70,70,70,70,35,35,35,35,35,35,35,35,35,35,35,35,35,35,35,35,35,35,35,35,35,35,35,35,35,35,35,35,35,35],"card_choices":[{"not_picked":["Underhanded Strike","Dodge and Roll"],"picked":"Footwork","floor":1.0},{"not_picked":["Flying Knee","Dodge and Roll"],"picked":"Cloak And Dagger","floor":3.0},{"not_picked":["Deadly Poison","Slice"],"picked":"Sucker Punch","floor":5.0},{"not_picked":["Reflex","PiercingWail"],"picked":"Backflip","floor":7.0},{"not_picked":["Predator","Underhanded Strike"],"picked":"Adrenaline","floor":10.0},{"not_picked":["Underhanded Strike","Prepared"],"picked":"Noxious Fumes","floor":11.0},{"not_picked":["Sucker Punch","Outmaneuver"],"picked":"Noxious Fumes","floor":12.0},{"not_picked":["Crippling Poison","Skewer"],"picked":"Dodge and Roll","floor":14.0},{"not_picked":["Grand Finale","Storm of Steel"],"picked":"Tools of the Trade","floor":16.0},{"not_picked":["Expertise","Deflect","Skewer"],"picked":"SKIP","floor":18.0},{"not_picked":["Predator","Terror"],"picked":"Slice+1","floor":19.0},{"not_picked":["Deadly Poison","Deflect"],"picked":"Blade Dance","floor":22.0},{"not_picked":["Poisoned Stab","Acrobatics"],"picked":"Night Terror","floor":24.0},{"not_picked":["Skewer","Dagger Throw"],"picked":"Cloak And Dagger","floor":27.0},{"not_picked":["Dagger Spray","Predator"],"picked":"After Image","floor":29.0},{"not_picked":["Heel Hook","Noxious Fumes"],"picked":"PiercingWail","floor":31},{"not_picked":["Bouncing Flask","Eviscerate"],"picked":"Predator+1","floor":35},{"not_picked":["Slice","Poisoned Stab+1"],"picked":"Eviscerate","floor":36},{"not_picked":["Prepared+1","Masterful Stab"],"picked":"Dash","floor":39},{"not_picked":["Dagger Spray+1","Dagger Throw+1"],"picked":"Blade Dance+1","floor":45},{"not_picked":["Bane+1","Doppelganger","Bouncing Flask+1"],"picked":"SKIP","floor":48}],"player_experience":84354,"relics_obtained":[{"floor":7.0,"key":"Potion Belt"},{"floor":9.0,"key":"Lantern"},{"floor":10.0,"key":"Kunai"},{"floor":24.0,"key":"Bag of Marbles"},{"floor":26.0,"key":"Ancient Tea Set"},{"floor":29.0,"key":"Pen Nib"},{"floor":43,"key":"Bottled Tornado"}],"event_choices":[{"damage_healed":1.0,"max_hp_gain":0.0,"max_hp_loss":0.0,"gold_gain":0.0,"event_name":"Wheel of Change","player_choice":"Full Heal","floor":2.0,"gold_loss":0.0,"damage_taken":0.0},{"damage_healed":0.0,"max_hp_gain":0.0,"max_hp_loss":35.0,"gold_gain":0.0,"event_name":"Ghosts","player_choice":"Became a Ghost","floor":21.0,"gold_loss":0.0,"damage_taken":0.0,"cards_obtained":["Ghostly","Ghostly","Ghostly","Ghostly","Ghostly"]},{"cards_removed":["Strike_G"],"damage_healed":0.0,"max_hp_gain":0.0,"max_hp_loss":0.0,"gold_gain":0.0,"event_name":"Beggar","player_choice":"Gave Gold","floor":25.0,"gold_loss":75.0,"damage_taken":0.0},{"damage_healed":0,"gold_gain":0,"player_choice":"Memory 1","damage_taken":0,"max_hp_gain":0,"max_hp_loss":0,"event_name":"SensoryStone","floor":37,"gold_loss":0},{"damage_healed":0,"gold_gain":0,"player_choice":"0 cards matched","damage_taken":0,"max_hp_gain":0,"max_hp_loss":0,"event_name":"Match and Keep!","floor":41,"gold_loss":0,"cards_obtained":[]}],"is_beta":false,"boss_relics":[{"not_picked":["Sozu","Tiny House"],"picked":"Cursed Key"},{"not_picked":["Lizard Tail","Coffee Dripper"],"picked":"Snecko Eye"}],"items_purged_floors":[13,20,46],"is_endless":false,"potions_floor_spawned":[3,11,12,18,22,33,39,45,48],"ascension_level":4}