{"gold_per_floor":[10,10,25,39,24,59,59,88,88,115,115,126,145,159,159,159],"floor_reached":16,"playtime":848,"items_purged":[],"score":167,"play_id":"450cb173-2eaf-4c3d-b34e-f9d06bb0b594","local_time":"20190102191345","is_ascension_mode":true,"campfire_choices":[{"floor":7,"key":"REST"},{"data":"White Noise","floor":15,"key":"SMITH"}],"neow_cost":"NO_GOLD","seed_source_timestamp":1414693684870167,"circlet_count":0,"master_deck":["Strike_B","Strike_B","Defend_B","Defend_B","Defend_B","Defend_B","Zap","Dualcast","All For One","Chill","Streamline","Leap","Auto Shields","Lockon","Cold Snap","White Noise+1","Sunder","Cold Snap","Conserve Battery","Consume","White Noise"],"relics":["Cracked Core","Centennial Puzzle","Mummified Hand","Torii","Prayer Wheel"],"potions_floor_usage":[8,13,16],"damage_taken":[{"damage":0,"enemies":"Small Slimes","floor":1,"turns":3},{"damage":0,"enemies":"Cultist","floor":3,"turns":3},{"damage":0,"enemies":"Jaw Worm","floor":4,"turns":3},{"damage":23,"enemies":"Exordium Thugs","floor":5,"turns":4},{"damage":20,"enemies":"3 Sentries","floor":6,"turns":9},{"damage":15,"enemies":"Gremlin Nob","floor":8,"turns":4},{"damage":1,"enemies":"3 Sentries","floor":10,"turns":9},{"damage":1,"enemies":"Large Slime","floor":12,"turns":4},{"damage":6,"enemies":"Blue Slaver","floor":13,"turns":6},{"damage":1,"enemies":"Exordium Wildlife","floor":14,"turns":3},{"damage":23,"enemies":"The Guardian","floor":16,"turns":8}],"seed_played":"3043385867590043938","potions_obtained":[{"floor":1,"key":"Ancient Potion"},{"floor":6,"key":"AttackPotion"},{"floor":12,"key":"Regen Potion"},{"floor":13,"key":"Regen Potion"}],"is_trial":false,"path_per_floor":["M","?","M","M","M","E","R","E","T","E","?","M","M","M","R","B"],"character_chosen":"DEFECT","items_purchased":[],"campfire_rested":1,"item_purchase_floors":[],"current_hp_per_floor":[68,61,61,61,38,18,40,25,25,24,24,23,31,30,30,22],"gold":159,"neow_bonus":"THREE_RARE_CARDS","is_prod":false,"is_daily":false,"chose_seed":false,"campfire_upgraded":1,"win_rate":0,"timestamp":1546485225,"path_taken":["M","?","M","M","M","E","R","E","T","E","?","M","?","M","R","BOSS"],"build_version":"2018-12-20","purchased_purges":0,"victory":false,"max_hp_per_floor":[75,75,75,75,75,75,75,75,75,75,75,75,75,75,75,75],"card_choices":[{"not_picked":["Thunder Strike","Machine Learning"],"picked":"All For One","floor":0},{"not_picked":["Double Energy","Cold Snap"],"picked":"Chill","floor":1},{"not_picked":["Melter","Conserve Battery"],"picked":"Streamline","floor":3},{"not_picked":["Streamline","Stack"],"picked":"Leap","floor":4},{"not_picked":["Conserve Battery","Turbo"],"picked":"Auto Shields","floor":5},{"not_picked":["Machine Learning","Heatsinks"],"picked":"Lockon","floor":6},{"not_picked":["Steam","Creative AI"],"picked":"Cold Snap","floor":8},{"not_picked":["Hologram","Rebound"],"picked":"White Noise","floor":10},{"not_picked":["Steam","Self Repair"],"picked":"Cold Snap","floor":12},{"not_picked":["Turbo","Gash"],"picked":"Conserve Battery","floor":12},{"not_picked":["Gash","Rebound"],"picked":"Consume","floor":13},{"not_picked":["Conserve Battery","Steam","Redo"],"picked":"SKIP","floor":13},{"not_picked":["Gash","Storm"],"picked":"White Noise","floor":14},{"not_picked":["Gash","Force Field","Seek"],"picked":"SKIP","floor":14}],"player_experience":321043,"relics_obtained":[{"floor":6,"key":"Centennial Puzzle"},{"floor":8,"key":"Mummified Hand"},{"floor":9,"key":"Torii"},{"floor":10,"key":"Prayer Wheel"}],"event_choices":[{"cards_removed":["Strike_B"],"damage_healed":0,"gold_gain":0,"player_choice":"Card Removal","damage_taken":7,"max_hp_gain":0,"max_hp_loss":0,"event_name":"Golden Wing","floor":2,"gold_loss":0},{"damage_healed":0,"gold_gain":0,"cards_transformed":["Strike_B"],"player_choice":"Transformed","damage_taken":0,"max_hp_gain":0,"max_hp_loss":0,"event_name":"Transmorgrifier","floor":11,"gold_loss":0,"cards_obtained":["Sunder"]}],"is_beta":false,"boss_relics":[],"items_purged_floors":[],"is_endless":false,"potions_floor_spawned":[1,6,12,13],"killed_by":"The Guardian","ascension_level":7}