{"gold_per_floor":[112,112,15,15,33,33,48,48,48,48,73,84,111,124,124,124],"floor_reached":16,"playtime":346,"items_purged":["Defend_R"],"score":209,"play_id":"2894368e-2ca4-45a3-9cec-e0cf0c169e83","local_time":"20190210042213","is_ascension_mode":true,"campfire_choices":[{"data":"Rampage","floor":6.0,"key":"SMITH"},{"data":"Shrug It Off","floor":8,"key":"SMITH"},{"data":"Strike_R","floor":10,"key":"SMITH"},{"data":"Infernal Blade","floor":15,"key":"SMITH"}],"neow_cost":"NONE","seed_source_timestamp":49394452381300,"circlet_count":0,"master_deck":["AscendersBane","Strike_R","Strike_R","Strike_R","Strike_R","Strike_R+1","Defend_R","Defend_R","Defend_R","Bash+1","Shrug It Off+1","Rampage+1","Infernal Blade+1"],"special_seed":0,"relics":["Burning Blood","Ancient Tea Set","Gremlin Horn","Lantern","Darkstone Periapt"],"potions_floor_usage":[11,13],"damage_taken":[{"damage":10.0,"enemies":"Small Slimes","floor":1.0,"turns":4.0},{"damage":9.0,"enemies":"2 Louse","floor":5.0,"turns":3.0},{"damage":0,"enemies":"Cultist","floor":7,"turns":2},{"damage":0,"enemies":"Gremlin Nob","floor":11,"turns":3},{"damage":6,"enemies":"Exordium Wildlife","floor":12,"turns":3},{"damage":25,"enemies":"3 Sentries","floor":13,"turns":7},{"damage":5,"enemies":"3 Louse","floor":14,"turns":3},{"damage":53,"enemies":"Hexaghost","floor":16,"turns":7}],"seed_played":"-6113043663016048418","potions_obtained":[{"floor":5.0,"key":"FearPotion"},{"floor":7,"key":"Poison Potion"},{"floor":11,"key":"Explosive Potion"}],"is_trial":false,"path_per_floor":["M","?","$","?","M","R","M","R","T","R","E","M","E","M","R","B"],"character_chosen":"IRONCLAD","items_purchased":["Shrug It Off"],"campfire_rested":0,"item_purchase_floors":[3],"current_hp_per_floor":[76,58,58,58,55,55,61,61,61,61,67,67,48,49,49,0],"gold":124,"neow_bonus":"TEN_PERCENT_HP_BONUS","is_prod":false,"is_daily":false,"chose_seed":false,"campfire_upgraded":4,"win_rate":0,"timestamp":1549765333,"path_taken":["M","?","$","?","M","R","M","R","T","R","E","M","E","?","R","BOSS"],"build_version":"2019-01-23","purchased_purges":1,"victory":false,"max_hp_per_floor":[88,88,88,88,88,88,88,88,88,88,88,88,88,88,88,88],"card_choices":[{"not_picked":["Clash","Havoc","Clothesline"],"picked":"SKIP","floor":1.0},{"not_picked":["Rupture","Wild Strike"],"picked":"Rampage","floor":5.0},{"not_picked":["Twin Strike","Clash","Armaments"],"picked":"SKIP","floor":7},{"not_picked":["Heavy Blade","Thunderclap","Sentinel"],"picked":"SKIP","floor":11},{"not_picked":["Anger","Evolve","Flex"],"picked":"SKIP","floor":12},{"not_picked":["Body Slam","Twin Strike","Pommel Strike"],"picked":"SKIP","floor":13},{"not_picked":["Juggernaut","Cleave"],"picked":"Infernal Blade","floor":14}],"player_experience":687944,"relics_obtained":[{"floor":9,"key":"Gremlin Horn"},{"floor":11,"key":"Lantern"},{"floor":13,"key":"Darkstone Periapt"}],"event_choices":[{"damage_healed":0.0,"max_hp_gain":0.0,"max_hp_loss":0.0,"gold_gain":0.0,"event_name":"Scrap Ooze","player_choice":"Success","floor":2.0,"gold_loss":0.0,"damage_taken":18.0,"relics_obtained":["Ancient Tea Set"]},{"damage_healed":0.0,"max_hp_gain":0.0,"max_hp_loss":0.0,"gold_gain":0.0,"event_name":"Accursed Blacksmith","player_choice":"Forge","floor":4.0,"gold_loss":0.0,"damage_taken":0.0,"cards_upgraded":["Bash"]}],"is_beta":false,"boss_relics":[],"items_purged_floors":[3],"is_endless":false,"potions_floor_spawned":[5,7,11],"killed_by":"Hexaghost","ascension_level":11}