{"gold_per_floor":[118,118,136,61,74,74,93,93,116,131,153,53,53,71,71,169,169,179,94,94,105,105,105,105,140,164,39,39,39,39],"floor_reached":30,"playtime":756,"items_purged":["Strike_R","Strike_R","Strike_R"],"score":236,"play_id":"4a7cf84d-eaeb-421b-a406-c838d58c1c06","local_time":"20190209225621","is_ascension_mode":false,"campfire_choices":[{"data":"Bash","floor":6,"key":"SMITH"},{"data":"Dropkick","floor":8,"key":"SMITH"},{"floor":15,"key":"RECALL"},{"floor":23,"key":"REST"}],"neow_cost":"NONE","seed_source_timestamp":711570400936477,"circlet_count":0,"master_deck":["Defend_R","Defend_R","Defend_R","Defend_R","Bash+1","Dropkick+1"],"relics":["Burning Blood","Bag of Preparation","Odd Mushroom","Busted Crown","Centennial Puzzle","MutagenicStrength","Potion Belt","Omamori","Letter Opener"],"potions_floor_usage":[11,16,16,25,25,25,30],"damage_taken":[{"damage":5,"enemies":"Jaw Worm","floor":1,"turns":5},{"damage":5,"enemies":"Small Slimes","floor":3,"turns":5},{"damage":1,"enemies":"Cultist","floor":5,"turns":4},{"damage":16,"enemies":"3 Louse","floor":7,"turns":4},{"damage":9,"enemies":"Gremlin Gang","floor":10,"turns":7},{"damage":2,"enemies":"The Mushroom Lair","floor":11,"turns":4},{"damage":10,"enemies":"Exordium Thugs","floor":14,"turns":3},{"damage":51,"enemies":"The Guardian","floor":16,"turns":13},{"damage":21,"enemies":"2 Thieves","floor":18,"turns":5},{"damage":0,"enemies":"Chosen","floor":21,"turns":4},{"damage":54,"enemies":"Gremlin Leader","floor":25,"turns":8},{"damage":27,"enemies":"Snake Plant","floor":30,"turns":4}],"seed_played":"-251232360070631999","potions_obtained":[{"floor":3,"key":"Fire Potion"},{"floor":5,"key":"Strength Potion"},{"floor":10,"key":"SpeedPotion"},{"floor":20,"key":"Strength Potion"},{"floor":20,"key":"Block Potion"},{"floor":20,"key":"EssenceOfSteel"},{"floor":25,"key":"Fruit Juice"}],"is_trial":false,"path_per_floor":["M","?","M","$","M","R","M","R","T","M","?","$","?","M","R","B",null,"M","?","?","M","T","R","?","E","T","$","?","T","M"],"character_chosen":"IRONCLAD","items_purchased":[],"campfire_rested":1,"item_purchase_floors":[],"current_hp_per_floor":[80,80,80,80,80,80,70,70,70,67,71,71,71,67,67,22,80,65,65,65,71,71,80,80,32,32,32,17,17,0],"gold":39,"neow_bonus":"REMOVE_CARD","is_prod":false,"is_daily":false,"chose_seed":false,"campfire_upgraded":2,"win_rate":0,"timestamp":1549724181,"path_taken":["M","?","M","$","M","R","M","R","T","M","?","$","?","?","R","BOSS","M","?","?","?","?","R","?","E","T","$","?","?","M"],"build_version":"2019-01-23","purchased_purges":3,"victory":false,"max_hp_per_floor":[80,80,80,80,80,80,80,80,80,80,80,80,80,80,80,80,80,80,80,80,80,80,80,80,80,80,80,85,85,90],"card_choices":[{"not_picked":["Heavy Blade","Ghostly Armor","Blood for Blood"],"picked":"SKIP","floor":1},{"not_picked":["Power Through","Twin Strike","Rampage"],"picked":"SKIP","floor":3},{"not_picked":["Heavy Blade","Wild Strike"],"picked":"Dropkick","floor":5},{"not_picked":["Iron Wave","Sword Boomerang","Pommel Strike"],"picked":"SKIP","floor":7},{"not_picked":["Heavy Blade","Searing Blow","Armaments"],"picked":"SKIP","floor":10},{"not_picked":["Warcry","Heavy Blade","Twin Strike"],"picked":"SKIP","floor":14},{"not_picked":["Dual Wield"],"picked":"SKIP","floor":18},{"not_picked":["Cleave+1"],"picked":"SKIP","floor":21},{"not_picked":["Uppercut"],"picked":"SKIP","floor":25}],"player_experience":218734,"relics_obtained":[{"floor":9,"key":"Bag of Preparation"},{"floor":11,"key":"Odd Mushroom"},{"floor":25,"key":"Potion Belt"},{"floor":26,"key":"Omamori"},{"floor":29,"key":"Letter Opener"}],"event_choices":[{"damage_healed":0,"gold_gain":0,"player_choice":"Ignored","damage_taken":0,"max_hp_gain":0,"max_hp_loss":0,"event_name":"Liars Game","floor":2,"gold_loss":0},{"damage_healed":0,"gold_gain":0,"player_choice":"Fought Mushrooms","damage_taken":0,"max_hp_gain":0,"max_hp_loss":0,"event_name":"Mushrooms","floor":11,"gold_loss":0},{"cards_removed":["Strike_R"],"damage_healed":0,"gold_gain":0,"player_choice":"Card Removal","damage_taken":0,"max_hp_gain":0,"max_hp_loss":0,"event_name":"Wheel of Change","floor":13,"gold_loss":0},{"damage_healed":0,"gold_gain":0,"player_choice":"Obtained Relic","damage_taken":0,"relics_obtained":["Centennial Puzzle"],"max_hp_gain":0,"max_hp_loss":0,"event_name":"Addict","floor":19,"gold_loss":85},{"damage_healed":0,"gold_gain":0,"player_choice":"Got Potions","damage_taken":0,"max_hp_gain":0,"max_hp_loss":0,"event_name":"Lab","floor":20,"gold_loss":0},{"damage_healed":0,"gold_gain":0,"player_choice":"Inject Mutagens","damage_taken":0,"relics_obtained":["MutagenicStrength"],"max_hp_gain":0,"max_hp_loss":0,"event_name":"Drug Dealer","floor":24,"gold_loss":0},{"damage_healed":0,"gold_gain":0,"player_choice":"Shed Blood","damage_taken":20,"max_hp_gain":5,"max_hp_loss":0,"event_name":"Forgotten Altar","floor":28,"gold_loss":0}],"is_beta":false,"boss_relics":[{"not_picked":["Calling Bell","Orrery"],"picked":"Busted Crown"}],"items_purged_floors":[4,12,27],"is_endless":false,"potions_floor_spawned":[3,5,10,25],"killed_by":"Snake Plant","ascension_level":0}