{"gold_per_floor":[110,110,127,202,218,218,218,218,218,178,197,215,215,14,14,113,176,196,211,211,211,136,136,136,136,136,136,58,78,4,42,42,42],"floor_reached":33,"playtime":1810,"items_purged":[],"score":538,"play_id":"d28c55af-9d24-4c0d-bd36-9598ca1ee9f3","local_time":"20181222125638","is_ascension_mode":true,"campfire_choices":[{"data":"Neutralize","floor":6.0,"key":"SMITH"},{"data":"Infinite Blades","floor":8.0,"key":"SMITH"},{"data":"Apotheosis","floor":15.0,"key":"SMITH"},{"floor":23.0,"key":"REST"},{"floor":25.0,"key":"REST"},{"data":"Bullet Time","floor":27.0,"key":"SMITH"},{"data":"Footwork","floor":32.0,"key":"SMITH"}],"neow_cost":"NONE","seed_source_timestamp":440552693732633,"circlet_count":0,"master_deck":["AscendersBane","Defend_G","Defend_G+1","Defend_G","Defend_G","Defend_G","Strike_G","Strike_G","Strike_G","Strike_G","Survivor","Neutralize+1","Infinite Blades+1","Catalyst","Backflip","All Out Attack","Blade Dance","Caltrops","Apotheosis+1","Bullet Time+1","Dash","Dagger Spray+1","Footwork+1","Dagger Spray+1","Footwork","Slice+1"],"special_seed":0,"relics":["Ring of the Snake","Anchor","Happy Flower","Letter Opener","Golden Idol","Tiny House","Mercury Hourglass","Molten Egg 2"],"potions_floor_usage":[33],"damage_taken":[{"damage":0.0,"enemies":"Jaw Worm","floor":1.0,"turns":5.0},{"damage":3.0,"enemies":"Small Slimes","floor":3.0,"turns":5.0},{"damage":1.0,"enemies":"Cultist","floor":5.0,"turns":4.0},{"damage":0.0,"enemies":"Looter","floor":10.0,"turns":4.0},{"damage":2.0,"enemies":"Exordium Thugs","floor":11.0,"turns":3.0},{"damage":3.0,"enemies":"Blue Slaver","floor":12.0,"turns":3.0},{"damage":9.0,"enemies":"Slime Boss","floor":16.0,"turns":8.0},{"damage":21.0,"enemies":"Spheric Guardian","floor":18.0,"turns":6.0},{"damage":0.0,"enemies":"3 Byrds","floor":19.0,"turns":3.0},{"damage":9.0,"enemies":"Colosseum Slavers","floor":20.0,"turns":4.0},{"damage":12.0,"enemies":"Cultist and Chosen","floor":29.0,"turns":5.0},{"damage":0.0,"enemies":"Gremlin Leader","floor":31.0,"turns":6.0},{"damage":62,"enemies":"Automaton","floor":33,"turns":6}],"seed_played":"5506458923497612349","potions_obtained":[{"floor":3.0,"key":"SteroidPotion"},{"floor":11.0,"key":"Energy Potion"},{"floor":12.0,"key":"Weak Potion"},{"floor":17.0,"key":"LiquidBronze"},{"floor":19.0,"key":"Strength Potion"}],"is_trial":false,"path_per_floor":["M","?","M","?","M","R","T","R","T","M","M","M","?","$","R","B",null,"M","M","?","?","?","R","$","R","T","R","$","M","$","E","R","B"],"character_chosen":"THE_SILENT","items_purchased":["Apotheosis","Footwork","Footwork"],"campfire_rested":2,"item_purchase_floors":[14,28,30],"current_hp_per_floor":[59,59,56,45,44,44,44,44,44,44,42,39,39,39,39,30,58,37,37,28,28,28,47,47,65,65,65,65,53,53,53,53,0],"gold":42,"neow_bonus":"RANDOM_COMMON_RELIC","is_prod":false,"is_daily":false,"chose_seed":false,"campfire_upgraded":5,"win_rate":0,"timestamp":1545512198,"path_taken":["M","?","M","?","M","R","?","R","T","M","?","M","?","?","R","BOSS","M","M","?","?","?","R","?","R","T","R","$","M","$","E","R","BOSS"],"build_version":"2018-12-20","purchased_purges":0,"victory":false,"max_hp_per_floor":[66,66,66,66,66,66,66,66,66,66,66,66,60,60,60,60,65,65,65,65,65,65,65,65,65,65,65,65,65,65,65,65,65],"card_choices":[{"not_picked":["Underhanded Strike","Deadly Poison"],"picked":"Infinite Blades","floor":1.0},{"not_picked":["Leg Sweep","Masterful Stab"],"picked":"Catalyst","floor":3.0},{"not_picked":["PiercingWail","Poisoned Stab"],"picked":"Backflip","floor":5.0},{"not_picked":["Deflect","Dagger Throw"],"picked":"All Out Attack","floor":10.0},{"not_picked":["Quick Slash","Unload"],"picked":"Blade Dance","floor":11.0},{"not_picked":["Underhanded Strike","Backstab"],"picked":"Caltrops","floor":12.0},{"not_picked":["Die Die Die","Venomology"],"picked":"Bullet Time","floor":16.0},{"not_picked":["Outmaneuver","Bane"],"picked":"Dash","floor":17.0},{"not_picked":["Quick Slash","Flying Knee","All Out Attack"],"picked":"SKIP","floor":18.0},{"not_picked":["Blade Dance","Eviscerate+1"],"picked":"Dagger Spray+1","floor":19.0},{"not_picked":["All Out Attack","Poisoned Stab"],"picked":"Dagger Spray+1","floor":29.0},{"not_picked":["Wraith Form v2","Dagger Spray"],"picked":"Slice+1","floor":31.0}],"player_experience":184991,"relics_obtained":[{"floor":7.0,"key":"Happy Flower"},{"floor":9.0,"key":"Letter Opener"},{"floor":26.0,"key":"Mercury Hourglass"},{"floor":31.0,"key":"Molten Egg 2"}],"event_choices":[{"damage_healed":0.0,"max_hp_gain":0.0,"max_hp_loss":0.0,"gold_gain":0.0,"event_name":"Liars Game","player_choice":"Ignored","floor":2.0,"gold_loss":0.0,"damage_taken":0.0},{"damage_healed":0.0,"max_hp_gain":0.0,"max_hp_loss":0.0,"gold_gain":75.0,"event_name":"World of Goop","player_choice":"Gather Gold","floor":4.0,"gold_loss":0.0,"damage_taken":11.0},{"damage_healed":0.0,"max_hp_gain":0.0,"max_hp_loss":6.0,"gold_gain":0.0,"event_name":"Golden Idol","player_choice":"Lose Max HP","floor":13.0,"gold_loss":0.0,"damage_taken":0.0,"relics_obtained":["Golden Idol"]},{"damage_healed":0.0,"max_hp_gain":0.0,"max_hp_loss":0.0,"gold_gain":0.0,"event_name":"Colosseum","player_choice":"Fight","floor":20.0,"gold_loss":0.0,"damage_taken":0.0},{"damage_healed":0.0,"max_hp_gain":0.0,"max_hp_loss":0.0,"gold_gain":0.0,"event_name":"Colosseum","player_choice":"Fled From Nobs","floor":20.0,"gold_loss":0.0,"damage_taken":0.0},{"damage_healed":0.0,"max_hp_gain":0.0,"max_hp_loss":0.0,"gold_gain":0.0,"event_name":"Cursed Tome","player_choice":"Ignored","floor":21.0,"gold_loss":0.0,"damage_taken":0.0},{"cards_removed":["Strike_G"],"damage_healed":0.0,"max_hp_gain":0.0,"max_hp_loss":0.0,"gold_gain":0.0,"event_name":"Beggar","player_choice":"Gave Gold","floor":22.0,"gold_loss":75.0,"damage_taken":0.0}],"is_beta":false,"boss_relics":[{"not_picked":["Philosopher\u0027s Stone","White Beast Statue"],"picked":"Tiny House"}],"items_purged_floors":[],"is_endless":false,"potions_floor_spawned":[3,11,12,19],"killed_by":"Automaton","ascension_level":19}