{"gold_per_floor":[215,232,157,157,57,57,71,95,395,413,432,432,432,432,432,432],"floor_reached":16,"playtime":689,"items_purged":["Strike_G","Strike_G"],"score":90,"play_id":"bd8d4185-d85b-4fa2-ba17-13515a18c796","local_time":"20190209220315","is_ascension_mode":false,"campfire_choices":[{"data":"Neutralize","floor":6,"key":"SMITH"},{"data":"Cloak And Dagger","floor":13,"key":"SMITH"},{"floor":15,"key":"REST"}],"neow_cost":"NONE","seed_source_timestamp":708449689907701,"circlet_count":0,"master_deck":["Defend_G","Defend_G","Defend_G","Defend_G","Defend_G","Strike_G","Strike_G","Survivor","Neutralize+1","Cloak And Dagger","Backflip","Cloak And Dagger+1","Skewer","Flying Knee"],"relics":["Ring of the Snake","Odd Mushroom","Old Coin","Question Card"],"potions_floor_usage":[16],"damage_taken":[{"damage":0,"enemies":"Cultist","floor":1,"turns":4},{"damage":0,"enemies":"2 Louse","floor":2,"turns":3},{"damage":0,"enemies":"Small Slimes","floor":7,"turns":4},{"damage":13,"enemies":"The Mushroom Lair","floor":8,"turns":9},{"damage":5,"enemies":"Exordium Wildlife","floor":10,"turns":11},{"damage":0,"enemies":"Blue Slaver","floor":11,"turns":5},{"damage":81,"enemies":"Hexaghost","floor":16,"turns":18}],"seed_played":"-6320563785506902730","potions_obtained":[{"floor":2,"key":"FairyPotion"},{"floor":7,"key":"GhostInAJar"},{"floor":10,"key":"SpeedPotion"}],"is_trial":false,"path_per_floor":["M","M","$","?","$","R","M","?","T","M","M","?","R","T","R","B"],"character_chosen":"THE_SILENT","items_purchased":[],"campfire_rested":1,"item_purchase_floors":[],"current_hp_per_floor":[70,70,70,63,63,63,63,50,50,45,45,45,45,45,66,0],"gold":432,"neow_bonus":"HUNDRED_GOLD","is_prod":false,"is_daily":false,"chose_seed":false,"campfire_upgraded":2,"win_rate":0,"timestamp":1549720995,"path_taken":["M","M","?","?","$","R","M","?","T","?","M","?","R","?","R","BOSS"],"build_version":"2019-01-23","purchased_purges":2,"victory":false,"max_hp_per_floor":[70,70,70,70,70,70,70,70,70,70,70,70,70,70,70,70],"card_choices":[{"not_picked":["Outmaneuver","PiercingWail"],"picked":"Cloak And Dagger","floor":1},{"not_picked":["PiercingWail","Concentrate"],"picked":"Backflip","floor":2},{"not_picked":["Deflect","Eviscerate"],"picked":"Cloak And Dagger","floor":7},{"not_picked":["Prepared","Finisher"],"picked":"Skewer","floor":10},{"not_picked":["Eviscerate","Reflex"],"picked":"Flying Knee","floor":11}],"player_experience":215648,"relics_obtained":[{"floor":8,"key":"Odd Mushroom"},{"floor":9,"key":"Old Coin"},{"floor":14,"key":"Question Card"}],"event_choices":[{"cards_removed":["Strike_G"],"damage_healed":0,"gold_gain":0,"player_choice":"Card Removal","damage_taken":7,"max_hp_gain":0,"max_hp_loss":0,"event_name":"Golden Wing","floor":4,"gold_loss":0},{"damage_healed":0,"gold_gain":0,"player_choice":"Fought Mushrooms","damage_taken":0,"max_hp_gain":0,"max_hp_loss":0,"event_name":"Mushrooms","floor":8,"gold_loss":0},{"damage_healed":0,"gold_gain":0,"player_choice":"Ignored","damage_taken":0,"max_hp_gain":0,"max_hp_loss":0,"event_name":"Liars Game","floor":12,"gold_loss":0}],"is_beta":false,"boss_relics":[],"items_purged_floors":[3,5],"is_endless":false,"potions_floor_spawned":[2,7,10],"killed_by":"Hexaghost","ascension_level":0}