{"gold_per_floor":[212,212,222,237,247,247,247,260,260,275,275,292,313,326,326,428,428,439,455,455,468,488,488,488,488,488,500,516,544,51,67,67,169,169,181,181,197,210,227,227,247,247,247,247,262,277,277,277,277,277],"floor_reached":51,"playtime":6293,"items_purged":["Defend_R"],"score":644,"play_id":"96f46e78-f6bf-444d-b25c-ce1871ea9539","local_time":"20180918212505","is_ascension_mode":false,"campfire_choices":[{"floor":6,"key":"REST"},{"floor":11,"key":"REST"},{"floor":15,"key":"REST"},{"floor":23,"key":"REST"},{"floor":25,"key":"REST"},{"floor":32,"key":"REST"},{"floor":40,"key":"REST"},{"data":"Limit Break","floor":42,"key":"SMITH"},{"data":"Flex","floor":44,"key":"SMITH"},{"floor":47,"key":"REST"},{"data":"Uppercut","floor":49,"key":"SMITH"}],"neow_cost":"NONE","seed_source_timestamp":867152554343077,"circlet_count":0,"master_deck":["Strike_R","Strike_R+1","Strike_R","Strike_R+1","Bash+1","Thunderclap","Shockwave","Iron Wave","Fiend Fire","Uppercut+1","Sword Boomerang+1","Spot Weakness+1","Bludgeon","Shrug It Off+1","Offering","Dropkick","Limit Break+1","Shrug It Off","True Grit","Flex+1","Headbutt+1","Shrug It Off+1","Shrug It Off+1"],"relics":["Burning Blood","PreservedInsect","Odd Mushroom","Runic Dome","MutagenicStrength","Paper Frog","Happy Flower","Whetstone","Regal Pillow","Empty Cage","Self Forming Clay"],"potions_floor_usage":[16,16,16,39,50,50,50],"damage_taken":[{"damage":5,"enemies":"Small Slimes","floor":1,"turns":4},{"damage":6,"enemies":"Cultist","floor":3,"turns":3},{"damage":18,"enemies":"Jaw Worm","floor":4,"turns":3},{"damage":20,"enemies":"Looter","floor":5,"turns":3},{"damage":21,"enemies":"Blue Slaver","floor":8,"turns":4},{"damage":6,"enemies":"3 Louse","floor":10,"turns":3},{"damage":18,"enemies":"Large Slime","floor":12,"turns":6},{"damage":32,"enemies":"The Mushroom Lair","floor":13,"turns":5},{"damage":13,"enemies":"Red Slaver","floor":14,"turns":5},{"damage":81,"enemies":"Hexaghost","floor":16,"turns":13},{"damage":40,"enemies":"Shell Parasite","floor":18,"turns":6},{"damage":17,"enemies":"3 Byrds","floor":19,"turns":6},{"damage":15,"enemies":"Snecko","floor":21,"turns":4},{"damage":17,"enemies":"Cultist and Chosen","floor":22,"turns":4},{"damage":15,"enemies":"Snake Plant","floor":27,"turns":2},{"damage":11,"enemies":"Snecko","floor":28,"turns":4},{"damage":8,"enemies":"Book of Stabbing","floor":29,"turns":2},{"damage":6,"enemies":"3 Cultists","floor":31,"turns":2},{"damage":45,"enemies":"Collector","floor":33,"turns":7},{"damage":22,"enemies":"3 Darklings","floor":35,"turns":3},{"damage":9,"enemies":"3 Shapes","floor":37,"turns":2},{"damage":28,"enemies":"Sphere and 2 Shapes","floor":38,"turns":4},{"damage":13,"enemies":"3 Darklings","floor":39,"turns":3},{"damage":9,"enemies":"Maw","floor":41,"turns":4},{"damage":29,"enemies":"Spire Growth","floor":45,"turns":3},{"damage":12,"enemies":"Reptomancer","floor":46,"turns":3},{"damage":54,"enemies":"Awakened One","floor":50,"turns":6}],"seed_played":"-5335481041067484283","potions_obtained":[{"floor":3,"key":"Regen Potion"},{"floor":8,"key":"BloodPotion"},{"floor":12,"key":"Weak Potion"},{"floor":28,"key":"Ancient Potion"},{"floor":33,"key":"PowerPotion"},{"floor":41,"key":"FairyPotion"},{"floor":46,"key":"AttackPotion"}],"is_trial":false,"path_per_floor":["M","?","M","M","M","R","?","M","T","M","R","M","?","M","R","B",null,"M","M","?","M","M","R","?","R","T","M","M","E","$","M","R","B",null,"M","?","M","M","M","R","M","R","T","R","M","M","R","?","R","B"],"character_chosen":"IRONCLAD","items_purchased":["Whetstone","Regal Pillow","BloodPotion","Energy Potion"],"campfire_rested":8,"item_purchase_floors":[30,30,30,30],"current_hp_per_floor":[80,80,80,68,54,78,71,56,56,56,80,68,42,35,59,7,80,46,35,35,26,15,39,30,54,54,45,40,38,38,38,77,38,80,64,64,61,39,32,71,68,68,68,68,45,39,78,78,78,30],"gold":277,"neow_bonus":"HUNDRED_GOLD","is_prod":false,"is_daily":false,"chose_seed":false,"campfire_upgraded":3,"win_rate":0,"timestamp":1537320305,"path_taken":["M","?","M","M","M","R","?","M","T","M","R","M","?","M","R","BOSS","M","M","?","M","M","R","?","R","T","M","M","E","$","M","R","BOSS","M","?","M","?","M","R","M","R","T","R","M","M","R","?","R","BOSS"],"build_version":"2018-09-06","purchased_purges":1,"victory":true,"max_hp_per_floor":[80,80,80,80,80,80,80,80,80,80,80,80,80,80,80,80,80,80,80,80,80,80,80,80,80,80,80,80,80,80,80,80,80,80,80,80,80,80,80,80,80,80,80,80,80,80,80,80,80,80],"card_choices":[{"not_picked":["Shrug It Off","True Grit"],"picked":"Thunderclap","floor":1},{"not_picked":["Perfected Strike","True Grit","Disarm"],"picked":"SKIP","floor":3},{"not_picked":["Body Slam","True Grit"],"picked":"Shockwave","floor":4},{"not_picked":["Armaments","Headbutt","Thunderclap"],"picked":"SKIP","floor":5},{"not_picked":["Clothesline","Sword Boomerang","Disarm"],"picked":"SKIP","floor":8},{"not_picked":["Perfected Strike","Berserk","Thunderclap"],"picked":"SKIP","floor":10},{"not_picked":["True Grit","Corruption","Iron Wave"],"picked":"SKIP","floor":12},{"not_picked":["Havoc","Anger"],"picked":"Iron Wave","floor":13},{"not_picked":["Second Wind","Havoc","Pommel Strike"],"picked":"SKIP","floor":14},{"not_picked":["Reaper","Brutality"],"picked":"Fiend Fire","floor":16},{"not_picked":["True Grit","Anger"],"picked":"Uppercut","floor":18},{"not_picked":["Corruption","Sentinel"],"picked":"Sword Boomerang+1","floor":19},{"not_picked":["Headbutt","Blood for Blood","Perfected Strike"],"picked":"SKIP","floor":21},{"not_picked":["Headbutt","Clothesline"],"picked":"Spot Weakness+1","floor":22},{"not_picked":["Body Slam","Armaments"],"picked":"Bludgeon","floor":27},{"not_picked":["Sword Boomerang","Ghostly Armor"],"picked":"Shrug It Off+1","floor":28},{"not_picked":["Entrench","Seeing Red"],"picked":"Offering","floor":29},{"not_picked":["Carnage","Rampage+1"],"picked":"Dropkick","floor":31},{"not_picked":["Exhume","Impervious"],"picked":"Limit Break","floor":33},{"not_picked":["Second Wind+1","Fire Breathing","Perfected Strike+1"],"picked":"SKIP","floor":35},{"not_picked":["Body Slam+1","Cleave+1"],"picked":"True Grit","floor":37},{"not_picked":["Bloodletting+1","Iron Wave"],"picked":"Flex+1","floor":38},{"not_picked":["Reckless Charge+1","Headbutt"],"picked":"Flex","floor":39},{"not_picked":["Entrench+1","Rampage+1"],"picked":"Headbutt+1","floor":41},{"not_picked":["Wild Strike+1","Armaments+1"],"picked":"Shrug It Off+1","floor":45},{"not_picked":["Warcry","Flame Barrier"],"picked":"Shrug It Off+1","floor":46}],"player_experience":2780196,"relics_obtained":[{"floor":9,"key":"PreservedInsect"},{"floor":13,"key":"Odd Mushroom"},{"floor":26,"key":"Paper Frog"},{"floor":29,"key":"Happy Flower"},{"floor":43,"key":"Self Forming Clay"}],"event_choices":[{"event_name":"Accursed Blacksmith","player_choice":"Forge","floor":2,"damage_taken":0},{"event_name":"Golden Wing","player_choice":"Card Removal","floor":7,"damage_taken":0},{"event_name":"Mushrooms","player_choice":"Fought Mushrooms","floor":13,"damage_taken":0},{"event_name":"Drug Dealer","player_choice":"Inject Mutagens","floor":20,"damage_taken":0},{"event_name":"Cursed Tome","player_choice":"Stopped","floor":24,"damage_taken":0},{"event_name":"Transmorgrifier","player_choice":"Transform","floor":36,"damage_taken":0},{"event_name":"Falling","player_choice":"Removed Skill","floor":48,"damage_taken":0}],"is_beta":false,"boss_relics":[{"not_picked":["Coffee Dripper","Black Blood"],"picked":"Runic Dome"},{"not_picked":["Black Star","White Beast Statue"],"picked":"Empty Cage"}],"items_purged_floors":[30],"is_endless":false,"potions_floor_spawned":[3,8,12,13,28,31,33,38,41,46],"ascension_level":0}