{"gold_per_floor":[110,122,139,150,163,163,197,216,268,193,108,123,123,143,143,217,217,237,250,262,0,0,0,27,27,76,76,175,191,191,220,220,220],"floor_reached":33,"playtime":1822,"items_purged":["Strike_G"],"score":477,"play_id":"9249b595-d582-4f3f-a254-2acb12718e0d","local_time":"20181123195834","is_ascension_mode":true,"campfire_choices":[{"data":"Dagger Spray","floor":6.0,"key":"SMITH"},{"floor":15.0,"key":"REST"},{"floor":23,"key":"REST"},{"data":"Sucker Punch","floor":27,"key":"SMITH"},{"floor":32,"key":"REST"}],"neow_cost":"NONE","seed_source_timestamp":0,"circlet_count":0,"master_deck":["AscendersBane","Defend_G","Defend_G","Defend_G","Defend_G","Defend_G","Strike_G","Strike_G","Strike_G","Strike_G","Survivor","Neutralize","Backflip","Dagger Spray+1","Cloak And Dagger","Finisher","Infinite Blades","Accuracy","Cloak And Dagger","Dagger Spray","Choke+1","Adrenaline","Accuracy","Cloak And Dagger+1","Sucker Punch+1","Masterful Stab","Terror"],"special_seed":0,"relics":["Philosopher\u0027s Stone","Question Card","Juzu Bracelet","Mummified Hand","Runic Dome","Matryoshka","PreservedInsect","Bottled Tornado","Incense Burner","Potion Belt"],"potions_floor_usage":[24,31,33],"damage_taken":[{"damage":8.0,"enemies":"Cultist","floor":1.0,"turns":4.0},{"damage":5.0,"enemies":"Small Slimes","floor":2.0,"turns":4.0},{"damage":0.0,"enemies":"2 Louse","floor":3.0,"turns":4.0},{"damage":6.0,"enemies":"Large Slime","floor":4.0,"turns":9.0},{"damage":3.0,"enemies":"Red Slaver","floor":5.0,"turns":4.0},{"damage":14.0,"enemies":"Gremlin Nob","floor":7.0,"turns":4.0},{"damage":0.0,"enemies":"3 Louse","floor":8.0,"turns":3.0},{"damage":5.0,"enemies":"Large Slime","floor":12.0,"turns":5.0},{"damage":5.0,"enemies":"Blue Slaver","floor":14.0,"turns":4.0},{"damage":12.0,"enemies":"Slime Boss","floor":16.0,"turns":8.0},{"damage":7,"enemies":"Shell Parasite","floor":18,"turns":4},{"damage":0,"enemies":"3 Byrds","floor":19,"turns":4},{"damage":46,"enemies":"Snake Plant","floor":20,"turns":5},{"damage":1,"enemies":"Slavers","floor":24,"turns":5},{"damage":14,"enemies":"Shelled Parasite and Fungi","floor":29,"turns":4},{"damage":13,"enemies":"Book of Stabbing","floor":31,"turns":3},{"damage":51,"enemies":"Collector","floor":33,"turns":6}],"seed_played":"3648815041655873585","potions_obtained":[{"floor":4.0,"key":"Poison Potion"},{"floor":8.0,"key":"EntropicBrew"},{"floor":18,"key":"SpeedPotion"},{"floor":19,"key":"Weak Potion"},{"floor":24,"key":"AttackPotion"}],"is_trial":false,"path_per_floor":["M","M","M","M","M","R","E","M","T","$","?","M","?","M","R","B",null,"M","M","M","?","?","R","E","?","T","R","?","M","?","E","R","B"],"character_chosen":"THE_SILENT","items_purchased":[],"campfire_rested":3,"item_purchase_floors":[],"current_hp_per_floor":[55,50,50,44,41,41,27,27,27,27,27,22,22,17,38,26,59,52,52,6,6,6,27,26,49,49,49,49,35,35,22,43,0],"gold":220,"neow_bonus":"BOSS_RELIC","is_prod":false,"is_daily":false,"chose_seed":false,"campfire_upgraded":2,"win_rate":0,"timestamp":1543031914,"path_taken":["M","M","M","M","M","R","E","M","T","?","?","M","?","M","R","BOSS","M","M","M","?","?","R","E","?","T","R","?","M","?","E","R","BOSS"],"build_version":"2018-11-15","purchased_purges":1,"victory":false,"max_hp_per_floor":[70,70,70,70,70,70,70,70,70,70,70,70,70,70,70,70,70,70,70,70,70,70,70,70,70,70,70,70,70,70,70,70,70],"card_choices":[{"not_picked":["Cloak And Dagger","Endless Agony"],"picked":"Backflip","floor":1.0},{"not_picked":["Predator","Catalyst"],"picked":"Dagger Spray","floor":2.0},{"not_picked":["Caltrops","Riddle With Holes"],"picked":"Cloak And Dagger","floor":3.0},{"not_picked":["Slice","Backflip"],"picked":"Finisher","floor":4.0},{"not_picked":["Slice","Reflex"],"picked":"Infinite Blades","floor":5.0},{"not_picked":["Finisher","Bane"],"picked":"Accuracy","floor":7.0},{"not_picked":["Phantasmal Killer","Acrobatics","Concentrate"],"picked":"Cloak And Dagger","floor":8.0},{"not_picked":["Poisoned Stab","Escape Plan","Eviscerate"],"picked":"Dagger Spray","floor":12.0},{"not_picked":["Acrobatics","Dagger Spray","Grand Finale"],"picked":"Choke","floor":14.0},{"not_picked":["Storm of Steel","Doppelganger","Grand Finale"],"picked":"Adrenaline","floor":16.0},{"not_picked":["Endless Agony","Caltrops","Poisoned Stab"],"picked":"Accuracy","floor":18},{"not_picked":["Dagger Throw","Deadly Poison","Underhanded Strike"],"picked":"Cloak And Dagger+1","floor":19},{"not_picked":["Blade Dance","Crippling Poison","Escape Plan"],"picked":"Sucker Punch","floor":20},{"not_picked":["Flying Knee","Endless Agony","Blur"],"picked":"Masterful Stab","floor":24},{"not_picked":["Finisher","Cloak And Dagger","Tools of the Trade","Flying Knee"],"picked":"SKIP","floor":29},{"not_picked":["Eviscerate","Blur","Grand Finale"],"picked":"Terror","floor":31}],"player_experience":127813,"relics_obtained":[{"floor":7.0,"key":"Question Card"},{"floor":9.0,"key":"Juzu Bracelet"},{"floor":24,"key":"Matryoshka"},{"floor":26,"key":"PreservedInsect"},{"floor":26,"key":"Bottled Tornado"},{"floor":31,"key":"Potion Belt"}],"event_choices":[{"damage_healed":0.0,"max_hp_gain":0.0,"max_hp_loss":0.0,"gold_gain":0.0,"event_name":"WeMeetAgain","player_choice":"Paid Gold","floor":11.0,"gold_loss":85.0,"damage_taken":0.0,"relics_obtained":["Mummified Hand"]},{"damage_healed":0.0,"max_hp_gain":0.0,"max_hp_loss":0.0,"gold_gain":0.0,"event_name":"Golden Idol","player_choice":"Ignored","floor":13.0,"gold_loss":0.0,"damage_taken":0.0},{"damage_healed":0,"gold_gain":0,"player_choice":"Paid Fearfully","damage_taken":0,"max_hp_gain":0,"max_hp_loss":0,"event_name":"Masked Bandits","floor":21,"gold_loss":262},{"damage_healed":0,"gold_gain":0,"player_choice":"Forge","damage_taken":0,"max_hp_gain":0,"max_hp_loss":0,"event_name":"Accursed Blacksmith","floor":22,"gold_loss":0,"cards_upgraded":["Choke"]},{"damage_healed":23,"gold_gain":0,"player_choice":"Heal","damage_taken":0,"max_hp_gain":0,"max_hp_loss":0,"event_name":"The Library","floor":25,"gold_loss":0},{"damage_healed":0,"gold_gain":99,"player_choice":"Stole From Cult","damage_taken":0,"max_hp_gain":0,"max_hp_loss":0,"event_name":"Nest","floor":28,"gold_loss":0},{"damage_healed":0,"gold_gain":0,"player_choice":"Opened","damage_taken":0,"relics_obtained":["Incense Burner"],"max_hp_gain":0,"max_hp_loss":0,"event_name":"The Mausoleum","floor":30,"gold_loss":0}],"is_beta":false,"boss_relics":[{"not_picked":["Calling Bell","Eternal Feather"],"picked":"Runic Dome"}],"items_purged_floors":[10],"is_endless":false,"potions_floor_spawned":[4,8,12,18,19,24],"killed_by":"Collector","ascension_level":13}