{"gold_per_floor":[110,110,126,144,162,190,190,225,225,260,260,260,276,288,288,288],"floor_reached":16,"playtime":586,"items_purged":[],"score":232,"play_id":"83fbd82b-f620-4bcb-a35b-ffc76013cc46","local_time":"20190208112343","is_ascension_mode":true,"campfire_choices":[{"floor":7,"key":"REST"},{"floor":12,"key":"REST"},{"data":"Zap","floor":15,"key":"SMITH"}],"neow_cost":"NONE","seed_source_timestamp":220845872383581,"circlet_count":0,"master_deck":["AscendersBane","Strike_B","Strike_B","Strike_B","Strike_B","Defend_B","Defend_B","Defend_B","Defend_B","Zap+1","Dualcast","FTL","Ball Lightning","Leap","Self Repair","Cold Snap","Chill","Coolheaded","Amplify"],"relics":["Cracked Core","Oddly Smooth Stone","DataDisk","Mummified Hand","Juzu Bracelet","Darkstone Periapt","Frozen Egg 2"],"potions_floor_usage":[6,10,16],"damage_taken":[{"damage":0,"enemies":"Cultist","floor":1,"turns":3},{"damage":8,"enemies":"2 Louse","floor":3,"turns":3},{"damage":12,"enemies":"Small Slimes","floor":4,"turns":3},{"damage":5,"enemies":"Looter","floor":5,"turns":3},{"damage":11,"enemies":"Gremlin Nob","floor":6,"turns":3},{"damage":26,"enemies":"3 Sentries","floor":8,"turns":7},{"damage":24,"enemies":"Gremlin Nob","floor":10,"turns":4},{"damage":0,"enemies":"Red Slaver","floor":13,"turns":3},{"damage":15,"enemies":"Large Slime","floor":14,"turns":3},{"damage":33,"enemies":"The Guardian","floor":16,"turns":2}],"seed_played":"7931776185504800091","potions_obtained":[{"floor":1,"key":"Poison Potion"},{"floor":5,"key":"Ancient Potion"},{"floor":13,"key":"Strength Potion"}],"is_trial":false,"path_per_floor":["M","T","M","M","M","E","R","E","T","E","?","R","M","M","R","B"],"character_chosen":"DEFECT","items_purchased":[],"campfire_rested":2,"item_purchase_floors":[],"current_hp_per_floor":[64,64,56,44,39,28,49,30,30,13,13,34,41,33,33,0],"gold":288,"neow_bonus":"RANDOM_COMMON_RELIC","is_prod":false,"is_daily":false,"chose_seed":false,"campfire_upgraded":1,"win_rate":0,"timestamp":1549653823,"path_taken":["M","?","M","M","M","E","R","E","T","E","?","R","M","M","R","BOSS"],"build_version":"2019-01-23","purchased_purges":0,"victory":false,"max_hp_per_floor":[71,71,71,71,71,71,71,71,71,71,71,71,71,71,71,71],"card_choices":[{"not_picked":["Conserve Battery","Turbo"],"picked":"FTL","floor":1},{"not_picked":["Stack","Beam Cell","Redo"],"picked":"SKIP","floor":3},{"not_picked":["Cold Snap","Sweeping Beam"],"picked":"Ball Lightning","floor":4},{"not_picked":["Chaos","Multi-Cast"],"picked":"Leap","floor":5},{"not_picked":["FTL","Redo"],"picked":"Self Repair","floor":6},{"not_picked":["Melter","Steam"],"picked":"Cold Snap","floor":8},{"not_picked":["Meteor Strike","Go for the Eyes"],"picked":"Chill","floor":10},{"not_picked":["Rebound","Sweeping Beam","Redo"],"picked":"SKIP","floor":13},{"not_picked":["Streamline","Beam Cell"],"picked":"Amplify","floor":14}],"player_experience":510350,"relics_obtained":[{"floor":2,"key":"DataDisk"},{"floor":6,"key":"Mummified Hand"},{"floor":8,"key":"Juzu Bracelet"},{"floor":9,"key":"Darkstone Periapt"},{"floor":10,"key":"Frozen Egg 2"}],"event_choices":[{"damage_healed":0,"gold_gain":0,"player_choice":"1 cards matched","damage_taken":0,"max_hp_gain":0,"max_hp_loss":0,"event_name":"Match and Keep!","floor":11,"gold_loss":0,"cards_obtained":["Coolheaded"]}],"is_beta":false,"boss_relics":[],"items_purged_floors":[],"is_endless":false,"potions_floor_spawned":[1,5,13],"killed_by":"The Guardian","ascension_level":18}