{"gold_per_floor":[113,113,127,143,68,68,100,111,135,85,102,102,121,121,121,121],"floor_reached":16,"playtime":323,"items_purged":["Decay"],"score":173,"play_id":"7e712642-b57b-4a34-8abf-5f3bc9aab38c","local_time":"20190210234700","is_ascension_mode":true,"campfire_choices":[{"data":"Bash","floor":6,"key":"SMITH"},{"data":"Cleave","floor":12,"key":"SMITH"},{"data":"Infernal Blade","floor":15,"key":"SMITH"}],"neow_cost":"NONE","seed_source_timestamp":26322747589000,"circlet_count":0,"master_deck":["AscendersBane","Strike_R","Strike_R","Strike_R","Strike_R","Defend_R","Defend_R","Defend_R","Bash+1","Infernal Blade+1","Ghostly Armor","Cleave+1"],"relics":["Burning Blood","NeowsBlessing","Lantern","Omamori"],"potions_floor_usage":[16,16],"damage_taken":[{"damage":0,"enemies":"2 Louse","floor":1,"turns":1},{"damage":0,"enemies":"Cultist","floor":3,"turns":1},{"damage":0,"enemies":"Small Slimes","floor":4,"turns":1},{"damage":55,"enemies":"Lagavulin","floor":7,"turns":6},{"damage":11,"enemies":"Blue Slaver","floor":8,"turns":5},{"damage":2,"enemies":"Exordium Wildlife","floor":11,"turns":3},{"damage":3,"enemies":"Large Slime","floor":13,"turns":5},{"damage":22,"enemies":"Hexaghost","floor":16,"turns":8}],"seed_played":"-5529599322683402594","potions_obtained":[{"floor":4,"key":"Weak Potion"},{"floor":7,"key":"AttackPotion"}],"is_trial":false,"path_per_floor":["M","?","M","M","$","R","E","M","T","?","M","R","M","?","R","B"],"character_chosen":"IRONCLAD","items_purchased":[],"campfire_rested":0,"item_purchase_floors":[],"current_hp_per_floor":[74,74,75,75,75,75,26,21,21,21,25,25,28,21,21,0],"gold":121,"neow_bonus":"THREE_ENEMY_KILL","is_prod":false,"is_daily":false,"chose_seed":false,"campfire_upgraded":3,"win_rate":0,"timestamp":1549835220,"path_taken":["M","?","M","?","$","R","E","M","T","?","M","R","M","?","R","BOSS"],"build_version":"2019-01-23","purchased_purges":1,"victory":false,"max_hp_per_floor":[75,75,75,75,75,75,75,75,75,75,75,75,75,75,75,75],"card_choices":[{"not_picked":["Clothesline","Dual Wield","Intimidate"],"picked":"SKIP","floor":1},{"not_picked":["Wild Strike","Warcry"],"picked":"Infernal Blade","floor":3},{"not_picked":["Warcry","Havoc","Shrug It Off"],"picked":"SKIP","floor":4},{"not_picked":["Clash","Searing Blow","Heavy Blade"],"picked":"SKIP","floor":7},{"not_picked":["Flex","Carnage"],"picked":"Ghostly Armor","floor":8},{"not_picked":["Flex","Clash"],"picked":"Cleave","floor":11},{"not_picked":["Fire Breathing","Clash","Armaments"],"picked":"SKIP","floor":13}],"player_experience":710907,"relics_obtained":[{"floor":7,"key":"Lantern"},{"floor":9,"key":"Omamori"}],"event_choices":[{"damage_healed":0,"gold_gain":0,"player_choice":"Cursed","damage_taken":0,"max_hp_gain":0,"max_hp_loss":0,"event_name":"Wheel of Change","floor":2,"gold_loss":0,"cards_obtained":["Decay"]},{"cards_removed":["Strike_R"],"damage_healed":0,"gold_gain":0,"player_choice":"Card Removal","damage_taken":0,"max_hp_gain":0,"max_hp_loss":0,"event_name":"The Cleric","floor":10,"gold_loss":50},{"cards_removed":["Defend_R"],"damage_healed":0,"gold_gain":0,"player_choice":"Card Removal","damage_taken":7,"max_hp_gain":0,"max_hp_loss":0,"event_name":"Golden Wing","floor":14,"gold_loss":0}],"is_beta":false,"boss_relics":[],"items_purged_floors":[5],"is_endless":false,"potions_floor_spawned":[4,7,13],"killed_by":"Hexaghost","ascension_level":14}