{"gold_per_floor":[119,69,88,106,116,149,224,234,234,269,296,331,331,342,342,443,443,454,437,437,454,332,332,364,376,376,112,144,163,163,198,198,300,300,318,337,337,337,357,389,389,407,407,407,407,83,113,113,113,113,113,113,14,41,41],"floor_reached":55,"playtime":4501,"items_purged":["Regret","Regret"],"score":1031,"play_id":"f78acd7f-6e2e-472e-bb2f-8198a7ce877e","local_time":"20190104164534","is_ascension_mode":true,"campfire_choices":[{"data":"Armaments","floor":15,"key":"SMITH"},{"data":"Uppercut","floor":23,"key":"SMITH"},{"data":"Master of Strategy","floor":30,"key":"SMITH"},{"data":"Corruption","floor":32,"key":"SMITH"},{"data":"Offering","floor":41,"key":"SMITH"},{"data":"Body Slam","floor":44,"key":"SMITH"},{"floor":49,"key":"RECALL"},{"floor":52,"key":"REST"}],"neow_cost":"NONE","seed_source_timestamp":1574938074241580,"circlet_count":0,"master_deck":["Bash","Shrug It Off","Headbutt","True Grit","Shrug It Off","Clothesline","Spot Weakness","Shrug It Off","Armaments+1","Impervious+1","Ghostly Armor","Uppercut+1","Anger+1","Battle Trance","Corruption+1","Cleave","Feel No Pain+1","Sentinel+1","Immolate","Master of Strategy+1","Flame Barrier","Sword Boomerang+1","Offering+1","Sentinel","Flame Barrier","Twin Strike","Carnage","Heavy Blade","Fiend Fire","Seeing Red","Searing Blow","Body Slam+1","Burning Pact+1","Ghostly Armor","Shrug It Off+1","Feel No Pain","Inflame+1","Battle Trance+1","Shrug It Off","Pommel Strike+1"],"relics":["Burning Blood","Orichalcum","Bird Faced Urn","Prayer Wheel","Potion Belt","Calipers","Shuriken","Cursed Key","War Paint","Paper Frog","Red Mask","Regal Pillow","Pandora\u0027s Box","Incense Burner","Brimstone","Mummified Hand","Blood Vial"],"potions_floor_usage":[10,10,24,50,50,50,55,55,55],"damage_taken":[{"damage":2,"enemies":"Small Slimes","floor":1,"turns":4},{"damage":1,"enemies":"2 Louse","floor":3,"turns":2},{"damage":3,"enemies":"Jaw Worm","floor":4,"turns":4},{"damage":10,"enemies":"Looter","floor":5,"turns":3},{"damage":29,"enemies":"3 Sentries","floor":6,"turns":12},{"damage":6,"enemies":"Lots of Slimes","floor":8,"turns":7},{"damage":7,"enemies":"Lagavulin","floor":10,"turns":5},{"damage":18,"enemies":"Gremlin Nob","floor":12,"turns":5},{"damage":0,"enemies":"Large Slime","floor":14,"turns":6},{"damage":15,"enemies":"The Guardian","floor":16,"turns":14},{"damage":13,"enemies":"Spheric Guardian","floor":18,"turns":8},{"damage":1,"enemies":"2 Thieves","floor":19,"turns":4},{"damage":2,"enemies":"Centurion and Healer","floor":21,"turns":7},{"damage":29,"enemies":"Gremlin Leader","floor":24,"turns":8},{"damage":17,"enemies":"Shelled Parasite and Fungi","floor":25,"turns":6},{"damage":0,"enemies":"Masked Bandits","floor":28,"turns":5},{"damage":2,"enemies":"Cultist and Chosen","floor":29,"turns":8},{"damage":17,"enemies":"Slavers","floor":31,"turns":5},{"damage":5,"enemies":"Champ","floor":33,"turns":9},{"damage":9,"enemies":"3 Darklings","floor":35,"turns":3},{"damage":4,"enemies":"3 Shapes","floor":36,"turns":2},{"damage":14,"enemies":"3 Darklings","floor":39,"turns":4},{"damage":6,"enemies":"Giant Head","floor":40,"turns":6},{"damage":6,"enemies":"4 Shapes","floor":42,"turns":6},{"damage":30,"enemies":"Nemesis","floor":47,"turns":5},{"damage":45,"enemies":"Awakened One","floor":50,"turns":8},{"damage":61,"enemies":"Shield and Spear","floor":54,"turns":4},{"damage":36,"enemies":"The Heart","floor":55,"turns":2}],"seed_played":"-2199289453638697645","potions_obtained":[{"floor":4,"key":"SteroidPotion"},{"floor":8,"key":"AttackPotion"},{"floor":12,"key":"Explosive Potion"},{"floor":16,"key":"SmokeBomb"},{"floor":21,"key":"GamblersBrew"},{"floor":28,"key":"Block Potion"},{"floor":29,"key":"Explosive Potion"},{"floor":31,"key":"BloodPotion"},{"floor":36,"key":"Dexterity Potion"},{"floor":39,"key":"Regen Potion"},{"floor":54,"key":"PowerPotion"}],"is_trial":false,"path_per_floor":["M","?","M","M","M","E","?","M","T","E","T","E","?","M","R","B",null,"M","M","$","M","$","R","E","M","T","$","?","M","R","E","R","B",null,"M","M","?","$","M","E","R","M","T","R","?","$","E","?","R","B",null,"R","$","E","B"],"character_chosen":"IRONCLAD","items_purchased":["Corruption","Cleave","Master of Strategy","Shrug It Off","Brimstone","FearPotion","FearPotion"],"campfire_rested":1,"item_purchase_floors":[22,22,27,46,46,53,53],"current_hp_per_floor":[80,80,80,80,76,53,42,42,42,41,41,29,29,35,35,26,67,60,65,65,69,69,69,48,41,41,41,51,57,57,50,50,55,74,75,79,79,79,73,77,77,80,80,80,76,76,56,56,56,40,67,76,76,27,0],"gold":41,"neow_bonus":"RANDOM_COMMON_RELIC","is_prod":false,"is_daily":false,"chose_seed":false,"campfire_upgraded":6,"win_rate":0,"timestamp":1546649134,"path_taken":["M","?","M","M","M","E","?","M","T","E","?","E","?","M","R","BOSS","M","M","$","M","?","R","E","M","T","$","?","M","R","E","R","BOSS","M","M","?","$","M","E","R","M","T","R","?","$","E","?","R","BOSS","R","$","E","BOSS"],"build_version":"2019-01-03v4","purchased_purges":2,"victory":false,"max_hp_per_floor":[80,80,80,80,80,80,80,80,80,80,80,80,80,80,80,80,80,80,80,80,80,80,80,80,80,80,80,80,80,80,80,80,80,80,80,80,80,80,80,80,80,80,80,80,76,76,76,76,76,76,76,76,76,76,76],"card_choices":[{"not_picked":["Carnage","Warcry"],"picked":"Twin Strike","floor":1},{"not_picked":["Thunderclap","Bloodletting"],"picked":"Shrug It Off","floor":3},{"not_picked":["Shrug It Off","Power Through"],"picked":"Headbutt","floor":4},{"not_picked":["Perfected Strike","Flex"],"picked":"True Grit","floor":5},{"not_picked":["Warcry","Burning Pact"],"picked":"Shrug It Off","floor":6},{"not_picked":["Headbutt","Burning Pact"],"picked":"Clothesline","floor":8},{"not_picked":["Sentinel","Reaper"],"picked":"Spot Weakness","floor":10},{"not_picked":["Headbutt","Sword Boomerang"],"picked":"Shrug It Off","floor":12},{"not_picked":["Perfected Strike","Cleave"],"picked":"Armaments","floor":14},{"not_picked":["Spot Weakness","Armaments","Cleave"],"picked":"SKIP","floor":14},{"not_picked":["Barricade","Limit Break"],"picked":"Impervious","floor":16},{"not_picked":["Twin Strike","Heavy Blade"],"picked":"Ghostly Armor","floor":18},{"not_picked":["Flex+1","Combust"],"picked":"Uppercut","floor":18},{"not_picked":["Clothesline","Rampage"],"picked":"Anger+1","floor":19},{"not_picked":["Perfected Strike+1","Iron Wave","Clash"],"picked":"SKIP","floor":19},{"not_picked":["Searing Blow","Pommel Strike"],"picked":"Battle Trance","floor":21},{"not_picked":["Carnage","Armaments+1","Power Through"],"picked":"SKIP","floor":21},{"not_picked":["Uppercut","Thunderclap+1"],"picked":"Feel No Pain+1","floor":24},{"not_picked":["Shrug It Off","Pommel Strike"],"picked":"Sentinel+1","floor":25},{"not_picked":["Blood for Blood","Wild Strike"],"picked":"Immolate","floor":25},{"not_picked":["Perfected Strike","Feed"],"picked":"Flame Barrier","floor":29},{"not_picked":["Pommel Strike","Bloodletting","Searing Blow"],"picked":"SKIP","floor":29},{"not_picked":["Heavy Blade","Sever Soul"],"picked":"Sword Boomerang+1","floor":31},{"not_picked":["Brutality","Dark Embrace"],"picked":"Offering","floor":33},{"not_picked":["Perfected Strike+1","Clothesline"],"picked":"Body Slam","floor":35},{"not_picked":["Flex+1","Sword Boomerang+1","Armaments+1"],"picked":"SKIP","floor":35},{"not_picked":["Reckless Charge+1","Clothesline+1"],"picked":"Burning Pact+1","floor":36},{"not_picked":["Havoc","Sword Boomerang+1"],"picked":"Ghostly Armor","floor":36},{"not_picked":["Flex+1","Inflame"],"picked":"Shrug It Off+1","floor":39},{"not_picked":["Uppercut+1","Blood for Blood+1","Inflame+1"],"picked":"SKIP","floor":39},{"not_picked":["Fire Breathing+1","Armaments+1"],"picked":"Feel No Pain","floor":40},{"not_picked":["Power Through","Iron Wave+1"],"picked":"Inflame+1","floor":42},{"not_picked":["Berserk","Shrug It Off"],"picked":"Battle Trance+1","floor":42},{"not_picked":["Reaper","Ghostly Armor","Bloodletting"],"picked":"SKIP","floor":47},{"not_picked":["Sword Boomerang","Second Wind"],"picked":"Pommel Strike+1","floor":54}],"player_experience":340019,"relics_obtained":[{"floor":9,"key":"Bird Faced Urn"},{"floor":10,"key":"Prayer Wheel"},{"floor":11,"key":"Potion Belt"},{"floor":12,"key":"Calipers"},{"floor":24,"key":"War Paint"},{"floor":26,"key":"Paper Frog"},{"floor":28,"key":"Red Mask"},{"floor":31,"key":"Regal Pillow"},{"floor":40,"key":"Incense Burner"},{"floor":47,"key":"Mummified Hand"},{"floor":54,"key":"Blood Vial"}],"event_choices":[{"cards_removed":["Strike_R"],"damage_healed":0,"gold_gain":0,"player_choice":"Card Removal","damage_taken":0,"max_hp_gain":0,"max_hp_loss":0,"event_name":"The Cleric","floor":2,"gold_loss":50},{"damage_healed":0,"gold_gain":75,"player_choice":"Gather Gold","damage_taken":11,"max_hp_gain":0,"max_hp_loss":0,"event_name":"World of Goop","floor":7,"gold_loss":0},{"damage_healed":0,"gold_gain":0,"player_choice":"Gave Potion","damage_taken":0,"relics_obtained":["Shuriken"],"max_hp_gain":0,"max_hp_loss":0,"event_name":"WeMeetAgain","floor":13,"gold_loss":0},{"damage_healed":0,"gold_gain":0,"player_choice":"Fought Bandits","damage_taken":0,"max_hp_gain":0,"max_hp_loss":0,"event_name":"Masked Bandits","floor":28,"gold_loss":0},{"cards_removed":["Twin Strike"],"damage_healed":0,"gold_gain":0,"player_choice":"Removed Attack","damage_taken":0,"max_hp_gain":0,"max_hp_loss":0,"event_name":"Falling","floor":37,"gold_loss":0},{"damage_healed":0,"gold_gain":0,"player_choice":"Max HP","damage_taken":0,"max_hp_gain":0,"max_hp_loss":4,"event_name":"Winding Halls","floor":45,"gold_loss":0},{"damage_healed":0,"gold_gain":0,"player_choice":"Ignored","damage_taken":0,"max_hp_gain":0,"max_hp_loss":0,"event_name":"Tomb of Lord Red Mask","floor":48,"gold_loss":0}],"is_beta":false,"boss_relics":[{"not_picked":["White Beast Statue","Busted Crown"],"picked":"Cursed Key"},{"not_picked":["Tiny House","Orrery"],"picked":"Pandora\u0027s Box"}],"items_purged_floors":[27,46],"is_endless":false,"potions_floor_spawned":[4,8,12,16,21,28,29,31,36,39,54],"killed_by":"The Heart","ascension_level":5}