{"gold_per_floor":[215,227,227,245,259,259,271,283,283,296,296,22,57,72,72,169,169,169,169,69,69,69,69,69,69,69,69,69,69,69,69,69,69],"floor_reached":33,"playtime":1540,"items_purged":["Strike_R","Strike_R"],"score":273,"play_id":"99eafeda-a209-4bc2-ab68-05231787a05c","local_time":"20190204101329","is_ascension_mode":false,"campfire_choices":[{"data":"Bash","floor":6,"key":"SMITH"},{"data":"Flame Barrier","floor":11,"key":"SMITH"},{"floor":15,"key":"REST"},{"data":"Cleave","floor":23,"key":"SMITH"},{"data":"Metallicize","floor":25,"key":"SMITH"},{"data":"True Grit","floor":32,"key":"SMITH"}],"neow_cost":"NONE","seed_source_timestamp":232963153839084,"circlet_count":0,"master_deck":["Strike_R","Strike_R","Defend_R","Defend_R","Defend_R","Defend_R","Bash+1","Iron Wave","Evolve","Cleave+1","Flame Barrier+1","Twin Strike","Shrug It Off","Juggernaut","Metallicize+1","Shrug It Off","Sentinel","Iron Wave","True Grit+1"],"relics":["Burning Blood","Singing Bowl","HandDrill","Shuriken","Ectoplasm","Tiny Chest"],"potions_floor_usage":[16,16,33,33,33],"damage_taken":[{"damage":5,"enemies":"Small Slimes","floor":1,"turns":4},{"damage":1,"enemies":"Cultist","floor":2,"turns":4},{"damage":6,"enemies":"Jaw Worm","floor":4,"turns":3},{"damage":1,"enemies":"2 Fungi Beasts","floor":5,"turns":5},{"damage":6,"enemies":"Red Slaver","floor":7,"turns":6},{"damage":7,"enemies":"3 Louse","floor":8,"turns":3},{"damage":9,"enemies":"Large Slime","floor":10,"turns":7},{"damage":43,"enemies":"Lagavulin","floor":13,"turns":7},{"damage":20,"enemies":"Exordium Wildlife","floor":14,"turns":5},{"damage":42,"enemies":"The Guardian","floor":16,"turns":14},{"damage":5,"enemies":"Chosen","floor":18,"turns":4},{"damage":7,"enemies":"Shell Parasite","floor":19,"turns":5},{"damage":10,"enemies":"Centurion and Healer","floor":24,"turns":8},{"damage":6,"enemies":"Chosen and Byrds","floor":27,"turns":5},{"damage":10,"enemies":"Shelled Parasite and Fungi","floor":28,"turns":6},{"damage":53,"enemies":"Gremlin Leader","floor":30,"turns":8},{"damage":0,"enemies":"Cultist and Chosen","floor":31,"turns":7},{"damage":63,"enemies":"Automaton","floor":33,"turns":12}],"seed_played":"-8353761325750886150","potions_obtained":[{"floor":2,"key":"Energy Potion"},{"floor":7,"key":"Ancient Potion"},{"floor":10,"key":"Strength Potion"},{"floor":14,"key":"Regen Potion"},{"floor":18,"key":"LiquidBronze"},{"floor":24,"key":"Fire Potion"}],"is_trial":false,"path_per_floor":["M","M","?","M","M","R","M","M","T","M","R","$","E","M","R","B",null,"M","M","$","?","?","R","M","R","T","M","M","?","E","M","R","B"],"character_chosen":"IRONCLAD","items_purchased":["HandDrill"],"campfire_rested":1,"item_purchase_floors":[12],"current_hp_per_floor":[80,80,80,80,80,80,80,79,79,78,78,78,41,29,54,18,84,84,83,83,83,83,83,79,79,79,79,77,77,30,38,38,0],"gold":69,"neow_bonus":"HUNDRED_GOLD","is_prod":false,"is_daily":false,"chose_seed":false,"campfire_upgraded":5,"win_rate":0,"timestamp":1549246409,"path_taken":["M","M","?","?","M","R","?","M","T","M","R","$","E","M","R","BOSS","M","?","$","?","?","R","M","R","T","?","M","?","E","M","R","BOSS"],"build_version":"2019-01-23","purchased_purges":2,"victory":false,"max_hp_per_floor":[80,80,80,80,80,80,80,80,80,82,82,82,82,84,84,84,84,84,84,84,84,84,84,84,84,84,84,86,86,86,88,88,88],"card_choices":[{"not_picked":["Sever Soul","Clothesline"],"picked":"Iron Wave","floor":1},{"not_picked":["Second Wind","Wild Strike","Power Through"],"picked":"SKIP","floor":2},{"not_picked":["Armaments","Thunderclap"],"picked":"Evolve","floor":4},{"not_picked":["Intimidate","Perfected Strike"],"picked":"Cleave","floor":5},{"not_picked":["Shockwave","Thunderclap"],"picked":"Flame Barrier","floor":7},{"not_picked":["Intimidate","Body Slam"],"picked":"Twin Strike","floor":8},{"not_picked":["Intimidate","Dark Embrace","Heavy Blade"],"picked":"Singing Bowl","floor":10},{"not_picked":["Flex","Armaments"],"picked":"Shrug It Off","floor":13},{"not_picked":["Rupture","Reckless Charge","Sword Boomerang"],"picked":"Singing Bowl","floor":14},{"not_picked":["Bludgeon","Brutality"],"picked":"Juggernaut","floor":16},{"not_picked":["Clothesline","Anger"],"picked":"Metallicize","floor":18},{"not_picked":["Clash","Evolve"],"picked":"Shrug It Off","floor":19},{"not_picked":["Flex","Corruption"],"picked":"Sentinel","floor":24},{"not_picked":["Spot Weakness","Combust+1"],"picked":"Iron Wave","floor":27},{"not_picked":["Feel No Pain","Burning Pact","Corruption"],"picked":"Singing Bowl","floor":28},{"not_picked":["Sever Soul","Exhume"],"picked":"True Grit","floor":30},{"not_picked":["Whirlwind","Clothesline+1","Perfected Strike+1"],"picked":"Singing Bowl","floor":31}],"player_experience":193958,"relics_obtained":[{"floor":9,"key":"Singing Bowl"},{"floor":13,"key":"Shuriken"},{"floor":30,"key":"Tiny Chest"}],"event_choices":[{"damage_healed":0,"gold_gain":0,"player_choice":"Bought 0 Potions","damage_taken":0,"max_hp_gain":0,"max_hp_loss":0,"event_name":"The Woman in Blue","floor":3,"gold_loss":0},{"damage_healed":0,"gold_gain":0,"player_choice":"Ignored","damage_taken":0,"max_hp_gain":0,"max_hp_loss":0,"event_name":"Beggar","floor":21,"gold_loss":0},{"damage_healed":0,"gold_gain":0,"player_choice":"Leave","damage_taken":0,"max_hp_gain":0,"max_hp_loss":0,"event_name":"FaceTrader","floor":22,"gold_loss":0},{"cards_removed":["Strike_R"],"damage_healed":0,"gold_gain":0,"player_choice":"Elegance","damage_taken":0,"max_hp_gain":0,"max_hp_loss":0,"event_name":"Back to Basics","floor":29,"gold_loss":0}],"is_beta":false,"boss_relics":[{"not_picked":["Eternal Feather","Philosopher\u0027s Stone"],"picked":"Ectoplasm"}],"items_purged_floors":[12,20],"is_endless":false,"potions_floor_spawned":[2,7,10,14,18,24,28],"killed_by":"Automaton","ascension_level":0}