{"gold_per_floor":[115,130,107,120,133,133,146,157,183,195,207,219,152,162,162,259,259,274,274],"floor_reached":19,"playtime":2899,"items_purged":[],"score":250,"play_id":"a46ea161-4230-4889-bb2a-dc7bf2e96fd6","local_time":"20181122131409","is_ascension_mode":true,"campfire_choices":[{"floor":6,"key":"REST"},{"floor":10,"key":"REST"},{"data":"Neutralize","floor":12,"key":"SMITH"},{"floor":15,"key":"REST"}],"neow_cost":"NONE","seed_source_timestamp":164396855509450,"circlet_count":0,"master_deck":["AscendersBane","Defend_G","Defend_G","Defend_G","Defend_G","Defend_G","Strike_G","Strike_G","Strike_G","Strike_G","Strike_G","Survivor","Neutralize+1","Tactician","All Out Attack","Backflip","Infinite Blades","Dagger Spray","Choke+1","Underhanded Strike","Expertise","Envenom","Corpse Explosion","Dodge and Roll+1"],"relics":["HoveringKite","MawBank","Sozu"],"potions_floor_usage":[],"damage_taken":[{"damage":17,"enemies":"Cultist","floor":1,"turns":7},{"damage":8,"enemies":"2 Louse","floor":2,"turns":4},{"damage":12,"enemies":"Jaw Worm","floor":4,"turns":6},{"damage":17,"enemies":"3 Louse","floor":5,"turns":6},{"damage":11,"enemies":"Blue Slaver","floor":7,"turns":6},{"damage":3,"enemies":"2 Fungi Beasts","floor":8,"turns":4},{"damage":5,"enemies":"3 Louse","floor":14,"turns":3},{"damage":27,"enemies":"Hexaghost","floor":16,"turns":11},{"damage":32,"enemies":"Shell Parasite","floor":18,"turns":6},{"damage":33,"enemies":"Spheric Guardian","floor":19,"turns":5}],"seed_played":"-5112111102907453914","potions_obtained":[{"floor":5,"key":"SpeedPotion"},{"floor":7,"key":"FearPotion"},{"floor":14,"key":"Fire Potion"}],"is_trial":false,"path_per_floor":["M","M","$","M","M","R","M","M","T","R","?","R","$","M","R","B",null,"M","M"],"character_chosen":"THE_SILENT","items_purchased":["Backflip","Expertise"],"campfire_rested":3,"item_purchase_floors":[3,13],"current_hp_per_floor":[46,38,38,26,9,30,19,16,16,37,37,37,37,32,53,26,59,27,0],"gold":274,"neow_bonus":"BOSS_RELIC","is_prod":false,"is_daily":false,"chose_seed":false,"campfire_upgraded":1,"win_rate":0,"timestamp":1542921249,"path_taken":["M","M","$","M","M","R","M","?","T","R","?","R","?","M","R","BOSS","M","M"],"build_version":"2018-11-15","purchased_purges":0,"victory":false,"max_hp_per_floor":[70,70,70,70,70,70,70,70,70,70,70,70,70,70,70,70,70,70,70],"card_choices":[{"not_picked":["Cloak And Dagger","Underhanded Strike"],"picked":"Tactician","floor":1},{"not_picked":["Flying Knee","Deadly Poison"],"picked":"All Out Attack","floor":2},{"not_picked":["Endless Agony","Blade Dance"],"picked":"Infinite Blades","floor":4},{"not_picked":["Endless Agony","Poisoned Stab"],"picked":"Dagger Spray","floor":5},{"not_picked":["PiercingWail","Calculated Gamble"],"picked":"Choke","floor":7},{"not_picked":["Slice","PiercingWail"],"picked":"Underhanded Strike","floor":8},{"not_picked":["Outmaneuver","Prepared"],"picked":"Envenom","floor":14},{"not_picked":["Malaise","Envenom"],"picked":"Corpse Explosion","floor":16},{"not_picked":["Dagger Throw+1","Blade Dance"],"picked":"Dodge and Roll+1","floor":18}],"player_experience":104258,"relics_obtained":[{"floor":9,"key":"MawBank"}],"event_choices":[{"damage_healed":0,"gold_gain":0,"player_choice":"Forge","damage_taken":0,"max_hp_gain":0,"max_hp_loss":0,"event_name":"Accursed Blacksmith","floor":11,"gold_loss":0,"cards_upgraded":["Choke"]}],"is_beta":false,"boss_relics":[{"not_picked":["Philosopher\u0027s Stone","Pandora\u0027s Box"],"picked":"Sozu"}],"items_purged_floors":[],"is_endless":false,"potions_floor_spawned":[5,7,14],"killed_by":"Spheric Guardian","ascension_level":11}