{"gold_per_floor":[118,137,212,212,228,263,263,295,295,313,313,313],"floor_reached":12,"playtime":1830,"items_purged":[],"score":101,"play_id":"c5258fff-e6d8-4604-9e11-0c5396c85ee9","local_time":"20190123054830","is_ascension_mode":true,"campfire_choices":[{"floor":11,"key":"REST"}],"neow_cost":"CURSE","seed_source_timestamp":0,"circlet_count":0,"master_deck":["Strike_R","Strike_R","Strike_R","Defend_R","Defend_R","Defend_R","Defend_R","Bash","Parasite","Blood for Blood","Demon Form","Heavy Blade","Pommel Strike","Twin Strike","True Grit","Regret","Havoc"],"special_seed":0,"relics":["Burning Blood","Centennial Puzzle","Charon\u0027s Ashes","Mango","Matryoshka","Anchor","Ornamental Fan"],"potions_floor_usage":[8,12],"damage_taken":[{"damage":5,"enemies":"Cultist","floor":1,"turns":5},{"damage":14,"enemies":"Jaw Worm","floor":2,"turns":3},{"damage":7,"enemies":"Small Slimes","floor":5,"turns":3},{"damage":35,"enemies":"3 Sentries","floor":6,"turns":8},{"damage":32,"enemies":"Lagavulin","floor":8,"turns":5},{"damage":10,"enemies":"3 Louse","floor":10,"turns":4},{"damage":36,"enemies":"3 Sentries","floor":12,"turns":4}],"seed_played":"-1994429224838213628","potions_obtained":[{"floor":1,"key":"FearPotion"},{"floor":10,"key":"LiquidBronze"}],"is_trial":false,"path_per_floor":["M","M","?","?","M","E","?","E","T","M","R","E"],"character_chosen":"IRONCLAD","items_purchased":[],"campfire_rested":1,"item_purchase_floors":[],"current_hp_per_floor":[80,72,61,54,53,24,38,12,12,8,36,0],"gold":313,"neow_bonus":"TRANSFORM_TWO_CARDS","is_prod":false,"is_daily":false,"chose_seed":false,"campfire_upgraded":0,"win_rate":0,"timestamp":1548218910,"path_taken":["M","M","?","?","M","E","?","E","T","M","R","E"],"build_version":"2019-01-17v2","purchased_purges":0,"victory":false,"max_hp_per_floor":[80,80,80,80,80,80,94,94,94,94,94,94],"card_choices":[{"not_picked":["Pommel Strike","Second Wind"],"picked":"Heavy Blade","floor":1},{"not_picked":["Rage","True Grit"],"picked":"Pommel Strike","floor":2},{"not_picked":["Clash","Wild Strike"],"picked":"Twin Strike","floor":5},{"not_picked":["Iron Wave","Rupture"],"picked":"True Grit","floor":6},{"not_picked":["Flex","Perfected Strike"],"picked":"Havoc","floor":8},{"not_picked":["Twin Strike","Infernal Blade","Wild Strike"],"picked":"SKIP","floor":10}],"player_experience":18071,"relics_obtained":[{"floor":6,"key":"Charon\u0027s Ashes"},{"floor":8,"key":"Matryoshka"},{"floor":9,"key":"Anchor"},{"floor":9,"key":"Ornamental Fan"}],"event_choices":[{"damage_healed":0,"gold_gain":75,"player_choice":"Gather Gold","damage_taken":11,"max_hp_gain":0,"max_hp_loss":0,"event_name":"World of Goop","floor":3,"gold_loss":0},{"damage_healed":0,"gold_gain":0,"player_choice":"Success","damage_taken":7,"relics_obtained":["Centennial Puzzle"],"max_hp_gain":0,"max_hp_loss":0,"event_name":"Scrap Ooze","floor":4,"gold_loss":0},{"damage_healed":0,"gold_gain":0,"player_choice":"Box","damage_taken":0,"relics_obtained":["Mango"],"max_hp_gain":0,"max_hp_loss":0,"event_name":"Big Fish","floor":7,"gold_loss":0,"cards_obtained":["Regret"]}],"is_beta":false,"boss_relics":[],"items_purged_floors":[],"is_endless":false,"potions_floor_spawned":[1,10],"killed_by":"3 Sentries","ascension_level":3}