{"gold_per_floor":[110,110,35,54,54,54,81,81,81,81,119,140,140,159,159,159],"floor_reached":16,"playtime":1026,"items_purged":["Normality"],"score":108,"play_id":"6385cbe2-efa6-4442-a438-79b11bf40769","local_time":"20180805183023","is_ascension_mode":false,"campfire_choices":[{"data":"Zap","floor":6,"key":"SMITH"},{"floor":8,"key":"REST"},{"floor":15,"key":"REST"}],"neow_cost":"","seed_source_timestamp":42874086452458,"circlet_count":0,"master_deck":["Strike_B","Strike_B","Strike_B","Strike_B","Defend_B","Defend_B","Defend_B","Zap+1","Dualcast","Turbo","Fusion","Injury","Buffer","Conserve Battery"],"relics":["Cracked Core","Oddly Smooth Stone","Lantern","Ornamental Fan","Golden Idol","Sundial"],"potions_floor_usage":[14,14],"damage_taken":[{"damage":1,"enemies":"Jaw Worm","floor":1,"turns":3},{"damage":0,"enemies":"Cultist","floor":4,"turns":3},{"damage":42,"enemies":"Gremlin Nob","floor":7,"turns":5},{"damage":38,"enemies":"3 Sentries","floor":11,"turns":9},{"damage":0,"enemies":"2 Louse","floor":12,"turns":3},{"damage":7,"enemies":"Exordium Thugs","floor":14,"turns":5},{"damage":33,"enemies":"Slime Boss","floor":16,"turns":11}],"seed_played":"-5397948709493817011","potions_obtained":[{"floor":1,"key":"Strength Potion"},{"floor":7,"key":"FearPotion"}],"is_trial":false,"path_per_floor":["M","?","$","M","?","R","E","R","T","?","E","M","?","M","R"],"character_chosen":"DEFECT","items_purchased":[],"campfire_rested":2,"item_purchase_floors":[],"current_hp_per_floor":[74,74,74,74,74,74,32,54,54,54,16,16,16,9,31,0],"gold":159,"neow_bonus":"","is_prod":false,"is_daily":false,"chose_seed":false,"campfire_upgraded":1,"win_rate":0,"timestamp":1533508223,"path_taken":["M","?","$","M","?","R","E","R","T","?","E","M","?","M","R","BOSS"],"build_version":"2018-08-02","purchased_purges":1,"victory":false,"max_hp_per_floor":[75,75,75,75,75,75,75,75,75,75,75,75,75,75,75,75],"card_choices":[{"not_picked":["Double Energy","Stack"],"picked":"Turbo","floor":1},{"not_picked":["Gash","Stack","Go for the Eyes"],"picked":"SKIP","floor":4},{"not_picked":["Machine Learning","Recycle"],"picked":"Fusion","floor":7},{"not_picked":["Double Energy","Genetic Algorithm"],"picked":"Buffer","floor":11},{"not_picked":["Lockon","Stack","Rebound"],"picked":"SKIP","floor":12},{"not_picked":["BootSequence","Streamline"],"picked":"Conserve Battery","floor":14}],"player_experience":647440,"relics_obtained":[{"floor":7,"key":"Lantern"},{"floor":9,"key":"Ornamental Fan"},{"floor":11,"key":"Sundial"}],"event_choices":[{"event_name":"Accursed Blacksmith","player_choice":"Rummage","floor":2,"damage_taken":0},{"event_name":"Wheel of Change","player_choice":"Card Removal","floor":5,"damage_taken":0},{"event_name":"Golden Idol","player_choice":"Take Wound","floor":10,"damage_taken":0},{"event_name":"Shining Light","player_choice":"Ignored","floor":13,"damage_taken":0}],"is_beta":false,"boss_relics":[],"items_purged_floors":[3],"is_endless":false,"potions_floor_spawned":[1,7],"killed_by":"Slime Boss","ascension_level":0}