{"gold_per_floor":[213,213,231,181,20,20,51,51,78,89,89,105,130,205,205,308,308,323,333,333,333,333,333,362,362,386,401,430,430,39,52,52,148,148,168,168,168,183,50,50,67,93,117,117,217,245,257,272,272,272,272,272,47,47],"floor_reached":54,"playtime":2939,"items_purged":["Strike_R","Strike_R"],"score":1034,"play_id":"a56688ff-348e-4cc7-948d-fbc132eac9d5","local_time":"20190208230521","is_ascension_mode":true,"campfire_choices":[{"data":"Infernal Blade","floor":6,"key":"SMITH"},{"data":"Metallicize","floor":8,"key":"SMITH"},{"data":"Body Slam","floor":11,"key":"SMITH"},{"floor":15,"key":"REST"},{"floor":23,"key":"REST"},{"data":"Barricade","floor":25,"key":"SMITH"},{"data":"Whirlwind","floor":29,"key":"SMITH"},{"floor":32,"key":"REST"},{"floor":40,"key":"RECALL"},{"floor":44,"key":"REST"},{"floor":49,"key":"REST"},{"floor":52,"key":"REST"}],"neow_cost":"NONE","seed_source_timestamp":12793596357795,"circlet_count":0,"master_deck":["Strike_R","Strike_R","Defend_R","Defend_R+1","Defend_R+1","Defend_R","Bash+1","Thunderclap","Infernal Blade+1","Disarm","Metallicize+1","Feel No Pain","Body Slam+1","Armaments+1","Whirlwind+1","Barricade+1","Sentinel+1","Warcry+1","Entrench+1","Evolve","True Grit+1","Entrench+1","Headbutt"],"relics":["Burning Blood","Toxic Egg 2","Bag of Preparation","Ancient Tea Set","Busted Crown","War Paint","Art of War","Thread and Needle","Mercury Hourglass","Fusion Hammer","Regal Pillow","Prayer Wheel","Paper Frog","DollysMirror"],"potions_floor_usage":[18,24,28,46],"damage_taken":[{"damage":0,"enemies":"Small Slimes","floor":1,"turns":3},{"damage":9,"enemies":"Jaw Worm","floor":3,"turns":3},{"damage":35,"enemies":"Lagavulin","floor":7,"turns":5},{"damage":0,"enemies":"2 Louse","floor":10,"turns":2},{"damage":6,"enemies":"Blue Slaver","floor":12,"turns":3},{"damage":7,"enemies":"3 Sentries","floor":13,"turns":8},{"damage":55,"enemies":"Hexaghost","floor":16,"turns":15},{"damage":15,"enemies":"Spheric Guardian","floor":18,"turns":5},{"damage":21,"enemies":"2 Thieves","floor":19,"turns":5},{"damage":15,"enemies":"Gremlin Leader","floor":24,"turns":7},{"damage":20,"enemies":"Snecko","floor":27,"turns":5},{"damage":2,"enemies":"Book of Stabbing","floor":28,"turns":6},{"damage":0,"enemies":"3 Cultists","floor":31,"turns":4},{"damage":7,"enemies":"Champ","floor":33,"turns":13},{"damage":0,"enemies":"Orb Walker","floor":35,"turns":4},{"damage":0,"enemies":"3 Darklings","floor":38,"turns":2},{"damage":40,"enemies":"Jaw Worm Horde","floor":41,"turns":5},{"damage":0,"enemies":"Giant Head","floor":42,"turns":7},{"damage":3,"enemies":"Mind Bloom Boss Battle","floor":45,"turns":8},{"damage":44,"enemies":"Reptomancer","floor":46,"turns":7},{"damage":6,"enemies":"Writhing Mass","floor":47,"turns":7},{"damage":14,"enemies":"Maw","floor":48,"turns":8},{"damage":47,"enemies":"Time Eater","floor":50,"turns":15},{"damage":97,"enemies":"Shield and Spear","floor":54,"turns":5}],"seed_played":"-224136816749678779","potions_obtained":[{"floor":3,"key":"Ancient Potion"},{"floor":7,"key":"GamblersBrew"},{"floor":10,"key":"FairyPotion"},{"floor":13,"key":"Poison Potion"},{"floor":24,"key":"Poison Potion"},{"floor":33,"key":"Weak Potion"},{"floor":35,"key":"BloodPotion"},{"floor":38,"key":"Dexterity Potion"},{"floor":45,"key":"GamblersBrew"}],"is_trial":false,"path_per_floor":["M","?","M","?","$","R","E","R","T","M","R","M","E","?","R","B",null,"M","M","?","?","?","R","E","R","T","M","E","R","$","M","R","B",null,"M","?","?","M","$","R","M","E","T","R","?","E","M","M","R","B",null,"R","$","E"],"character_chosen":"IRONCLAD","items_purchased":["Disarm","Metallicize","Entrench+1","Mercury Hourglass","Evolve","DollysMirror","Headbutt"],"campfire_rested":6,"item_purchase_floors":[5,5,30,30,39,53,53],"current_hp_per_floor":[78,78,75,75,75,75,46,46,46,52,52,52,51,40,64,15,64,55,40,25,25,25,50,41,41,41,27,31,31,31,37,62,61,79,85,85,85,85,85,85,51,57,57,85,85,47,47,39,79,38,73,85,85,0],"gold":47,"neow_bonus":"HUNDRED_GOLD","is_prod":false,"is_daily":false,"chose_seed":false,"campfire_upgraded":5,"win_rate":0,"timestamp":1549634721,"path_taken":["M","?","M","?","$","R","E","R","T","M","R","M","E","?","R","BOSS","M","M","?","?","?","R","E","R","T","M","E","R","$","M","R","BOSS","M","?","?","M","$","R","M","E","T","R","?","E","M","M","R","BOSS","R","$","E"],"build_version":"2019-01-23","purchased_purges":2,"victory":false,"max_hp_per_floor":[80,80,80,80,80,80,80,80,80,80,80,80,80,80,80,80,80,80,80,85,85,85,85,85,85,85,85,85,85,85,85,85,85,85,85,85,85,85,85,85,85,85,85,85,85,85,85,85,85,85,85,85,85,85],"card_choices":[{"not_picked":["Armaments","Sever Soul"],"picked":"Thunderclap","floor":1},{"not_picked":["Blood for Blood","Dropkick"],"picked":"Infernal Blade","floor":3},{"not_picked":["Anger","Power Through"],"picked":"Feel No Pain","floor":7},{"not_picked":["Shrug It Off+1","Havoc+1"],"picked":"Body Slam","floor":10},{"not_picked":["Shrug It Off+1","Clothesline"],"picked":"Armaments+1","floor":12},{"not_picked":["Intimidate+1","True Grit+1"],"picked":"Whirlwind","floor":13},{"not_picked":["Immolate","Limit Break+1"],"picked":"Barricade","floor":16},{"not_picked":[],"picked":"Sentinel+1","floor":18},{"not_picked":[],"picked":"Corruption","floor":19},{"not_picked":["Wild Strike"],"picked":"SKIP","floor":24},{"not_picked":[],"picked":"Warcry+1","floor":27},{"not_picked":["Headbutt"],"picked":"SKIP","floor":28},{"not_picked":["Thunderclap+1"],"picked":"SKIP","floor":31},{"not_picked":["Wild Strike"],"picked":"SKIP","floor":35},{"not_picked":["Heavy Blade+1"],"picked":"SKIP","floor":38},{"not_picked":[],"picked":"True Grit+1","floor":41},{"not_picked":["Fire Breathing+1"],"picked":"SKIP","floor":42},{"not_picked":["Armaments+1"],"picked":"SKIP","floor":46},{"not_picked":["True Grit+1"],"picked":"SKIP","floor":47},{"not_picked":["Clash+1"],"picked":"SKIP","floor":47},{"not_picked":["Pummel+1"],"picked":"SKIP","floor":48},{"not_picked":["Clash+1"],"picked":"SKIP","floor":48}],"player_experience":838505,"relics_obtained":[{"floor":7,"key":"Toxic Egg 2"},{"floor":9,"key":"Bag of Preparation"},{"floor":13,"key":"Ancient Tea Set"},{"floor":24,"key":"War Paint"},{"floor":26,"key":"Art of War"},{"floor":28,"key":"Thread and Needle"},{"floor":42,"key":"Regal Pillow"},{"floor":45,"key":"Prayer Wheel"},{"floor":46,"key":"Paper Frog"}],"event_choices":[{"damage_healed":0,"gold_gain":0,"player_choice":"Grow","damage_taken":0,"max_hp_gain":0,"max_hp_loss":0,"event_name":"Living Wall","floor":2,"gold_loss":0,"cards_upgraded":["Bash"]},{"cards_removed":["Strike_R"],"damage_healed":0,"gold_gain":0,"player_choice":"Card Removal","damage_taken":0,"max_hp_gain":0,"max_hp_loss":0,"event_name":"The Cleric","floor":4,"gold_loss":50},{"damage_healed":0,"gold_gain":75,"player_choice":"Gather Gold","damage_taken":11,"max_hp_gain":0,"max_hp_loss":0,"event_name":"World of Goop","floor":14,"gold_loss":0},{"damage_healed":0,"gold_gain":0,"player_choice":"Shed Blood","damage_taken":20,"max_hp_gain":5,"max_hp_loss":0,"event_name":"Forgotten Altar","floor":20,"gold_loss":0},{"damage_healed":0,"gold_gain":0,"player_choice":"Ignored","damage_taken":0,"max_hp_gain":0,"max_hp_loss":0,"event_name":"Vampires","floor":21,"gold_loss":0},{"damage_healed":0,"gold_gain":0,"player_choice":"Ignored","damage_taken":0,"max_hp_gain":0,"max_hp_loss":0,"event_name":"Ghosts","floor":22,"gold_loss":0},{"damage_healed":0,"gold_gain":0,"player_choice":"Ignored","damage_taken":0,"max_hp_gain":0,"max_hp_loss":0,"event_name":"Mysterious Sphere","floor":36,"gold_loss":0},{"cards_removed":["Corruption"],"damage_healed":0,"gold_gain":0,"player_choice":"Removed Power","damage_taken":0,"max_hp_gain":0,"max_hp_loss":0,"event_name":"Falling","floor":37,"gold_loss":0},{"damage_healed":0,"gold_gain":0,"player_choice":"Fight","damage_taken":0,"max_hp_gain":0,"max_hp_loss":0,"event_name":"MindBloom","floor":45,"gold_loss":0}],"is_beta":false,"boss_relics":[{"not_picked":["Coffee Dripper","Lizard Tail"],"picked":"Busted Crown"},{"not_picked":["Cursed Key","Pandora\u0027s Box"],"picked":"Fusion Hammer"}],"items_purged_floors":[30,39],"is_endless":false,"potions_floor_spawned":[3,7,10,13,24,33,35,38,45],"killed_by":"Shield and Spear","ascension_level":7}