{"gold_per_floor":[144,189,234,279,279,369,369,414,414,459,504,504,549,594,594,894,894,939,984,1029,1074,970,970,1060,1060,1085,1130,1175,1220,1265,1355,1355,1655,1655,1700,1745,1640,1685,1495,1585,1588,1588,1588,1633,1678,1723,1723,1813,1813,1813],"floor_reached":51,"playtime":3989,"items_purged":[],"score":886,"play_id":"62860b72-09f2-4191-a3db-8145d9ed7c17","local_time":"20180623211921","daily_mods":["Heirloom","Midas","Vintage"],"is_ascension_mode":false,"campfire_choices":[{"floor":7,"key":"REST"},{"floor":15,"key":"REST"},{"floor":23,"key":"REST"},{"floor":25,"key":"REST"},{"floor":32,"key":"REST"},{"floor":42,"key":"REST"},{"floor":47,"key":"REST"},{"floor":49,"key":"REST"}],"neow_cost":"","seed_source_timestamp":41257125102582,"circlet_count":0,"master_deck":["Strike_R+1","Strike_R+1","Defend_R+1","Defend_R+1","Defend_R+1","Bash+1","Metallicize","Impervious","Immolate+1","Power Through+1","True Grit+1","Ghostly Armor+1","Anger+1","Clash+1","Cleave+1","Demon Form","Anger+1","Bludgeon+1","Pommel Strike+1","Carnage+1","Twin Strike+1","Flame Barrier","Flex","Heavy Blade+1","Apotheosis","Cleave+1","Wild Strike+1","Flex+1"],"special_seed":17706,"relics":["Burning Blood","Red Skull","Pear","Whetstone","Mummified Hand","Orichalcum","War Paint","Pen Nib","Molten Egg 2","Paper Frog","Lantern","Bag of Preparation","Blood Vial","Ornamental Fan","Astrolabe","Bag of Marbles","Thread and Needle","Oddly Smooth Stone","Singing Bowl","Ginger","Happy Flower","Meat on the Bone","Ancient Tea Set","Dream Catcher","Charon\u0027s Ashes","Blue Candle","Omamori","Orrery","Kunai","Regal Pillow","Strawberry","Pantograph","Turnip","Question Card","Shuriken","Darkstone Periapt","Toxic Egg 2","Bronze Scales"],"potions_floor_usage":[16,16,31,50,50],"damage_taken":[{"damage":3,"enemies":"Small Slimes","floor":1,"turns":3},{"damage":11,"enemies":"2 Louse","floor":2,"turns":4},{"damage":0,"enemies":"Cultist","floor":3,"turns":2},{"damage":9,"enemies":"Blue Slaver","floor":4,"turns":4},{"damage":41,"enemies":"Lagavulin","floor":6,"turns":7},{"damage":4,"enemies":"2 Fungi Beasts","floor":8,"turns":5},{"damage":0,"enemies":"Red Slaver","floor":10,"turns":4},{"damage":6,"enemies":"Large Slime","floor":11,"turns":5},{"damage":0,"enemies":"Exordium Thugs","floor":13,"turns":3},{"damage":1,"enemies":"2 Fungi Beasts","floor":14,"turns":4},{"damage":22,"enemies":"Slime Boss","floor":16,"turns":11},{"damage":0,"enemies":"2 Thieves","floor":18,"turns":4},{"damage":0,"enemies":"3 Byrds","floor":19,"turns":2},{"damage":13,"enemies":"Cultist and Chosen","floor":20,"turns":4},{"damage":0,"enemies":"3 Cultists","floor":21,"turns":1},{"damage":0,"enemies":"Slavers","floor":24,"turns":8},{"damage":0,"enemies":"Chosen and Byrds","floor":27,"turns":3},{"damage":0,"enemies":"Centurion and Healer","floor":28,"turns":4},{"damage":6,"enemies":"Slaver and Parasite","floor":29,"turns":5},{"damage":0,"enemies":"3 Cultists","floor":30,"turns":3},{"damage":7,"enemies":"Gremlin Leader","floor":31,"turns":5},{"damage":13,"enemies":"Champ","floor":33,"turns":6},{"damage":0,"enemies":"Orb Walker","floor":35,"turns":1},{"damage":29,"enemies":"3 Darklings","floor":36,"turns":4},{"damage":0,"enemies":"Sphere and 2 Shapes","floor":38,"turns":3},{"damage":25,"enemies":"Nemesis","floor":40,"turns":3},{"damage":16,"floor":41,"turns":4},{"damage":0,"enemies":"4 Shapes","floor":44,"turns":3},{"damage":0,"enemies":"3 Darklings","floor":45,"turns":1},{"damage":20,"enemies":"Maw","floor":46,"turns":7},{"damage":50,"enemies":"Giant Head","floor":48,"turns":9},{"damage":77,"enemies":"Time Eater","floor":50,"turns":8}],"seed_played":"1648767843045410124","potions_obtained":[{"floor":1,"key":"Ancient Potion"},{"floor":2,"key":"Energy Potion"},{"floor":4,"key":"Explosive Potion"},{"floor":8,"key":"GamblersBrew"},{"floor":16,"key":"FearPotion"},{"floor":21,"key":"GamblersBrew"},{"floor":28,"key":"Fire Potion"},{"floor":29,"key":"Fire Potion"},{"floor":33,"key":"Ancient Potion"},{"floor":40,"key":"Fire Potion"}],"is_trial":false,"path_per_floor":["M","M","M","M","?","E","R","M","T","M","M","?","M","M","R","B",null,"M","M","M","M","$","R","E","R","T","M","M","M","M","E","R","B",null,"M","M","$","M","$","E","?","R","T","M","M","M","R","E","R","B"],"character_chosen":"IRONCLAD","items_purchased":["Anger+1","Clash+1","Flex","Heavy Blade+1","Apotheosis"],"campfire_rested":8,"item_purchase_floors":[22,22,37,37,39],"current_hp_per_floor":[90,85,90,87,69,34,61,63,63,69,69,69,75,80,90,74,90,90,90,83,90,90,90,90,90,90,90,90,90,90,89,90,83,92,92,69,69,84,84,69,63,103,103,103,103,89,103,59,105,46],"gold":1813,"neow_bonus":"","is_prod":false,"is_daily":true,"chose_seed":false,"campfire_upgraded":0,"win_rate":0.0,"timestamp":1529803161,"path_taken":["M","M","M","M","?","E","R","?","T","M","M","?","M","M","R","BOSS","M","M","M","M","$","R","E","R","T","M","M","M","M","E","R","BOSS","M","M","$","M","$","E","?","R","T","M","M","M","R","E","R","BOSS"],"build_version":"2018-06-21v2","purchased_purges":0,"victory":true,"max_hp_per_floor":[90,90,90,90,90,90,90,90,90,90,90,90,90,90,90,90,90,90,90,90,90,90,90,90,90,90,90,90,90,90,90,90,90,92,92,92,92,99,99,101,103,103,103,103,103,103,103,103,105,105],"card_choices":[{"not_picked":["Power Through","Clash"],"picked":"Metallicize","floor":6},{"not_picked":["Juggernaut","Impervious"],"picked":"Immolate+1","floor":16},{"not_picked":["Sword Boomerang+1","Combust"],"picked":"Cleave+1","floor":24},{"not_picked":["Ghostly Armor+1","Flame Barrier"],"picked":"Demon Form","floor":31},{"not_picked":["Flex","Body Slam+1"],"picked":"Anger+1","floor":32},{"not_picked":["Demon Form","Fiend Fire+1"],"picked":"Bludgeon+1","floor":33},{"not_picked":["Clash+1","Heavy Blade+1","Dual Wield"],"picked":"Singing Bowl","floor":34},{"not_picked":["Rage","Reckless Charge+1"],"picked":"Pommel Strike+1","floor":34},{"not_picked":["Shrug It Off+1","Rupture"],"picked":"Carnage+1","floor":34},{"not_picked":["Feel No Pain+1","Evolve"],"picked":"Twin Strike+1","floor":34},{"not_picked":["Body Slam+1","Corruption"],"picked":"Flame Barrier","floor":34},{"not_picked":["Flame Barrier","Sentinel","Power Through"],"picked":"Singing Bowl","floor":40},{"not_picked":["Clothesline+1","Sword Boomerang+1","Wild Strike+1"],"picked":"Singing Bowl","floor":41},{"not_picked":["True Grit","Clothesline+1"],"picked":"Cleave+1","floor":42},{"not_picked":["Anger+1","Dual Wield+1","Armaments+1"],"picked":"Wild Strike+1","floor":47},{"not_picked":["Whirlwind+1","Cleave+1","Impervious+1"],"picked":"Flex+1","floor":48},{"not_picked":["Sentinel+1","Shrug It Off+1","Headbutt+1","Iron Wave+1"],"picked":"Singing Bowl","floor":49}],"player_experience":62940,"relics_obtained":[{"floor":1,"key":"Pear"},{"floor":2,"key":"Whetstone"},{"floor":3,"key":"Mummified Hand"},{"floor":4,"key":"Orichalcum"},{"floor":6,"key":"War Paint"},{"floor":8,"key":"Pen Nib"},{"floor":9,"key":"Molten Egg 2"},{"floor":10,"key":"Paper Frog"},{"floor":11,"key":"Lantern"},{"floor":13,"key":"Bag of Preparation"},{"floor":14,"key":"Blood Vial"},{"floor":16,"key":"Ornamental Fan"},{"floor":18,"key":"Bag of Marbles"},{"floor":19,"key":"Thread and Needle"},{"floor":20,"key":"Oddly Smooth Stone"},{"floor":21,"key":"Singing Bowl"},{"floor":24,"key":"Ginger"},{"floor":26,"key":"Happy Flower"},{"floor":27,"key":"Meat on the Bone"},{"floor":28,"key":"Ancient Tea Set"},{"floor":29,"key":"Dream Catcher"},{"floor":30,"key":"Charon\u0027s Ashes"},{"floor":31,"key":"Blue Candle"},{"floor":33,"key":"Omamori"},{"floor":35,"key":"Kunai"},{"floor":36,"key":"Regal Pillow"},{"floor":38,"key":"Strawberry"},{"floor":40,"key":"Pantograph"},{"floor":41,"key":"Turnip"},{"floor":43,"key":"Question Card"},{"floor":44,"key":"Shuriken"},{"floor":45,"key":"Darkstone Periapt"},{"floor":46,"key":"Toxic Egg 2"},{"floor":48,"key":"Bronze Scales"}],"event_choices":[{"event_name":"Shining Light","player_choice":"Entered Light","floor":5,"damage_taken":0},{"event_name":"Living Wall","player_choice":"Change","floor":12,"damage_taken":0},{"event_name":"Mysterious Sphere","player_choice":"Fight","floor":41,"damage_taken":0}],"boss_relics":[{"not_picked":["White Beast Statue","Runic Cube"],"picked":"Astrolabe"},{"not_picked":["Sozu","Black Blood"],"picked":"Orrery"}],"items_purged_floors":[],"is_endless":false,"potions_floor_spawned":[1,2,4,8,10,16,21,24,28,29,33,36,40,41,46,48],"ascension_level":0}