{"gold_per_floor":[109,129,129,147,147,147,165,194,194,194,210,225,81,81,81,155,205,223,211,221,321,340,340,355,355,355,280,35,46,145,169,169,169],"floor_reached":33,"playtime":1967,"items_purged":["Strike_B"],"score":423,"play_id":"2a516a94-7ed2-4610-be9d-155303ff2944","local_time":"20190210215340","is_ascension_mode":true,"campfire_choices":[{"floor":6,"key":"REST"},{"data":"Streamline","floor":10,"key":"SMITH"},{"data":"Hologram","floor":15,"key":"SMITH"},{"floor":23,"key":"REST"},{"floor":25,"key":"REST"},{"floor":32,"key":"REST"}],"neow_cost":"NONE","seed_source_timestamp":1550201667859000,"circlet_count":0,"master_deck":["AscendersBane","Strike_B+1","Strike_B+1","Defend_B","Defend_B","Defend_B","Defend_B","Zap+1","Dualcast","Defragment","Streamline+1","Steam","Glacier","Cold Snap","Hologram+1","Capacitor+1","Self Repair","Core Surge+1","Go for the Eyes","Cold Snap","Ball Lightning","BootSequence","White Noise","Cold Snap","Stack+1"],"relics":["Cracked Core","Juzu Bracelet","Dodecahedron","Shuriken","Tiny House","Bottled Lightning","Bottled Tornado","Strawberry"],"potions_floor_usage":[11,16,33],"damage_taken":[{"damage":1,"enemies":"Cultist","floor":1,"turns":3},{"damage":9,"enemies":"Small Slimes","floor":2,"turns":4},{"damage":7,"enemies":"Jaw Worm","floor":4,"turns":3},{"damage":2,"enemies":"3 Louse","floor":7,"turns":3},{"damage":18,"enemies":"Gremlin Nob","floor":8,"turns":4},{"damage":11,"enemies":"Gremlin Gang","floor":11,"turns":5},{"damage":4,"enemies":"2 Fungi Beasts","floor":12,"turns":4},{"damage":6,"enemies":"Hexaghost","floor":16,"turns":12},{"damage":38,"enemies":"3 Byrds","floor":18,"turns":6},{"damage":14,"enemies":"2 Thieves","floor":19,"turns":4},{"damage":5,"enemies":"Centurion and Healer","floor":20,"turns":8},{"damage":17,"enemies":"Snake Plant","floor":22,"turns":6},{"damage":21,"enemies":"Chosen and Byrds","floor":24,"turns":7},{"damage":24,"enemies":"Centurion and Healer","floor":29,"turns":8},{"damage":76,"enemies":"Champ","floor":33,"turns":15}],"seed_played":"7138176446299820434","potions_obtained":[{"floor":1,"key":"Dexterity Potion"},{"floor":7,"key":"EssenceOfSteel"},{"floor":12,"key":"EssenceOfSteel"},{"floor":17,"key":"FairyPotion"}],"is_trial":false,"path_per_floor":["M","M","?","M","?","R","M","E","T","R","M","M","$","?","R","B",null,"M","M","M","?","M","R","M","R","T","?","$","M","?","T","R","B"],"character_chosen":"DEFECT","items_purchased":["Self Repair","Bottled Tornado"],"campfire_rested":4,"item_purchase_floors":[13,28],"current_hp_per_floor":[63,54,40,33,33,54,52,34,34,34,23,19,19,19,19,20,63,32,18,20,20,3,25,11,33,33,33,33,16,16,23,47,0],"gold":169,"neow_bonus":"RANDOM_COMMON_RELIC","is_prod":false,"is_daily":false,"chose_seed":false,"campfire_upgraded":2,"win_rate":0,"timestamp":1549835620,"path_taken":["M","M","?","M","?","R","M","E","T","R","M","M","$","?","R","BOSS","M","M","M","?","M","R","M","R","T","?","$","M","?","?","R","BOSS"],"build_version":"2019-01-23","purchased_purges":1,"victory":false,"max_hp_per_floor":[71,71,71,71,71,71,71,71,71,71,71,71,71,71,71,71,76,76,76,76,76,76,76,76,76,76,76,76,76,76,83,83,83],"card_choices":[{"not_picked":["Conserve Battery","Heatsinks"],"picked":"Defragment","floor":1},{"not_picked":["Redo","Barrage"],"picked":"Streamline","floor":2},{"not_picked":["Defragment","Lockon"],"picked":"Steam","floor":4},{"not_picked":["Genetic Algorithm","Steam"],"picked":"Glacier","floor":7},{"not_picked":["Redo","Hologram"],"picked":"Cold Snap","floor":8},{"not_picked":["Glacier","Redo"],"picked":"Hologram","floor":11},{"not_picked":["Hello World","Chaos"],"picked":"Capacitor","floor":12},{"not_picked":["Reboot","Amplify"],"picked":"Core Surge","floor":16},{"not_picked":["Compile Driver","Defragment"],"picked":"Go for the Eyes","floor":17},{"not_picked":["Turbo","Heatsinks"],"picked":"Cold Snap","floor":18},{"not_picked":["Conserve Battery","Go for the Eyes"],"picked":"Ball Lightning","floor":19},{"not_picked":["Stack","Undo"],"picked":"BootSequence","floor":20},{"not_picked":["Rip and Tear","Genetic Algorithm"],"picked":"White Noise","floor":22},{"not_picked":["Doom and Gloom","Turbo"],"picked":"Cold Snap","floor":24},{"not_picked":["Recycle","Sweeping Beam"],"picked":"Stack+1","floor":29}],"player_experience":278837,"relics_obtained":[{"floor":8,"key":"Dodecahedron"},{"floor":9,"key":"Shuriken"},{"floor":26,"key":"Bottled Lightning"},{"floor":31,"key":"Strawberry"}],"event_choices":[{"damage_healed":0,"gold_gain":0,"player_choice":"Entered Light","damage_taken":14,"max_hp_gain":0,"max_hp_loss":0,"event_name":"Shining Light","floor":3,"gold_loss":0,"cards_upgraded":["Strike_B","Strike_B"]},{"damage_healed":0,"gold_gain":0,"player_choice":"Forge","damage_taken":0,"max_hp_gain":0,"max_hp_loss":0,"event_name":"Accursed Blacksmith","floor":5,"gold_loss":0,"cards_upgraded":["Zap"]},{"damage_healed":0,"gold_gain":0,"player_choice":"Grow","damage_taken":0,"max_hp_gain":0,"max_hp_loss":0,"event_name":"Living Wall","floor":14,"gold_loss":0,"cards_upgraded":["Capacitor"]},{"damage_healed":0,"gold_gain":100,"player_choice":"Pray","damage_taken":0,"max_hp_gain":0,"max_hp_loss":0,"event_name":"Golden Shrine","floor":21,"gold_loss":0},{"cards_removed":["Strike_B"],"damage_healed":0,"gold_gain":0,"player_choice":"Gave Gold","damage_taken":0,"max_hp_gain":0,"max_hp_loss":0,"event_name":"Beggar","floor":27,"gold_loss":75},{"damage_healed":0,"gold_gain":99,"player_choice":"Stole From Cult","damage_taken":0,"max_hp_gain":0,"max_hp_loss":0,"event_name":"Nest","floor":30,"gold_loss":0}],"is_beta":false,"boss_relics":[{"not_picked":["White Beast Statue","Fusion Hammer"],"picked":"Tiny House"}],"items_purged_floors":[13],"is_endless":false,"potions_floor_spawned":[1,7,12,19,29],"killed_by":"Champ","ascension_level":14}