{"gold_per_floor":[110,110,123,135,135,135,161,161,161,161,176,202,48,66,66,161,161,174,174,106,133,133,133,153,153,153,173,201,201,231,251,251,353,353,371,381,261,361,380,415,415,432,459,409,434,451,451,468,468,468],"floor_reached":51,"playtime":1823,"items_purged":["Defend_B","Strike_B"],"score":905,"play_id":"b8e277df-837a-4ca8-9b79-2e408bdd699e","local_time":"20181115232146","is_ascension_mode":false,"campfire_choices":[{"data":"Ball Lightning","floor":6.0,"key":"SMITH"},{"data":"Strike_B","floor":8.0,"key":"SMITH"},{"data":"Go for the Eyes","floor":15.0,"key":"SMITH"},{"data":"Defragment","floor":23.0,"key":"SMITH"},{"data":"Buffer","floor":25.0,"key":"SMITH"},{"data":"Defragment","floor":29.0,"key":"SMITH"},{"data":"Defragment","floor":32.0,"key":"SMITH"},{"data":"Electrodynamics","floor":41.0,"key":"SMITH"},{"data":"Defend_B","floor":47,"key":"SMITH"},{"data":"Chill","floor":49,"key":"SMITH"}],"neow_cost":"NONE","seed_source_timestamp":2780193157324754,"circlet_count":0,"master_deck":["Strike_B+1","Defend_B+1","Defend_B+1","Zap+1","Dualcast+1","Chill+1","Ball Lightning+1","Steam+1","Go for the Eyes+1","Electrodynamics+1","Darkness+1","Sunder+1","Fusion+1","Coolheaded+1","Defragment+1","Buffer+1","Defragment+1","Conserve Battery+1","Defragment+1","Leap+1","BootSequence+1","Conserve Battery+1","Defragment+1"],"special_seed":0,"relics":["Cracked Core","Smiling Mask","Toxic Egg 2","Potion Belt","WingedGreaves","Ginger","Lantern","Astrolabe","Red Mask","Symbiotic Virus","Pantograph","Darkstone Periapt","Bronze Scales","Philosopher\u0027s Stone","Bag of Marbles","DataDisk"],"potions_floor_usage":[50,50,50,50,50],"damage_taken":[{"damage":0.0,"enemies":"Jaw Worm","floor":1.0,"turns":4.0},{"damage":4.0,"enemies":"2 Louse","floor":3.0,"turns":2.0},{"damage":0.0,"enemies":"Small Slimes","floor":4.0,"turns":2.0},{"damage":6.0,"enemies":"Gremlin Nob","floor":7.0,"turns":3.0},{"damage":0.0,"enemies":"2 Fungi Beasts","floor":11.0,"turns":2.0},{"damage":0.0,"enemies":"3 Sentries","floor":12.0,"turns":8.0},{"damage":0.0,"enemies":"Blue Slaver","floor":14.0,"turns":3.0},{"damage":42.0,"enemies":"Slime Boss","floor":16.0,"turns":11.0},{"damage":8.0,"enemies":"Chosen","floor":18.0,"turns":3.0},{"damage":0.0,"enemies":"Masked Bandits","floor":21.0,"turns":2.0},{"damage":0.0,"enemies":"3 Byrds","floor":24.0,"turns":3.0},{"damage":0.0,"enemies":"Snake Plant","floor":27.0,"turns":3.0},{"damage":0.0,"enemies":"Gremlin Leader","floor":28.0,"turns":5.0},{"damage":7.0,"enemies":"Book of Stabbing","floor":30.0,"turns":4.0},{"damage":1.0,"enemies":"Shelled Parasite and Fungi","floor":31.0,"turns":3.0},{"damage":13.0,"enemies":"Champ","floor":33.0,"turns":11.0},{"damage":0.0,"enemies":"3 Shapes","floor":35.0,"turns":4.0},{"damage":0.0,"enemies":"Orb Walker","floor":36.0,"turns":4.0},{"damage":0.0,"enemies":"3 Darklings","floor":39.0,"turns":4.0},{"damage":0.0,"enemies":"Reptomancer","floor":40.0,"turns":6.0},{"damage":0.0,"enemies":"4 Shapes","floor":42.0,"turns":2.0},{"damage":15.0,"enemies":"Nemesis","floor":45.0,"turns":7.0},{"damage":0.0,"enemies":"Jaw Worm Horde","floor":46.0,"turns":3.0},{"damage":0,"enemies":"3 Darklings","floor":48,"turns":2},{"damage":0,"enemies":"Time Eater","floor":50,"turns":8}],"seed_played":"-3206017684272653392","potions_obtained":[{"floor":3.0,"key":"FearPotion"},{"floor":4.0,"key":"SteroidPotion"},{"floor":11.0,"key":"SpeedPotion"},{"floor":16.0,"key":"Weak Potion"},{"floor":18.0,"key":"Swift Potion"},{"floor":21.0,"key":"Ancient Potion"},{"floor":39.0,"key":"Dexterity Potion"},{"floor":40.0,"key":"Ancient Potion"}],"is_trial":false,"path_per_floor":["M","?","M","M","?","R","E","R","T","T","M","E","$","M","R","B",null,"M","?","$","?","T","R","M","R","T","M","E","R","E","M","R","B",null,"M","M","$","?","M","E","R","M","T","$","E","M","R","M","R","B",null],"character_chosen":"DEFECT","items_purchased":["Lantern","Defragment","BootSequence+1"],"campfire_rested":0,"item_purchase_floors":[13,20,37],"current_hp_per_floor":[75,60,56,56,56,56,50,50,50,50,50,50,50,50,50,8,75,67,67,67,67,67,67,67,67,67,67,67,67,60,59,59,62,75,75,75,75,75,75,75,75,75,75,75,60,60,60,60,60,75],"gold":468,"neow_bonus":"RANDOM_COMMON_RELIC","is_prod":false,"is_daily":false,"chose_seed":false,"campfire_upgraded":10,"win_rate":0,"timestamp":1542324106,"path_taken":["M","?","M","M","?","R","E","R","T","?","?","E","$","M","R","BOSS","M","?","$","?","?","R","?","R","T","?","E","R","E","M","R","BOSS","M","M","$","?","M","E","R","?","T","$","E","M","R","M","R","BOSS"],"build_version":"2018-11-08","purchased_purges":2,"victory":true,"max_hp_per_floor":[75,75,75,75,75,75,75,75,75,75,75,75,75,75,75,75,75,75,75,75,75,75,75,75,75,75,75,75,75,75,75,75,75,75,75,75,75,75,75,75,75,75,75,75,75,75,75,75,75,75],"card_choices":[{"not_picked":["Streamline","Compile Driver"],"picked":"Chill","floor":1.0},{"not_picked":["Gash","FTL","Redo"],"picked":"SKIP","floor":3.0},{"not_picked":["Gash","Barrage"],"picked":"Ball Lightning","floor":4.0},{"not_picked":["Steam","Consume","Redo"],"picked":"SKIP","floor":7.0},{"not_picked":["Barrage","Skim+1"],"picked":"Steam+1","floor":11.0},{"not_picked":["Scrape","Leap+1"],"picked":"Go for the Eyes","floor":12.0},{"not_picked":["Doom and Gloom","Leap+1","Reboot+1"],"picked":"SKIP","floor":14.0},{"not_picked":["Core Surge","Reboot+1"],"picked":"Electrodynamics","floor":16.0},{"not_picked":["Cold Snap+1","White Noise+1"],"picked":"Coolheaded+1","floor":18.0},{"not_picked":["Sweeping Beam","Ball Lightning+1","Buffer"],"picked":"SKIP","floor":24.0},{"not_picked":["Sweeping Beam","Ball Lightning+1"],"picked":"Buffer","floor":24.0},{"not_picked":["Coolheaded+1","Rebound"],"picked":"Defragment","floor":27.0},{"not_picked":["White Noise+1","Sweeping Beam"],"picked":"Conserve Battery+1","floor":28.0},{"not_picked":["Hologram+1","Barrage"],"picked":"Defragment","floor":30.0},{"not_picked":["Redo+1","Doom and Gloom"],"picked":"Leap+1","floor":31.0},{"not_picked":["Stack+1","Steam Power+1","Storm"],"picked":"SKIP","floor":35.0},{"not_picked":["Streamline","Leap+1","Stack+1"],"picked":"SKIP","floor":36.0},{"not_picked":["Darkness+1","Gash","Reprogram+1"],"picked":"SKIP","floor":39.0},{"not_picked":["Reinforced Body+1","Heatsinks+1"],"picked":"Conserve Battery+1","floor":40.0},{"not_picked":["Ball Lightning+1","Leap+1","Loop"],"picked":"SKIP","floor":42.0},{"not_picked":["Beam Cell+1","Redo+1"],"picked":"Defragment+1","floor":45.0},{"not_picked":["Conserve Battery+1","Go for the Eyes","Rebound"],"picked":"SKIP","floor":46.0},{"not_picked":["Sweeping Beam","Streamline+1","Cold Snap"],"picked":"SKIP","floor":48}],"player_experience":788945,"relics_obtained":[{"floor":7.0,"key":"Toxic Egg 2"},{"floor":9.0,"key":"Potion Belt"},{"floor":10.0,"key":"WingedGreaves"},{"floor":12.0,"key":"Ginger"},{"floor":21.0,"key":"Red Mask"},{"floor":22.0,"key":"Symbiotic Virus"},{"floor":26.0,"key":"Pantograph"},{"floor":28.0,"key":"Darkstone Periapt"},{"floor":30.0,"key":"Bronze Scales"},{"floor":43.0,"key":"Bag of Marbles"},{"floor":45.0,"key":"DataDisk"}],"event_choices":[{"damage_healed":0.0,"max_hp_gain":0.0,"max_hp_loss":0.0,"gold_gain":0.0,"event_name":"Shining Light","player_choice":"Entered Light","floor":2.0,"gold_loss":0.0,"damage_taken":15.0,"cards_upgraded":["Zap","Defend_B"]},{"damage_healed":0.0,"max_hp_gain":0.0,"max_hp_loss":0.0,"gold_gain":0.0,"event_name":"Living Wall","player_choice":"Grow","floor":5.0,"gold_loss":0.0,"damage_taken":0.0,"cards_upgraded":["Dualcast"]},{"damage_healed":0.0,"max_hp_gain":0.0,"max_hp_loss":0.0,"gold_gain":0.0,"event_name":"Vampires","player_choice":"Ignored","floor":19.0,"gold_loss":0.0,"damage_taken":0.0},{"damage_healed":0.0,"max_hp_gain":0.0,"max_hp_loss":0.0,"gold_gain":0.0,"event_name":"Masked Bandits","player_choice":"Fought Bandits","floor":21.0,"gold_loss":0.0,"damage_taken":0.0},{"damage_healed":0.0,"max_hp_gain":0.0,"max_hp_loss":0.0,"gold_gain":100.0,"event_name":"Golden Shrine","player_choice":"Pray","floor":38.0,"gold_loss":0.0,"damage_taken":0.0}],"is_beta":false,"boss_relics":[{"not_picked":["Tiny House","Empty Cage"],"picked":"Astrolabe"},{"not_picked":["Lizard Tail","Snecko Eye"],"picked":"Philosopher\u0027s Stone"}],"items_purged_floors":[37,44],"is_endless":false,"potions_floor_spawned":[3,4,11,16,18,21,31,39,40,48],"ascension_level":0}