{"gold_per_floor":[114,127,144,67,67,102,27,41,111,135,135,15,39,214,214,343,343,343],"floor_reached":18,"playtime":965,"items_purged":["Injury"],"score":162,"play_id":"3ae7287f-68cc-4b89-a75b-492ee537198c","local_time":"20190209191932","is_ascension_mode":false,"campfire_choices":[{"floor":11,"key":"REST"},{"floor":15,"key":"RECALL"}],"neow_cost":"NONE","seed_source_timestamp":70457079009100,"circlet_count":0,"master_deck":["Strike_R","Strike_R","Strike_R","Strike_R","Strike_R","Defend_R","Defend_R","Defend_R","Defend_R","Bash","Armaments","Iron Wave","Armaments","Dropkick","Warcry","Thunderclap","Combust","Shrug It Off","Pommel Strike","Swift Strike","Sever Soul","Armaments","Doubt","Impervious","Searing Blow","Intimidate","Iron Wave","Seeing Red","Entrench"],"relics":["Burning Blood","Golden Idol","Peace Pipe","Orrery"],"potions_floor_usage":[6,16,16,18],"damage_taken":[{"damage":0,"enemies":"Small Slimes","floor":1,"turns":4},{"damage":1,"enemies":"Jaw Worm","floor":2,"turns":6},{"damage":0,"enemies":"2 Louse","floor":3,"turns":3},{"damage":63,"enemies":"3 Sentries","floor":6,"turns":16},{"damage":2,"enemies":"2 Fungi Beasts","floor":8,"turns":5},{"damage":8,"enemies":"Red Slaver","floor":10,"turns":7},{"damage":2,"enemies":"Blue Slaver","floor":13,"turns":5},{"damage":50,"enemies":"Hexaghost","floor":16,"turns":12},{"damage":32,"enemies":"Shell Parasite","floor":18,"turns":6}],"seed_played":"6486038975205643610","potions_obtained":[{"floor":2,"key":"SkillPotion"},{"floor":10,"key":"Block Potion"},{"floor":13,"key":"FearPotion"},{"floor":16,"key":"Dexterity Potion"}],"is_trial":false,"path_per_floor":["M","M","M","$","?","E","$","M","T","M","R","$","M","?","R","B",null,"M"],"character_chosen":"IRONCLAD","items_purchased":["Warcry","Thunderclap","Swift Strike","Sever Soul"],"campfire_rested":1,"item_purchase_floors":[4,4,12,12],"current_hp_per_floor":[80,80,80,80,80,23,23,27,27,25,49,49,53,53,53,9,80,48],"gold":343,"neow_bonus":"THREE_CARDS","is_prod":false,"is_daily":false,"chose_seed":false,"campfire_upgraded":0,"win_rate":0,"timestamp":1549711172,"path_taken":["M","M","M","$","?","E","$","M","T","M","R","?","M","?","R","BOSS","M"],"build_version":"2019-01-23","purchased_purges":1,"victory":false,"max_hp_per_floor":[80,80,80,80,80,80,80,80,80,80,80,80,80,80,80,80,80,80],"card_choices":[{"not_picked":["Metallicize","Shockwave"],"picked":"Armaments","floor":0},{"not_picked":["Wild Strike","Heavy Blade"],"picked":"Iron Wave","floor":1},{"not_picked":["Sword Boomerang","Clothesline"],"picked":"Armaments","floor":2},{"not_picked":["Dark Embrace","True Grit"],"picked":"Dropkick","floor":3},{"not_picked":["Clash","Corruption"],"picked":"Combust","floor":6},{"not_picked":["True Grit","Heavy Blade"],"picked":"Shrug It Off","floor":8},{"not_picked":["Shockwave","Cleave"],"picked":"Pommel Strike","floor":10},{"not_picked":["Wild Strike","Evolve"],"picked":"Armaments","floor":13},{"not_picked":["Offering","Fiend Fire"],"picked":"Impervious","floor":16},{"not_picked":["Body Slam","Armaments"],"picked":"Searing Blow","floor":17},{"not_picked":["Armaments","Perfected Strike"],"picked":"Intimidate","floor":17},{"not_picked":["Twin Strike","Thunderclap"],"picked":"Iron Wave","floor":17},{"not_picked":["True Grit","Clash"],"picked":"Seeing Red","floor":17},{"not_picked":["Iron Wave","Body Slam"],"picked":"Entrench","floor":17}],"player_experience":27615,"relics_obtained":[{"floor":6,"key":"Peace Pipe"}],"event_choices":[{"damage_healed":0,"gold_gain":0,"player_choice":"Take Wound","damage_taken":0,"relics_obtained":["Golden Idol"],"max_hp_gain":0,"max_hp_loss":0,"event_name":"Golden Idol","floor":5,"gold_loss":0,"cards_obtained":["Injury"]},{"damage_healed":0,"gold_gain":175,"player_choice":"AGREE","damage_taken":0,"max_hp_gain":0,"max_hp_loss":0,"event_name":"Liars Game","floor":14,"gold_loss":0,"cards_obtained":["Doubt"]}],"is_beta":false,"boss_relics":[{"not_picked":["Black Star","Mark of Pain"],"picked":"Orrery"}],"items_purged_floors":[7],"is_endless":false,"potions_floor_spawned":[2,10,13,16],"killed_by":"Shell Parasite","ascension_level":0}