{"gold_per_floor":[115,135,64,64,64,64,84,84,84,84,95,112,126,91,91,192,192,208,226,226,226,236,236,255,270,270,45,45,65,164,175,175,277,277,295,310,310,161,161,161,232,107,107,122,139,139,139,153,153,153],"floor_reached":51,"playtime":3931,"items_purged":["Strike_G","Strike_G","Strike_G"],"score":616,"play_id":"1a1f0f7a-0c4b-413e-9385-40fa01389b31","local_time":"20181007200525","is_ascension_mode":false,"campfire_choices":[{"data":"Neutralize","floor":6,"key":"SMITH"},{"data":"Dagger Spray","floor":8,"key":"SMITH"},{"data":"Sucker Punch","floor":10,"key":"SMITH"},{"floor":15,"key":"REST"},{"data":"Footwork","floor":23,"key":"SMITH"},{"data":"Footwork","floor":28,"key":"SMITH"},{"data":"Catalyst","floor":32,"key":"SMITH"},{"data":"Dodge and Roll","floor":40,"key":"SMITH"},{"data":"Dodge and Roll","floor":46,"key":"SMITH"},{"data":"Survivor","floor":49,"key":"SMITH"}],"neow_cost":"NONE","seed_source_timestamp":1304197643556792,"circlet_count":0,"master_deck":["Defend_G","Defend_G","Defend_G","Defend_G","Defend_G","Strike_G+1","Strike_G","Survivor+1","Neutralize+1","Prepared+1","Sucker Punch+1","Noxious Fumes+1","Dagger Spray+1","Footwork+1","Dodge and Roll+1","Blur+1","Footwork+1","Catalyst+1","Corpse Explosion","Dodge and Roll+1","Acrobatics+1","Writhe","Acrobatics+1","Crippling Poison+1"],"relics":["Lizard Tail","Peace Pipe","Coffee Dripper","MutagenicStrength","Matryoshka","HoveringKite","Potion Belt","Gremlin Horn","Snake Skull","Meat on the Bone"],"potions_floor_usage":[25,25,33,33,50,50],"damage_taken":[{"damage":10,"enemies":"Small Slimes","floor":1,"turns":4},{"damage":6,"enemies":"Cultist","floor":2,"turns":5},{"damage":2,"enemies":"Jaw Worm","floor":7,"turns":4},{"damage":14,"enemies":"Large Slime","floor":11,"turns":6},{"damage":13,"enemies":"3 Louse","floor":12,"turns":3},{"damage":5,"enemies":"Gremlin Gang","floor":13,"turns":4},{"damage":10,"enemies":"The Guardian","floor":16,"turns":14},{"damage":0,"enemies":"Chosen","floor":18,"turns":6},{"damage":3,"enemies":"Shell Parasite","floor":19,"turns":7},{"damage":5,"enemies":"Shelled Parasite and Fungi","floor":22,"turns":6},{"damage":7,"enemies":"3 Cultists","floor":24,"turns":5},{"damage":16,"enemies":"Snake Plant","floor":25,"turns":5},{"damage":0,"enemies":"Centurion and Healer","floor":29,"turns":5},{"damage":0,"enemies":"Sentry and Sphere","floor":31,"turns":6},{"damage":29,"enemies":"Automaton","floor":33,"turns":11},{"damage":18,"enemies":"3 Darklings","floor":35,"turns":6},{"damage":19,"enemies":"Orb Walker","floor":36,"turns":7},{"damage":19,"enemies":"4 Shapes","floor":44,"turns":7},{"damage":32,"enemies":"Reptomancer","floor":45,"turns":6},{"damage":0,"enemies":"Maw","floor":48,"turns":7},{"damage":59,"enemies":"Donu and Deca","floor":50,"turns":8}],"seed_played":"-6457831392518130043","potions_obtained":[{"floor":7,"key":"Ancient Potion"},{"floor":11,"key":"Fire Potion"},{"floor":13,"key":"Block Potion"},{"floor":25,"key":"Fire Potion"},{"floor":31,"key":"Weak Potion"},{"floor":35,"key":"AttackPotion"},{"floor":48,"key":"GamblersBrew"}],"is_trial":false,"path_per_floor":["M","M","$","?","?","R","M","R","T","R","M","M","M","?","R","B",null,"M","M","?","?","M","R","M","M","T","$","R","M","?","M","R","B",null,"M","M","?","$","?","R","T","$","T","M","M","R","$","M","R","B"],"character_chosen":"THE_SILENT","items_purchased":["Noxious Fumes","Footwork","Catalyst","Acrobatics"],"campfire_rested":1,"item_purchase_floors":[3,27,27,38],"current_hp_per_floor":[60,54,54,40,40,40,38,38,38,38,24,11,6,23,44,34,70,70,67,60,60,55,55,48,32,32,32,32,32,32,32,32,3,70,52,33,51,51,51,51,51,51,51,44,24,24,24,36,36,35],"gold":153,"neow_bonus":"BOSS_RELIC","is_prod":false,"is_daily":false,"chose_seed":false,"campfire_upgraded":9,"win_rate":0.0,"timestamp":1538913925,"path_taken":["M","M","$","?","?","R","M","R","T","R","M","M","M","?","R","BOSS","M","M","?","?","M","R","M","M","T","$","R","M","?","M","R","BOSS","M","M","?","?","?","R","?","$","T","M","M","R","$","M","R","BOSS"],"build_version":"2018-10-04v2","purchased_purges":3,"victory":true,"max_hp_per_floor":[70,70,70,70,70,70,70,70,70,70,70,70,70,70,70,70,70,70,70,70,70,70,70,70,70,70,70,70,70,70,70,70,70,70,70,70,70,70,70,70,70,70,70,70,70,70,70,70,70,70],"card_choices":[{"not_picked":["Crippling Poison","Blade Dance"],"picked":"Prepared","floor":1},{"not_picked":["Prepared","Deadly Poison"],"picked":"Sucker Punch","floor":2},{"not_picked":["Choke","Backstab"],"picked":"Dagger Spray","floor":7},{"not_picked":["Prepared","Bane","Deadly Poison"],"picked":"SKIP","floor":11},{"not_picked":["Deadly Poison","Bouncing Flask","Expertise"],"picked":"SKIP","floor":12},{"not_picked":["Die Die Die","Tactician"],"picked":"Footwork","floor":13},{"not_picked":["Flechettes+1","Deflect","Dagger Spray"],"picked":"SKIP","floor":18},{"not_picked":["Sucker Punch+1","Dagger Spray"],"picked":"Dodge and Roll","floor":19},{"not_picked":["Backstab","Masterful Stab+1"],"picked":"Blur+1","floor":22},{"not_picked":["Burst","Acrobatics+1","Sucker Punch+1"],"picked":"SKIP","floor":24},{"not_picked":["Expertise","Sucker Punch","Flying Knee"],"picked":"SKIP","floor":25},{"not_picked":["Masterful Stab+1","Poisoned Stab+1","Acrobatics"],"picked":"SKIP","floor":29},{"not_picked":["Outmaneuver+1","Flechettes","Quick Slash"],"picked":"SKIP","floor":31},{"not_picked":["Wraith Form v2","Tools of the Trade"],"picked":"Corpse Explosion","floor":33},{"not_picked":["Bane+1","Prepared"],"picked":"Dodge and Roll","floor":35},{"not_picked":["Outmaneuver","Dagger Spray"],"picked":"Acrobatics+1","floor":36},{"not_picked":["Bane","Blade Dance"],"picked":"Crippling Poison+1","floor":44},{"not_picked":["PiercingWail","Flechettes","Slice+1"],"picked":"SKIP","floor":45},{"not_picked":["Doppelganger","Backstab+1","Sucker Punch+1"],"picked":"SKIP","floor":48}],"player_experience":5907,"relics_obtained":[{"floor":9,"key":"Peace Pipe"},{"floor":26,"key":"Matryoshka"},{"floor":41,"key":"Potion Belt"},{"floor":41,"key":"Gremlin Horn"},{"floor":43,"key":"Snake Skull"},{"floor":43,"key":"Meat on the Bone"}],"event_choices":[{"event_name":"Shining Light","player_choice":"Entered Light","floor":4,"damage_taken":0},{"event_name":"Upgrade Shrine","player_choice":"Upgraded","floor":5,"damage_taken":0},{"event_name":"The Cleric","player_choice":"Healed","floor":14,"damage_taken":0},{"event_name":"Knowing Skull","player_choice":"","floor":20,"damage_taken":0},{"event_name":"Drug Dealer","player_choice":"Inject Mutagens","floor":21,"damage_taken":0},{"event_name":"Nest","player_choice":"Stole From Cult","floor":30,"damage_taken":0},{"event_name":"Winding Halls","player_choice":"Writhe","floor":37,"damage_taken":0},{"event_name":"Upgrade Shrine","player_choice":"Upgraded","floor":39,"damage_taken":0}],"is_beta":false,"boss_relics":[{"not_picked":["Empty Cage","Fusion Hammer"],"picked":"Coffee Dripper"},{"not_picked":["Tiny House","Calling Bell"],"picked":"HoveringKite"}],"items_purged_floors":[27,38,42],"is_endless":false,"potions_floor_spawned":[7,11,13,18,22,24,25,31,35,48],"ascension_level":0}