{"gold_per_floor":[12,32,51,51,51,51,71,100,174,208,220,248,277,289,301,313],"floor_reached":16,"playtime":1508,"items_purged":[],"score":179,"play_id":"0d87bd05-995e-4c81-ade4-30a5a54e3586","local_time":"20190201084920","is_ascension_mode":true,"campfire_choices":[{"data":"Bash","floor":6,"key":"SMITH"},{"floor":11,"key":"REST"},{"floor":15,"key":"REST"}],"neow_cost":"NO_GOLD","seed_source_timestamp":379595677199800,"circlet_count":0,"master_deck":["AscendersBane","Strike_R","Strike_R","Strike_R","Strike_R","Defend_R","Defend_R","Defend_R","Defend_R","Bash+1","Juggernaut","Heavy Blade","Flame Barrier","Cleave","Headbutt","Pommel Strike","Limit Break+1","Armaments+1","Power Through+1","Perfected Strike"],"relics":["Burning Blood","Calipers","Toxic Egg 2","MawBank"],"potions_floor_usage":[8,10,16],"damage_taken":[{"damage":15,"enemies":"Jaw Worm","floor":1,"turns":5},{"damage":10,"enemies":"Small Slimes","floor":2,"turns":3},{"damage":2,"enemies":"2 Louse","floor":3,"turns":3},{"damage":10,"enemies":"Looter","floor":7,"turns":5},{"damage":24,"enemies":"Gremlin Nob","floor":8,"turns":4},{"damage":35,"enemies":"Lagavulin","floor":10,"turns":8},{"damage":12,"enemies":"Exordium Wildlife","floor":12,"turns":2},{"damage":7,"enemies":"3 Louse","floor":13,"turns":4},{"damage":63,"enemies":"Slime Boss","floor":16,"turns":9}],"seed_played":"-457128147862816280","potions_obtained":[{"floor":1,"key":"Weak Potion"},{"floor":8,"key":"FearPotion"},{"floor":12,"key":"Poison Potion"}],"is_trial":false,"path_per_floor":["M","M","M","?","?","R","M","E","T","E","R","M","M","?","R","B"],"character_chosen":"IRONCLAD","items_purchased":[],"campfire_rested":2,"item_purchase_floors":[],"current_hp_per_floor":[63,59,63,68,68,68,64,46,46,17,42,36,35,35,60,0],"gold":313,"neow_bonus":"THREE_RARE_CARDS","is_prod":false,"is_daily":false,"chose_seed":false,"campfire_upgraded":1,"win_rate":0,"timestamp":1549007360,"path_taken":["M","M","M","?","?","R","M","E","T","E","R","M","M","?","R","BOSS"],"build_version":"2019-01-23","purchased_purges":0,"victory":false,"max_hp_per_floor":[80,80,80,85,85,85,85,85,85,85,85,85,85,85,85,85],"card_choices":[{"not_picked":["Bludgeon","Exhume"],"picked":"Juggernaut","floor":0},{"not_picked":["Combust","Wild Strike"],"picked":"Heavy Blade","floor":1},{"not_picked":["Perfected Strike","Wild Strike"],"picked":"Flame Barrier","floor":2},{"not_picked":["Sword Boomerang","Seeing Red"],"picked":"Cleave","floor":3},{"not_picked":["Wild Strike","Second Wind"],"picked":"Headbutt","floor":7},{"not_picked":["Clash","Headbutt"],"picked":"Pommel Strike","floor":8},{"not_picked":["Dual Wield+1","Second Wind+1"],"picked":"Limit Break+1","floor":10},{"not_picked":["Entrench+1","Fire Breathing"],"picked":"Armaments+1","floor":12},{"not_picked":["Clash","Twin Strike"],"picked":"Power Through+1","floor":13}],"player_experience":244748,"relics_obtained":[{"floor":8,"key":"Calipers"},{"floor":9,"key":"Toxic Egg 2"},{"floor":10,"key":"MawBank"}],"event_choices":[{"damage_healed":0,"gold_gain":0,"player_choice":"Donut","damage_taken":0,"max_hp_gain":5,"max_hp_loss":0,"event_name":"Big Fish","floor":4,"gold_loss":0},{"damage_healed":0,"gold_gain":0,"player_choice":"Ignored","damage_taken":0,"max_hp_gain":0,"max_hp_loss":0,"event_name":"Liars Game","floor":5,"gold_loss":0},{"damage_healed":0,"gold_gain":0,"cards_transformed":["Strike_R"],"player_choice":"Change","damage_taken":0,"max_hp_gain":0,"max_hp_loss":0,"event_name":"Living Wall","floor":14,"gold_loss":0,"cards_obtained":["Perfected Strike"]}],"is_beta":false,"boss_relics":[],"items_purged_floors":[],"is_endless":false,"potions_floor_spawned":[1,8,12],"killed_by":"Slime Boss","ascension_level":12}