{"gold_per_floor":[109,120,134,153,168,168,198,210,210,210,245,259,278,298,298,400,400,411,426,442,58,76,106,124,151,151,162,190,203,203,215,215,310,310,320,336,52,52,68,93,105,149,161,201,173,201,248,270,282,294],"floor_reached":51,"playtime":4832,"items_purged":[],"score":1094,"play_id":"fa3f71a1-1801-4000-9ae8-956c74751b91","local_time":"20181022144147","is_ascension_mode":true,"campfire_choices":[{"data":"Neutralize","floor":6,"key":"SMITH"},{"data":"Blade Dance","floor":15,"key":"SMITH"},{"floor":32,"key":"REST"}],"neow_cost":"NONE","seed_source_timestamp":153502747099148,"circlet_count":0,"master_deck":["Defend_G","Defend_G","Defend_G","Defend_G","Defend_G","Strike_G","Strike_G","Strike_G","Strike_G","Strike_G","Survivor","Neutralize+1","Blade Dance+1","Dagger Throw","Malaise","Masterful Stab","Quick Slash","Leg Sweep","Dash","Backflip","Dash","Dagger Spray","Corpse Explosion","Blade Dance","Dagger Spray","Sucker Punch","Blade Dance+1","Well Laid Plans+1","Blade Dance+1","Malaise+1","Burst+1","Acrobatics+1","Prepared+1","Dodge and Roll+1","Adrenaline+1","Tactician+1","Backflip+1","Dodge and Roll+1","Crippling Poison+1","Footwork+1","Infinite Blades+1","Magnetism+1","Dodge and Roll+1","Distraction+1","Deflect+1","Infinite Blades+1"],"relics":["Black Star","Kunai","Pantograph","Shuriken","Meat on the Bone","Frozen Egg 2","Fusion Hammer","Toxic Egg 2","Darkstone Periapt","Bottled Flame","Pear","Ornamental Fan","Bottled Lightning","Sundial","Ninja Scroll","Coffee Dripper","HandDrill","Oddly Smooth Stone","MawBank","Paper Crane","Matryoshka","Strawberry","Bag of Preparation","Anchor","Blood Vial","Vajra","Centennial Puzzle"],"potions_floor_usage":[27,33,46,50,50],"damage_taken":[{"damage":7,"enemies":"Cultist","floor":1,"turns":5},{"damage":2,"enemies":"Small Slimes","floor":2,"turns":4},{"damage":7,"enemies":"Jaw Worm","floor":3,"turns":4},{"damage":1,"enemies":"2 Fungi Beasts","floor":4,"turns":3},{"damage":5,"enemies":"Exordium Thugs","floor":5,"turns":5},{"damage":20,"enemies":"3 Sentries","floor":7,"turns":11},{"damage":8,"enemies":"Large Slime","floor":8,"turns":6},{"damage":5,"enemies":"Gremlin Nob","floor":11,"turns":4},{"damage":2,"enemies":"Blue Slaver","floor":12,"turns":3},{"damage":0,"enemies":"3 Louse","floor":13,"turns":2},{"damage":9,"enemies":"Red Slaver","floor":14,"turns":2},{"damage":16,"enemies":"Slime Boss","floor":16,"turns":12},{"damage":6,"enemies":"2 Thieves","floor":18,"turns":2},{"damage":3,"enemies":"Shell Parasite","floor":19,"turns":4},{"damage":3,"enemies":"Centurion and Healer","floor":20,"turns":6},{"damage":0,"enemies":"Sentry and Sphere","floor":22,"turns":2},{"damage":31,"enemies":"Slavers","floor":23,"turns":4},{"damage":8,"enemies":"Shelled Parasite and Fungi","floor":24,"turns":4},{"damage":6,"enemies":"Gremlin Leader","floor":25,"turns":6},{"damage":7,"enemies":"Snake Plant","floor":27,"turns":4},{"damage":0,"enemies":"Book of Stabbing","floor":28,"turns":6},{"damage":0,"enemies":"Centurion and Healer","floor":29,"turns":2},{"damage":0,"enemies":"Cultist and Chosen","floor":31,"turns":4},{"damage":49,"enemies":"Collector","floor":33,"turns":8},{"damage":0,"enemies":"Orb Walker","floor":35,"turns":2},{"damage":0,"enemies":"3 Darklings","floor":36,"turns":2},{"damage":4,"enemies":"Jaw Worm Horde","floor":39,"turns":2},{"damage":6,"enemies":"Reptomancer","floor":40,"turns":6},{"damage":0,"enemies":"Giant Head","floor":42,"turns":5},{"damage":0,"enemies":"Reptomancer","floor":44,"turns":6},{"damage":0,"enemies":"Maw","floor":46,"turns":4},{"damage":3,"enemies":"Nemesis","floor":47,"turns":5},{"damage":0,"enemies":"Sphere and 2 Shapes","floor":48,"turns":4},{"damage":4,"enemies":"Donu and Deca","floor":50,"turns":5}],"seed_played":"62327725218537502","potions_obtained":[{"floor":1,"key":"LiquidBronze"},{"floor":8,"key":"Weak Potion"},{"floor":11,"key":"Weak Potion"},{"floor":12,"key":"SpeedPotion"},{"floor":19,"key":"Strength Potion"},{"floor":23,"key":"Regen Potion"},{"floor":27,"key":"Swift Potion"},{"floor":31,"key":"Fruit Juice"},{"floor":35,"key":"Fire Potion"},{"floor":45,"key":"Fruit Juice"},{"floor":48,"key":"Fruit Juice"}],"is_trial":false,"path_per_floor":["M","M","M","M","M","R","E","M","T","?","E","M","M","M","R","B",null,"M","M","M","$","M","E","M","E","T","M","E","M","?","M","R","B",null,"M","M","$","?","M","E","?","E","T","E","?","M","E","M","R","B"],"character_chosen":"THE_SILENT","items_purchased":["Toxic Egg 2","Blade Dance+1","Well Laid Plans+1","HandDrill","Dodge and Roll+1","Crippling Poison+1"],"campfire_rested":1,"item_purchase_floors":[21,21,21,37,37,37],"current_hp_per_floor":[63,61,54,53,48,48,28,20,20,20,15,25,37,40,40,49,70,64,61,58,58,58,39,43,47,47,52,52,52,37,49,74,53,90,90,90,90,90,86,80,80,80,87,87,87,94,93,95,95,103],"gold":306,"neow_bonus":"BOSS_RELIC","is_prod":false,"is_daily":false,"chose_seed":false,"campfire_upgraded":2,"win_rate":0,"timestamp":1540244507,"path_taken":["M","M","M","M","M","R","E","?","T","?","E","M","M","M","R","BOSS","M","M","M","$","M","E","M","E","T","M","E","M","?","M","R","BOSS","M","M","$","?","M","E","?","E","T","E","?","M","E","?","R","BOSS"],"build_version":"2018-10-18","purchased_purges":0,"victory":true,"max_hp_per_floor":[70,70,70,70,70,70,70,70,70,70,70,70,70,70,70,70,70,70,70,70,70,70,70,70,80,80,80,80,80,85,85,85,90,90,90,90,90,90,90,90,90,90,97,97,97,102,102,102,102,107],"card_choices":[{"not_picked":["Calculated Gamble","Poisoned Stab"],"picked":"Blade Dance","floor":1},{"not_picked":["Deflect","Reflex"],"picked":"Dagger Throw","floor":2},{"not_picked":["Deadly Poison","Dagger Throw"],"picked":"Backstab","floor":3},{"not_picked":["Distraction","Outmaneuver"],"picked":"Malaise","floor":4},{"not_picked":["Escape Plan","Prepared"],"picked":"Masterful Stab","floor":5},{"not_picked":["Outmaneuver","Bane"],"picked":"Quick Slash","floor":7},{"not_picked":["Footwork","Poisoned Stab"],"picked":"Leg Sweep","floor":8},{"not_picked":["Leg Sweep","Backflip"],"picked":"Dash","floor":11},{"not_picked":["Prepared","Poisoned Stab"],"picked":"Backflip","floor":12},{"not_picked":["Quick Slash","Flying Knee"],"picked":"Dash","floor":13},{"not_picked":["Choke","Escape Plan"],"picked":"Dagger Spray","floor":14},{"not_picked":["After Image+1","Tools of the Trade+1"],"picked":"Corpse Explosion","floor":16},{"not_picked":["Underhanded Strike+1","Quick Slash"],"picked":"Blade Dance","floor":18},{"not_picked":["Backflip","Bane"],"picked":"Dagger Spray","floor":19},{"not_picked":["Bane","Flying Knee"],"picked":"Sucker Punch","floor":20},{"not_picked":["Deflect+1","Prepared+1"],"picked":"Blade Dance+1","floor":22},{"not_picked":["Poisoned Stab","Bouncing Flask+1"],"picked":"Malaise+1","floor":23},{"not_picked":["Quick Slash","Deadly Poison+1","Caltrops+1"],"picked":"SKIP","floor":24},{"not_picked":["Wraith Form v2+1","Underhanded Strike+1"],"picked":"Burst+1","floor":25},{"not_picked":["Flying Knee","Underhanded Strike"],"picked":"Acrobatics+1","floor":27},{"not_picked":["Sucker Punch","Slice"],"picked":"Prepared+1","floor":28},{"not_picked":["Crippling Poison+1","Footwork+1"],"picked":"Dodge and Roll+1","floor":29},{"not_picked":["Prepared+1","Corpse Explosion+1","Quick Slash"],"picked":"SKIP","floor":31},{"not_picked":["Tools of the Trade+1","A Thousand Cuts+1"],"picked":"Adrenaline+1","floor":33},{"not_picked":["Reflex+1","Eviscerate+1"],"picked":"Tactician+1","floor":35},{"not_picked":["Noxious Fumes+1","Prepared+1"],"picked":"Backflip+1","floor":36},{"not_picked":["Escape Plan+1","PiercingWail+1"],"picked":"Footwork+1","floor":39},{"not_picked":["Underhanded Strike+1","Sucker Punch+1"],"picked":"Infinite Blades+1","floor":40},{"not_picked":["Thinking Ahead+1","Mind Blast"],"picked":"Magnetism+1","floor":41},{"not_picked":["Prepared+1","Calculated Gamble+1"],"picked":"Dodge and Roll+1","floor":42},{"not_picked":["Poisoned Stab","Dash"],"picked":"Distraction+1","floor":44},{"not_picked":["Dodge and Roll+1","Underhanded Strike"],"picked":"Deflect+1","floor":46},{"not_picked":["Caltrops+1","Flechettes","Endless Agony"],"picked":"SKIP","floor":47},{"not_picked":["Distraction+1","PiercingWail+1"],"picked":"Infinite Blades+1","floor":48}],"player_experience":22263,"relics_obtained":[{"floor":7,"key":"Kunai"},{"floor":7,"key":"Pantograph"},{"floor":9,"key":"Shuriken"},{"floor":11,"key":"Meat on the Bone"},{"floor":11,"key":"Frozen Egg 2"},{"floor":23,"key":"Darkstone Periapt"},{"floor":23,"key":"Bottled Flame"},{"floor":25,"key":"Pear"},{"floor":25,"key":"Ornamental Fan"},{"floor":26,"key":"Bottled Lightning"},{"floor":28,"key":"Sundial"},{"floor":28,"key":"Ninja Scroll"},{"floor":40,"key":"Oddly Smooth Stone"},{"floor":40,"key":"MawBank"},{"floor":42,"key":"Paper Crane"},{"floor":42,"key":"Matryoshka"},{"floor":43,"key":"Strawberry"},{"floor":43,"key":"Bag of Preparation"},{"floor":44,"key":"Anchor"},{"floor":44,"key":"Blood Vial"},{"floor":47,"key":"Vajra"},{"floor":47,"key":"Centennial Puzzle"}],"event_choices":[{"damage_healed":0,"gold_gain":0,"player_choice":"Fled","damage_taken":0,"max_hp_gain":0,"max_hp_loss":0,"event_name":"Scrap Ooze","floor":10,"gold_loss":0},{"damage_healed":0,"gold_gain":0,"player_choice":"Shed Blood","damage_taken":20,"max_hp_gain":5,"max_hp_loss":0,"event_name":"Forgotten Altar","floor":30,"gold_loss":0},{"cards_removed":["Backstab"],"damage_healed":0,"gold_gain":0,"player_choice":"Removed Attack","damage_taken":0,"max_hp_gain":0,"max_hp_loss":0,"event_name":"Falling","floor":38,"gold_loss":0},{"damage_healed":0,"gold_gain":0,"player_choice":"Memory 1","damage_taken":0,"max_hp_gain":0,"max_hp_loss":0,"event_name":"SensoryStone","floor":41,"gold_loss":0},{"damage_healed":0,"gold_gain":0,"player_choice":"Bought 3 Potions","damage_taken":0,"max_hp_gain":0,"max_hp_loss":0,"event_name":"The Woman in Blue","floor":45,"gold_loss":0}],"is_beta":false,"boss_relics":[{"not_picked":["Philosopher\u0027s Stone","Snecko Eye"],"picked":"Fusion Hammer"},{"not_picked":["Astrolabe","Runic Pyramid"],"picked":"Coffee Dripper"}],"items_purged_floors":[],"is_endless":false,"potions_floor_spawned":[1,8,11,12,19,20,23,27,29,31,35,39,44,47,48],"ascension_level":1}