{"gold_per_floor":[213,233,246,171,121,154,154,5,28,28,42,71,82,82,82,180,180,193,292,303,218,318,318,353,353,353,387,402,402,418,433,433,433],"floor_reached":33,"playtime":7209,"items_purged":["Strike_R","Strike_R"],"score":472,"play_id":"635a5730-6ad8-45a7-ab69-30ba5823a561","local_time":"20190201080924","is_ascension_mode":true,"campfire_choices":[{"data":"Spot Weakness","floor":7,"key":"SMITH"},{"data":"Heavy Blade","floor":10,"key":"SMITH"},{"data":"Body Slam","floor":15,"key":"SMITH"},{"floor":23,"key":"REST"},{"floor":25,"key":"REST"},{"floor":29,"key":"REST"},{"floor":32,"key":"REST"}],"neow_cost":"NONE","seed_source_timestamp":371499474006500,"circlet_count":0,"master_deck":["AscendersBane","Strike_R","Strike_R","Defend_R","Defend_R","Defend_R+1","Defend_R","Bash","Spot Weakness+1","Twin Strike","Shrug It Off","Offering+1","Heavy Blade+1","Flame Barrier","Double Tap","Body Slam+1","Limit Break","True Grit","Corruption+1","Armaments+1","Entrench"],"relics":["Burning Blood","Art of War","Happy Flower","War Paint","Philosopher\u0027s Stone","Frozen Egg 2","Ginger","Mummified Hand","Strawberry","Ornamental Fan","Kunai"],"potions_floor_usage":[6,6,12,18,22,31,33],"damage_taken":[{"damage":4,"enemies":"2 Louse","floor":1,"turns":3},{"damage":6,"enemies":"Jaw Worm","floor":2,"turns":4},{"damage":6,"enemies":"Cultist","floor":3,"turns":3},{"damage":28,"enemies":"Lagavulin","floor":6,"turns":9},{"damage":7,"enemies":"2 Fungi Beasts","floor":11,"turns":2},{"damage":16,"enemies":"3 Sentries","floor":12,"turns":6},{"damage":0,"enemies":"Blue Slaver","floor":13,"turns":3},{"damage":8,"enemies":"Hexaghost","floor":16,"turns":7},{"damage":14,"enemies":"Chosen","floor":18,"turns":5},{"damage":18,"enemies":"3 Byrds","floor":20,"turns":3},{"damage":24,"enemies":"Colosseum Slavers","floor":22,"turns":5},{"damage":13,"enemies":"Colosseum Nobs","floor":22,"turns":5},{"damage":49,"enemies":"Book of Stabbing","floor":24,"turns":5},{"damage":30,"enemies":"Slavers","floor":27,"turns":5},{"damage":14,"enemies":"Shelled Parasite and Fungi","floor":28,"turns":2},{"damage":22,"enemies":"Sentry and Sphere","floor":30,"turns":5},{"damage":0,"enemies":"Snake Plant","floor":31,"turns":2},{"damage":81,"enemies":"Champ","floor":33,"turns":8}],"seed_played":"-3442892520351375670","potions_obtained":[{"floor":1,"key":"Block Potion"},{"floor":3,"key":"SpeedPotion"},{"floor":11,"key":"BloodPotion"},{"floor":12,"key":"Block Potion"},{"floor":22,"key":"Fruit Juice"},{"floor":30,"key":"SpeedPotion"},{"floor":31,"key":"Fire Potion"}],"is_trial":false,"path_per_floor":["M","M","M","$","?","E","R","$","T","R","M","E","M","?","R","B",null,"M","?","M","?","?","R","E","R","T","E","M","R","M","M","R","B"],"character_chosen":"IRONCLAD","items_purchased":["Heavy Blade"],"campfire_rested":4,"item_purchase_floors":[8],"current_hp_per_floor":[74,74,74,74,74,52,52,52,52,52,51,49,55,55,55,53,73,65,65,53,53,33,58,22,49,49,25,17,44,28,34,61,0],"gold":433,"neow_bonus":"HUNDRED_GOLD","is_prod":false,"is_daily":false,"chose_seed":false,"campfire_upgraded":3,"win_rate":0,"timestamp":1549004964,"path_taken":["M","M","M","$","?","E","R","$","T","R","M","E","M","?","R","BOSS","M","?","M","?","?","R","E","R","T","E","M","R","?","M","R","BOSS"],"build_version":"2019-01-23","purchased_purges":2,"victory":false,"max_hp_per_floor":[80,80,80,80,80,80,80,80,80,80,80,80,80,80,80,80,80,80,80,80,80,85,85,92,92,92,92,92,92,92,92,92,92],"card_choices":[{"not_picked":["Evolve","Sentinel"],"picked":"Spot Weakness","floor":1},{"not_picked":["True Grit","Iron Wave"],"picked":"Twin Strike","floor":2},{"not_picked":["Clash","Fire Breathing"],"picked":"Shrug It Off","floor":3},{"not_picked":["Evolve","Shrug It Off"],"picked":"Offering","floor":6},{"not_picked":["Havoc","Pommel Strike"],"picked":"Flame Barrier","floor":11},{"not_picked":["Clash","Havoc"],"picked":"Double Tap","floor":12},{"not_picked":["Fire Breathing","Infernal Blade","Corruption"],"picked":"SKIP","floor":13},{"not_picked":["Reaper","Brutality"],"picked":"Limit Break","floor":16},{"not_picked":["Perfected Strike","Twin Strike"],"picked":"True Grit","floor":18},{"not_picked":["Clash+1","Second Wind","Intimidate"],"picked":"SKIP","floor":20},{"not_picked":["Juggernaut+1","Shrug It Off"],"picked":"Corruption+1","floor":24},{"not_picked":["Flex","Heavy Blade+1"],"picked":"Armaments+1","floor":27},{"not_picked":["Sever Soul","Ghostly Armor"],"picked":"Entrench","floor":28},{"not_picked":["Clothesline","Seeing Red+1","Headbutt"],"picked":"SKIP","floor":30},{"not_picked":["Cleave","Corruption+1","Dual Wield"],"picked":"SKIP","floor":31}],"player_experience":237539,"relics_obtained":[{"floor":6,"key":"Art of War"},{"floor":9,"key":"Happy Flower"},{"floor":12,"key":"War Paint"},{"floor":22,"key":"Ginger"},{"floor":22,"key":"Mummified Hand"},{"floor":24,"key":"Strawberry"},{"floor":26,"key":"Ornamental Fan"},{"floor":27,"key":"Kunai"}],"event_choices":[{"cards_removed":["Strike_R"],"damage_healed":0,"gold_gain":0,"player_choice":"Card Removal","damage_taken":0,"max_hp_gain":0,"max_hp_loss":0,"event_name":"The Cleric","floor":5,"gold_loss":50},{"damage_healed":0,"gold_gain":0,"player_choice":"1 cards matched","damage_taken":0,"max_hp_gain":0,"max_hp_loss":0,"event_name":"Match and Keep!","floor":14,"gold_loss":0,"cards_obtained":["Body Slam"]},{"damage_healed":0,"gold_gain":99,"player_choice":"Stole From Cult","damage_taken":0,"max_hp_gain":0,"max_hp_loss":0,"event_name":"Nest","floor":19,"gold_loss":0},{"damage_healed":0,"gold_gain":0,"player_choice":"Obtained Relic","damage_taken":0,"relics_obtained":["Frozen Egg 2"],"max_hp_gain":0,"max_hp_loss":0,"event_name":"Addict","floor":21,"gold_loss":85},{"damage_healed":0,"gold_gain":0,"player_choice":"Fight","damage_taken":0,"max_hp_gain":0,"max_hp_loss":0,"event_name":"Colosseum","floor":22,"gold_loss":0},{"damage_healed":0,"gold_gain":0,"player_choice":"Fought Nobs","damage_taken":0,"max_hp_gain":0,"max_hp_loss":0,"event_name":"Colosseum","floor":22,"gold_loss":0}],"is_beta":false,"boss_relics":[{"not_picked":["Black Blood","Black Star"],"picked":"Philosopher\u0027s Stone"}],"items_purged_floors":[4,8],"is_endless":false,"potions_floor_spawned":[1,3,11,12,22,22,30,31],"killed_by":"Champ","ascension_level":12}