{"gold_per_floor":[360,371,381,141,141,141,169,169,169,169,118,149,149,49,49,49],"floor_reached":16,"playtime":992,"items_purged":["Regret","Strike_G"],"score":207,"play_id":"62345946-a0ea-48e2-8fa8-c3a1f3a5a374","local_time":"20190203071215","is_ascension_mode":true,"campfire_choices":[{"floor":6,"key":"REST"},{"data":"1","floor":8,"key":"LIFT"},{"floor":13,"key":"REST"},{"data":"2","floor":15,"key":"LIFT"}],"neow_cost":"CURSE","seed_source_timestamp":121821744196100,"circlet_count":0,"master_deck":["AscendersBane","Defend_G","Defend_G","Defend_G","Defend_G","Defend_G","Strike_G","Strike_G","Strike_G","Survivor","Neutralize","Crippling Poison","Dagger Spray","Bane","Deadly Poison","PiercingWail","Escape Plan"],"relics":["Ring of the Snake","Girya","Bird Faced Urn","Oddly Smooth Stone"],"potions_floor_usage":[7,7,16],"damage_taken":[{"damage":5,"enemies":"Jaw Worm","floor":1,"turns":5},{"damage":5,"enemies":"2 Louse","floor":2,"turns":4},{"damage":16,"enemies":"Small Slimes","floor":3,"turns":6},{"damage":13,"enemies":"3 Sentries","floor":7,"turns":5},{"damage":29,"enemies":"Gremlin Nob","floor":12,"turns":4},{"damage":37,"enemies":"Hexaghost","floor":16,"turns":9}],"seed_played":"-169015396135333394","potions_obtained":[{"floor":1,"key":"Poison Potion"},{"floor":12,"key":"Regen Potion"}],"is_trial":false,"path_per_floor":["M","M","M","$","?","R","E","R","T","?","?","E","R","$","R","B"],"character_chosen":"THE_SILENT","items_purchased":["Deadly Poison","Poison Potion","PiercingWail"],"campfire_rested":2,"item_purchase_floors":[4,4,4],"current_hp_per_floor":[54,49,33,33,26,45,32,32,32,32,32,3,22,22,22,0],"gold":49,"neow_bonus":"TWO_FIFTY_GOLD","is_prod":false,"is_daily":false,"chose_seed":false,"campfire_upgraded":0,"win_rate":0,"timestamp":1549174335,"path_taken":["M","M","M","$","?","R","E","R","T","?","?","E","R","$","R","BOSS"],"build_version":"2019-01-23","purchased_purges":2,"victory":false,"max_hp_per_floor":[66,66,66,66,66,66,66,66,66,66,66,66,66,66,66,66],"card_choices":[{"not_picked":["Bane","Acrobatics"],"picked":"Crippling Poison","floor":1},{"not_picked":["Cloak And Dagger","Flying Knee"],"picked":"Dagger Spray","floor":2},{"not_picked":["Riddle With Holes","Concentrate"],"picked":"Bane","floor":3},{"not_picked":["Wraith Form v2","Underhanded Strike"],"picked":"Escape Plan","floor":7},{"not_picked":["Dagger Throw","Flying Knee","Blade Dance"],"picked":"SKIP","floor":12}],"player_experience":356209,"relics_obtained":[{"floor":7,"key":"Girya"},{"floor":9,"key":"Bird Faced Urn"},{"floor":12,"key":"Oddly Smooth Stone"}],"event_choices":[{"cards_removed":["Strike_G"],"damage_healed":0,"gold_gain":0,"player_choice":"Card Removal","damage_taken":7,"max_hp_gain":0,"max_hp_loss":0,"event_name":"Golden Wing","floor":5,"gold_loss":0},{"damage_healed":0,"gold_gain":0,"player_choice":"Ignored","damage_taken":0,"max_hp_gain":0,"max_hp_loss":0,"event_name":"Liars Game","floor":10,"gold_loss":0},{"damage_healed":0,"gold_gain":0,"player_choice":"Left Gold","damage_taken":0,"max_hp_gain":0,"max_hp_loss":0,"event_name":"World of Goop","floor":11,"gold_loss":51}],"is_beta":false,"boss_relics":[],"items_purged_floors":[4,14],"is_endless":false,"potions_floor_spawned":[1,12],"killed_by":"Hexaghost","ascension_level":19}