{"gold_per_floor":[116,130,146,166,185,185,199,199,226,258,274,274],"floor_reached":12,"playtime":802,"items_purged":[],"score":168,"play_id":"ceda96df-f975-4948-b949-196119d02700","local_time":"20181228112532","is_ascension_mode":true,"campfire_choices":[{"data":"Poisoned Stab","floor":6,"key":"SMITH"},{"floor":8,"key":"REST"}],"neow_cost":"NONE","seed_source_timestamp":954669628393970,"circlet_count":0,"master_deck":["AscendersBane","Defend_G","Defend_G","Defend_G","Defend_G","Defend_G","Strike_G","Strike_G","Strike_G","Strike_G","Strike_G","Survivor","Neutralize","Poisoned Stab+1","Caltrops","Skewer","Leg Sweep","Well Laid Plans","Dagger Spray","Flying Knee"],"relics":["White Beast Statue","Snake Skull","Oddly Smooth Stone"],"potions_floor_usage":[4,5,10,10,12,12],"damage_taken":[{"damage":12,"enemies":"Cultist","floor":1,"turns":6},{"damage":3,"enemies":"2 Louse","floor":2,"turns":3},{"damage":0,"enemies":"Small Slimes","floor":3,"turns":5},{"damage":3,"enemies":"2 Fungi Beasts","floor":4,"turns":3},{"damage":11,"enemies":"Lots of Slimes","floor":5,"turns":6},{"damage":8,"enemies":"Blue Slaver","floor":7,"turns":4},{"damage":18,"enemies":"Gremlin Nob","floor":10,"turns":5},{"damage":11,"enemies":"Looter","floor":11,"turns":2},{"damage":15,"enemies":"3 Sentries","floor":12,"turns":3}],"seed_played":"-2741950714676710333","potions_obtained":[{"floor":1,"key":"GhostInAJar"},{"floor":2,"key":"SmokeBomb"},{"floor":3,"key":"Explosive Potion"},{"floor":4,"key":"SkillPotion"},{"floor":5,"key":"LiquidBronze"},{"floor":7,"key":"Energy Potion"},{"floor":10,"key":"SkillPotion"},{"floor":11,"key":"Weak Potion"}],"is_trial":false,"path_per_floor":["M","M","M","M","M","R","M","R","T","E","M","E"],"character_chosen":"THE_SILENT","items_purchased":[],"campfire_rested":1,"item_purchase_floors":[],"current_hp_per_floor":[47,44,44,41,30,30,22,41,41,23,12,0],"gold":274,"neow_bonus":"BOSS_RELIC","is_prod":false,"is_daily":false,"chose_seed":false,"campfire_upgraded":1,"win_rate":0,"timestamp":1546025132,"path_taken":["M","?","M","M","M","R","M","R","T","E","M","E"],"build_version":"2018-12-20","purchased_purges":0,"victory":false,"max_hp_per_floor":[66,66,66,66,66,66,66,66,66,66,66,66],"card_choices":[{"not_picked":["Backflip","Deadly Poison"],"picked":"Poisoned Stab","floor":1},{"not_picked":["PiercingWail","Prepared"],"picked":"Caltrops","floor":2},{"not_picked":["Blade Dance","Backflip"],"picked":"Skewer","floor":3},{"not_picked":["Acrobatics","Adrenaline"],"picked":"Leg Sweep","floor":4},{"not_picked":["Sucker Punch","Blade Dance"],"picked":"Well Laid Plans","floor":5},{"not_picked":["Underhanded Strike","Prepared","Accuracy"],"picked":"SKIP","floor":7},{"not_picked":["Unload","Choke"],"picked":"Dagger Spray","floor":10},{"not_picked":["Backflip","Underhanded Strike"],"picked":"Flying Knee","floor":11}],"player_experience":247297,"relics_obtained":[{"floor":9,"key":"Snake Skull"},{"floor":10,"key":"Oddly Smooth Stone"}],"event_choices":[],"is_beta":false,"boss_relics":[],"items_purged_floors":[],"is_endless":false,"potions_floor_spawned":[1,2,3,4,5,7,10,11],"killed_by":"3 Sentries","ascension_level":20}