{"gold_per_floor":[117,132,55,68,143,170,170,170,244,169,169,169,187,187,187,318,318,318,14,14,14,14,14,14,14,14,14,14,14,14,14,14,14,14,14,14,14,14,14,14,14],"floor_reached":41,"playtime":1138,"items_purged":["Strike_R"],"score":393,"play_id":"7e3b486a-63d0-479b-b604-ecc20dee2d67","local_time":"20190122035510","is_ascension_mode":false,"campfire_choices":[{"data":"Bash","floor":7,"key":"SMITH"},{"data":"Whirlwind","floor":11,"key":"SMITH"},{"data":"Rampage","floor":15,"key":"SMITH"},{"data":"Limit Break","floor":23,"key":"SMITH"},{"data":"Shrug It Off","floor":25,"key":"SMITH"},{"data":"J.A.X.","floor":30,"key":"SMITH"},{"floor":32,"key":"REST"},{"data":"Berserk","floor":40,"key":"SMITH"}],"neow_cost":"TEN_PERCENT_HP_LOSS","seed_source_timestamp":111611031750251,"circlet_count":0,"master_deck":["Strike_R","Strike_R","Strike_R","Strike_R","Defend_R","Defend_R","Defend_R","Defend_R","Bash+1","Shrug It Off+1","Whirlwind+1","Pommel Strike+1","Twin Strike","Injury","Rampage+1","Limit Break+1","Flex+1","Shrug It Off","Twin Strike+1","Shrug It Off","Pommel Strike+1","J.A.X.+1","True Grit","Armaments","Offering","Berserk+1","Pain","Armaments+1","Shockwave"],"relics":["Burning Blood","Du-Vu Doll","Dream Catcher","Golden Idol","Self Forming Clay","Pantograph","Ectoplasm","Mercury Hourglass","Mummified Hand","Coffee Dripper","WarpedTongs"],"potions_floor_usage":[33,33,33],"damage_taken":[{"damage":10,"enemies":"2 Louse","floor":1,"turns":4},{"damage":2,"enemies":"Jaw Worm","floor":2,"turns":4},{"damage":1,"enemies":"Cultist","floor":4,"turns":4},{"damage":28,"enemies":"Gremlin Nob","floor":6,"turns":4},{"damage":0,"enemies":"3 Louse","floor":13,"turns":1},{"damage":54,"enemies":"The Guardian","floor":16,"turns":12},{"damage":0,"enemies":"3 Byrds","floor":18,"turns":4},{"damage":2,"enemies":"Chosen","floor":20,"turns":4},{"damage":0,"enemies":"3 Cultists","floor":21,"turns":2},{"damage":21,"enemies":"Sentry and Sphere","floor":22,"turns":4},{"damage":18,"enemies":"Cultist and Chosen","floor":24,"turns":5},{"damage":24,"enemies":"Snake Plant","floor":28,"turns":2},{"damage":13,"enemies":"Chosen and Byrds","floor":29,"turns":3},{"damage":66,"enemies":"Champ","floor":33,"turns":7},{"damage":49,"enemies":"3 Darklings","floor":35,"turns":4},{"damage":3,"enemies":"3 Shapes","floor":37,"turns":3},{"damage":26,"enemies":"Writhing Mass","floor":39,"turns":5},{"damage":12,"enemies":"Spire Growth","floor":41,"turns":3}],"seed_played":"8409246923752590740","potions_obtained":[{"floor":6,"key":"Regen Potion"},{"floor":21,"key":"BloodPotion"},{"floor":24,"key":"EssenceOfSteel"},{"floor":28,"key":"SteroidPotion"},{"floor":29,"key":"PowerPotion"},{"floor":35,"key":"Explosive Potion"}],"is_trial":false,"path_per_floor":["M","M","$","M","?","E","R","?","T","$","R","?","M","T","R","B",null,"M","$","M","M","M","R","M","R","T","?","M","M","R","?","R","B",null,"M","?","M","$","M","R","M"],"character_chosen":"IRONCLAD","items_purchased":["Whirlwind","Mercury Hourglass","Shrug It Off"],"campfire_rested":1,"item_purchase_floors":[3,19,19],"current_hp_per_floor":[68,72,72,72,61,39,39,39,39,39,39,39,45,45,45,22,72,72,72,72,72,57,57,45,45,45,45,27,20,20,20,41,12,72,29,29,32,32,12,12,0],"gold":14,"neow_bonus":"ONE_RARE_RELIC","is_prod":false,"is_daily":false,"chose_seed":false,"campfire_upgraded":7,"win_rate":0,"timestamp":1548100510,"path_taken":["M","M","$","M","?","E","R","?","T","$","R","?","M","?","R","BOSS","M","$","M","M","M","R","M","R","T","?","M","M","R","?","R","BOSS","M","?","M","?","M","R","M"],"build_version":"2019-01-17v2","purchased_purges":1,"victory":false,"max_hp_per_floor":[72,72,72,72,72,72,72,72,72,72,72,72,72,72,72,72,72,72,72,72,72,72,72,72,72,72,72,72,72,72,72,72,72,72,72,72,72,72,72,72,72],"card_choices":[{"not_picked":["Shockwave","Anger"],"picked":"Shrug It Off","floor":1},{"not_picked":["Body Slam","Headbutt","Warcry"],"picked":"SKIP","floor":2},{"not_picked":["Clothesline","Power Through"],"picked":"Pommel Strike","floor":4},{"not_picked":["Perfected Strike","Warcry"],"picked":"Twin Strike","floor":6},{"not_picked":["Blood for Blood","Wild Strike"],"picked":"Rampage","floor":13},{"not_picked":["Impervious","Dark Embrace"],"picked":"Limit Break","floor":16},{"not_picked":["Wild Strike","Sword Boomerang"],"picked":"Flex+1","floor":18},{"not_picked":["Body Slam","Shrug It Off"],"picked":"Twin Strike+1","floor":20},{"not_picked":["Second Wind","Twin Strike"],"picked":"Shrug It Off","floor":21},{"not_picked":["Infernal Blade+1","Thunderclap"],"picked":"Pommel Strike+1","floor":22},{"not_picked":["Flex","True Grit","Uppercut"],"picked":"SKIP","floor":24},{"not_picked":["Warcry+1","Burning Pact"],"picked":"True Grit","floor":28},{"not_picked":["Headbutt","Wild Strike+1"],"picked":"Armaments","floor":29},{"not_picked":["Feel No Pain+1","Rampage"],"picked":"Offering","floor":32},{"not_picked":["Demon Form","Dark Embrace"],"picked":"Berserk","floor":33},{"not_picked":["Anger+1","Havoc","Hemokinesis+1"],"picked":"SKIP","floor":35},{"not_picked":["Clash","Fire Breathing"],"picked":"Armaments+1","floor":37},{"not_picked":["Armaments+1","Iron Wave"],"picked":"Shockwave","floor":39}],"player_experience":118119,"relics_obtained":[{"floor":6,"key":"Dream Catcher"},{"floor":9,"key":"Self Forming Clay"},{"floor":14,"key":"Pantograph"},{"floor":26,"key":"Mummified Hand"}],"event_choices":[{"damage_healed":0,"gold_gain":75,"player_choice":"Gather Gold","damage_taken":11,"max_hp_gain":0,"max_hp_loss":0,"event_name":"World of Goop","floor":5,"gold_loss":0},{"damage_healed":0,"gold_gain":0,"player_choice":"Take Wound","damage_taken":0,"relics_obtained":["Golden Idol"],"max_hp_gain":0,"max_hp_loss":0,"event_name":"Golden Idol","floor":8,"gold_loss":0,"cards_obtained":["Injury"]},{"damage_healed":0,"gold_gain":0,"player_choice":"Grow","damage_taken":0,"max_hp_gain":0,"max_hp_loss":0,"event_name":"Living Wall","floor":12,"gold_loss":0,"cards_upgraded":["Pommel Strike"]},{"damage_healed":0,"gold_gain":0,"player_choice":"Obtain J.A.X.","damage_taken":0,"max_hp_gain":0,"max_hp_loss":0,"event_name":"Drug Dealer","floor":27,"gold_loss":0,"cards_obtained":["J.A.X."]},{"damage_healed":0,"gold_gain":99,"player_choice":"Stole From Cult","damage_taken":0,"max_hp_gain":0,"max_hp_loss":0,"event_name":"Nest","floor":31,"gold_loss":0},{"damage_healed":0,"gold_gain":0,"player_choice":"Rummage","damage_taken":0,"relics_obtained":["WarpedTongs"],"max_hp_gain":0,"max_hp_loss":0,"event_name":"Accursed Blacksmith","floor":36,"gold_loss":0,"cards_obtained":["Pain"]}],"is_beta":false,"boss_relics":[{"not_picked":["Orrery","Eternal Feather"],"picked":"Ectoplasm"},{"not_picked":["Pandora\u0027s Box","Astrolabe"],"picked":"Coffee Dripper"}],"items_purged_floors":[10],"is_endless":false,"potions_floor_spawned":[6,21,24,28,29,35],"killed_by":"Spire Growth","ascension_level":0}