{"gold_per_floor":[109,34,45,45,59,59,59,59,59,94,94,94,94,121,121,222,222,234,247,247,247,247,276,276,290,314,328,328,360,60,60,60,60],"floor_reached":33,"playtime":919,"items_purged":["Strike_B","Strike_B"],"score":353,"play_id":"a57514c2-368f-4947-94ef-c35054446547","local_time":"20181214011505","is_ascension_mode":true,"campfire_choices":[{"data":"Ball Lightning","floor":6,"key":"SMITH"},{"data":"Cold Snap","floor":11,"key":"SMITH"},{"floor":15,"key":"REST"},{"floor":24,"key":"REST"},{"floor":28,"key":"REST"},{"data":"Creative AI","floor":32,"key":"SMITH"}],"neow_cost":"NONE","seed_source_timestamp":50283285898601,"circlet_count":0,"master_deck":["Strike_B+1","Defend_B","Defend_B","Defend_B","Defend_B","Zap+1","Dualcast+1","Leap","Ball Lightning+1","Cold Snap+1","Chill","Ball Lightning","Biased Cognition","Ball Lightning","Cold Snap","Loop","Ball Lightning","Hello World+1","Creative AI+1"],"relics":["Cracked Core","Pear","Dodecahedron","Thread and Needle","Sozu","Nilry\u0027s Codex","Calipers","Boot","Dream Catcher","Frozen Eye","Bag of Preparation"],"potions_floor_usage":[16,23],"damage_taken":[{"damage":5,"enemies":"Jaw Worm","floor":1,"turns":4},{"damage":0,"enemies":"Cultist","floor":3,"turns":3},{"damage":0,"enemies":"2 Louse","floor":5,"turns":2},{"damage":13,"enemies":"3 Sentries","floor":10,"turns":7},{"damage":9,"enemies":"Lagavulin","floor":14,"turns":6},{"damage":29,"enemies":"The Guardian","floor":16,"turns":9},{"damage":7,"enemies":"2 Thieves","floor":18,"turns":3},{"damage":0,"enemies":"Shell Parasite","floor":19,"turns":3},{"damage":25,"enemies":"Book of Stabbing","floor":23,"turns":5},{"damage":0,"enemies":"Snake Plant","floor":25,"turns":3},{"damage":0,"enemies":"Cultist and Chosen","floor":27,"turns":4},{"damage":18,"enemies":"Slavers","floor":29,"turns":5},{"damage":58,"enemies":"Collector","floor":33,"turns":8}],"seed_played":"3387708256792010207","potions_obtained":[{"floor":5,"key":"Ancient Potion"},{"floor":14,"key":"Regen Potion"}],"is_trial":false,"path_per_floor":["M","$","M","?","M","R","$","?","T","E","R","?","?","E","R","B",null,"M","M","?","?","?","E","R","M","T","M","R","E","$","?","R","B"],"character_chosen":"DEFECT","items_purchased":["Frozen Eye"],"campfire_rested":3,"item_purchase_floors":[30],"current_hp_per_floor":[70,70,70,70,70,70,70,55,65,52,52,52,52,43,68,54,85,78,78,62,62,46,21,48,48,48,48,75,57,57,57,57,0],"gold":60,"neow_bonus":"REMOVE_CARD","is_prod":false,"is_daily":false,"chose_seed":false,"campfire_upgraded":3,"win_rate":0,"timestamp":1544721305,"path_taken":["M","$","M","?","?","R","$","?","T","E","R","?","?","E","R","BOSS","M","M","?","?","?","E","R","M","T","M","R","E","?","?","R","BOSS"],"build_version":"2018-12-06","purchased_purges":2,"victory":false,"max_hp_per_floor":[75,75,75,75,75,75,75,75,85,85,85,85,85,85,85,85,85,85,85,90,90,90,90,90,90,90,90,90,90,90,90,90,90],"card_choices":[{"not_picked":["Gash","Steam Power"],"picked":"Leap","floor":1},{"not_picked":["Beam Cell","Barrage"],"picked":"Ball Lightning","floor":3},{"not_picked":["Hologram","Stack"],"picked":"Cold Snap","floor":5},{"not_picked":["Force Field","Barrage"],"picked":"Chill","floor":10},{"not_picked":["Go for the Eyes","Recycle"],"picked":"Ball Lightning","floor":14},{"not_picked":["All For One","Fission"],"picked":"Biased Cognition","floor":16},{"not_picked":["Compile Driver","Chill+1"],"picked":"Ball Lightning","floor":18},{"not_picked":["Go for the Eyes","Darkness"],"picked":"Cold Snap","floor":19},{"not_picked":["Go for the Eyes","Gash+1","Barrage"],"picked":"SKIP","floor":23},{"not_picked":["Streamline","Steam Power"],"picked":"Ball Lightning","floor":25},{"not_picked":["Glacier+1","Reprogram+1"],"picked":"Hello World+1","floor":27},{"not_picked":["Thunder Strike","Barrage"],"picked":"Creative AI","floor":29}],"player_experience":50892,"relics_obtained":[{"floor":9,"key":"Pear"},{"floor":10,"key":"Dodecahedron"},{"floor":14,"key":"Thread and Needle"},{"floor":22,"key":"Nilry\u0027s Codex"},{"floor":23,"key":"Calipers"},{"floor":26,"key":"Boot"},{"floor":29,"key":"Dream Catcher"}],"event_choices":[{"damage_healed":0,"gold_gain":0,"player_choice":"Upgraded","damage_taken":0,"max_hp_gain":0,"max_hp_loss":0,"event_name":"Upgrade Shrine","floor":4,"gold_loss":0,"cards_upgraded":["Zap"]},{"damage_healed":0,"gold_gain":0,"player_choice":"Entered Light","damage_taken":15,"max_hp_gain":0,"max_hp_loss":0,"event_name":"Shining Light","floor":8,"gold_loss":0,"cards_upgraded":["Strike_B","Dualcast"]},{"damage_healed":0,"gold_gain":0,"player_choice":"Ignored","damage_taken":0,"max_hp_gain":0,"max_hp_loss":0,"event_name":"Liars Game","floor":13,"gold_loss":0},{"damage_healed":0,"gold_gain":0,"player_choice":"Shed Blood","damage_taken":21,"max_hp_gain":5,"max_hp_loss":0,"event_name":"Forgotten Altar","floor":20,"gold_loss":0},{"damage_healed":0,"gold_gain":0,"player_choice":"Read","damage_taken":0,"max_hp_gain":0,"max_hp_loss":0,"event_name":"The Library","floor":21,"gold_loss":0,"cards_obtained":["Loop"]},{"damage_healed":0,"gold_gain":0,"player_choice":"Obtained Book","damage_taken":16,"max_hp_gain":0,"max_hp_loss":0,"event_name":"Cursed Tome","floor":22,"gold_loss":0},{"damage_healed":0,"gold_gain":0,"player_choice":"Opened","damage_taken":0,"relics_obtained":["Bag of Preparation"],"max_hp_gain":0,"max_hp_loss":0,"event_name":"The Mausoleum","floor":31,"gold_loss":0}],"is_beta":false,"boss_relics":[{"not_picked":["Ectoplasm","Astrolabe"],"picked":"Sozu"}],"items_purged_floors":[2,30],"is_endless":false,"potions_floor_spawned":[5,14,18,27,29],"killed_by":"Collector","ascension_level":1}