{"gold_per_floor":[116,116,116,130,130,130,105,105,105,105,130,171,183,208,220,336,348,370,2,17,27,27,27,27,27,98,98,132,147,147,159,159,257,257,276,276,296,224,239,239,273,273,324,339,339,355,373,80,80,80],"floor_reached":51,"playtime":1455,"items_purged":["Decay"],"score":718,"play_id":"09148f52-b13b-483f-9cd9-e335d00acc97","local_time":"20181125153621","is_ascension_mode":false,"campfire_choices":[{"data":"Cold Snap","floor":6.0,"key":"SMITH"},{"data":"Conserve Battery","floor":8.0,"key":"SMITH"},{"data":"Strike_B","floor":10.0,"key":"SMITH"},{"data":"Ball Lightning","floor":15.0,"key":"SMITH"},{"data":"Thunder Strike","floor":23.0,"key":"SMITH"},{"floor":25.0,"key":"REST"},{"data":"Defend_B","floor":27.0,"key":"SMITH"},{"floor":32,"key":"REST"},{"data":"Capacitor","floor":40,"key":"SMITH"},{"floor":42,"key":"REST"},{"floor":45,"key":"REST"},{"floor":49,"key":"REST"}],"neow_cost":"NONE","seed_source_timestamp":672459909063641,"circlet_count":0,"master_deck":["Strike_B+1","Defend_B+1","Defend_B","Defend_B","Defend_B","Zap+1","Dualcast+1","Cold Snap+1","Conserve Battery+1","Ball Lightning+1","Thunder Strike+1","Go for the Eyes","Go for the Eyes+1","Electrodynamics+1","Stack+1","Darkness+1","Hologram+1","Conserve Battery","Capacitor+1","Auto Shields","Cold Snap+1","Conserve Battery+1"],"special_seed":0,"relics":["Cracked Core","Question Card","MawBank","Strawberry","Busted Crown","Ice Cream","Pear","Astrolabe","Darkstone Periapt","Bronze Scales","Incense Burner"],"potions_floor_usage":[31,33,41,46,50],"damage_taken":[{"damage":0.0,"enemies":"Cultist","floor":1.0,"turns":3.0},{"damage":0.0,"enemies":"2 Louse","floor":4.0,"turns":2.0},{"damage":17.0,"enemies":"Gremlin Nob","floor":12.0,"turns":4.0},{"damage":11.0,"enemies":"Jaw Worm","floor":14.0,"turns":2.0},{"damage":19.0,"enemies":"The Guardian","floor":16.0,"turns":10.0},{"damage":7.0,"enemies":"Shell Parasite","floor":18.0,"turns":5.0},{"damage":17.0,"enemies":"2 Thieves","floor":20.0,"turns":4.0},{"damage":0.0,"enemies":"Snecko","floor":21.0,"turns":4.0},{"damage":20.0,"enemies":"Slavers","floor":28.0,"turns":5.0},{"damage":17.0,"enemies":"Centurion and Healer","floor":29.0,"turns":8.0},{"damage":7,"enemies":"Snake Plant","floor":31,"turns":4},{"damage":82,"enemies":"Champ","floor":33,"turns":15},{"damage":6,"enemies":"3 Darklings","floor":35,"turns":6},{"damage":0,"enemies":"3 Shapes","floor":37,"turns":2},{"damage":29,"enemies":"Spire Growth","floor":39,"turns":6},{"damage":31,"enemies":"Reptomancer","floor":41,"turns":7},{"damage":13,"enemies":"Transient","floor":44,"turns":5},{"damage":8,"enemies":"Writhing Mass","floor":46,"turns":7},{"damage":13,"enemies":"Spire Growth","floor":47,"turns":5},{"damage":41,"enemies":"Donu and Deca","floor":50,"turns":8}],"seed_played":"-5464394333707513367","potions_obtained":[{"floor":12.0,"key":"Swift Potion"},{"floor":16.0,"key":"Regen Potion"},{"floor":18.0,"key":"Explosive Potion"},{"floor":20.0,"key":"Block Potion"},{"floor":21.0,"key":"FocusPotion"},{"floor":29.0,"key":"Block Potion"},{"floor":33,"key":"FocusPotion"},{"floor":39,"key":"Block Potion"},{"floor":44,"key":"Fire Potion"}],"is_trial":false,"path_per_floor":["M","?","$","M","?","R","$","R","T","R","T","E","?","M","R","B",null,"M","$","M","M","?","R","?","R","T","R","E","M","?","M","R","B",null,"M","?","M","$","M","R","E","R","T","M","R","M","M","$","R","B",null],"character_chosen":"DEFECT","items_purchased":["Conserve Battery","Ice Cream","Capacitor","Incense Burner"],"campfire_rested":5,"item_purchase_floors":[7,19,38,48],"current_hp_per_floor":[75,75,75,75,80,80,80,80,80,80,80,70,70,59,59,40,87,80,80,63,63,63,63,46,73,73,73,77,60,60,53,83,1,102,96,96,96,96,67,67,36,66,66,53,83,75,62,62,92,51],"gold":80,"neow_bonus":"UPGRADE_CARD","is_prod":false,"is_daily":false,"chose_seed":false,"campfire_upgraded":7,"win_rate":0,"timestamp":1543160181,"path_taken":["M","?","$","M","?","R","$","R","T","R","?","E","?","M","R","BOSS","M","$","?","M","?","R","?","R","T","R","E","M","?","M","R","BOSS","M","?","M","$","M","R","E","R","T","M","R","M","M","$","R","BOSS"],"build_version":"2018-11-15","purchased_purges":1,"victory":true,"max_hp_per_floor":[75,75,75,75,80,80,80,80,80,80,80,87,87,87,87,87,87,87,87,87,87,87,87,92,92,92,92,102,102,102,102,102,102,102,102,102,102,102,102,102,102,102,102,102,102,102,102,102,102,102],"card_choices":[{"not_picked":["Sweeping Beam","Steam"],"picked":"Cold Snap","floor":1.0},{"not_picked":["Hello World","Darkness","Compile Driver"],"picked":"SKIP","floor":4.0},{"not_picked":["Stack","Tempest","Cold Snap","Sweeping Beam"],"picked":"SKIP","floor":12.0},{"not_picked":["Go for the Eyes","Barrage","Cold Snap"],"picked":"Ball Lightning","floor":14.0},{"not_picked":["Reboot","Multi-Cast","Core Surge"],"picked":"Thunder Strike","floor":16.0},{"not_picked":["Coolheaded","Barrage"],"picked":"SKIP","floor":18.0},{"not_picked":["Barrage","Fusion"],"picked":"SKIP","floor":20.0},{"not_picked":["Hologram+1","Streamline"],"picked":"SKIP","floor":21.0},{"not_picked":["Hologram","Redo"],"picked":"SKIP","floor":28.0},{"not_picked":["Streamline"],"picked":"Go for the Eyes","floor":29.0},{"not_picked":["Redo"],"picked":"Go for the Eyes+1","floor":31},{"not_picked":["All For One"],"picked":"Electrodynamics","floor":33},{"not_picked":["Redo","Barrage"],"picked":"SKIP","floor":35},{"not_picked":["Sweeping Beam"],"picked":"Conserve Battery","floor":37},{"not_picked":["Compile Driver+1"],"picked":"Auto Shields","floor":39},{"not_picked":["Gash+1","Ball Lightning"],"picked":"SKIP","floor":41},{"not_picked":["Heatsinks+1","Hologram"],"picked":"SKIP","floor":44},{"not_picked":["Steam"],"picked":"Cold Snap+1","floor":46},{"not_picked":["Sweeping Beam"],"picked":"Conserve Battery+1","floor":47}],"player_experience":823488,"relics_obtained":[{"floor":9.0,"key":"Question Card"},{"floor":11.0,"key":"MawBank"},{"floor":12.0,"key":"Strawberry"},{"floor":28.0,"key":"Pear"},{"floor":41,"key":"Darkstone Periapt"},{"floor":43,"key":"Bronze Scales"}],"event_choices":[{"damage_healed":0.0,"max_hp_gain":0.0,"max_hp_loss":0.0,"gold_gain":0.0,"event_name":"Living Wall","player_choice":"Grow","floor":2.0,"gold_loss":0.0,"damage_taken":0.0,"cards_upgraded":["Zap"]},{"damage_healed":0.0,"max_hp_gain":5.0,"max_hp_loss":0.0,"gold_gain":0.0,"event_name":"Big Fish","player_choice":"Donut","floor":5.0,"gold_loss":0.0,"damage_taken":0.0},{"damage_healed":0.0,"max_hp_gain":0.0,"max_hp_loss":0.0,"gold_gain":0.0,"event_name":"Wheel of Change","player_choice":"Cursed","floor":13.0,"gold_loss":0.0,"damage_taken":0.0,"cards_obtained":["Decay"]},{"damage_healed":0.0,"max_hp_gain":0.0,"max_hp_loss":0.0,"gold_gain":0.0,"event_name":"Beggar","player_choice":"Ignored","floor":22.0,"gold_loss":0.0,"damage_taken":0.0},{"damage_healed":0.0,"max_hp_gain":5.0,"max_hp_loss":0.0,"gold_gain":0.0,"event_name":"Forgotten Altar","player_choice":"Shed Blood","floor":24.0,"gold_loss":0.0,"damage_taken":22.0},{"damage_healed":0,"gold_gain":0,"player_choice":"Upgraded","damage_taken":0,"max_hp_gain":0,"max_hp_loss":0,"event_name":"Upgrade Shrine","floor":36,"gold_loss":0,"cards_upgraded":["Electrodynamics"]}],"is_beta":false,"boss_relics":[{"not_picked":["Calling Bell","Runic Dome"],"picked":"Busted Crown"},{"not_picked":["Philosopher\u0027s Stone","Black Star"],"picked":"Astrolabe"}],"items_purged_floors":[19],"is_endless":false,"potions_floor_spawned":[12,16,18,20,21,29,33,39,44],"ascension_level":0}