{"gold_per_floor":[116,116,116,134,25,25,55,55,55,90,106,119,132,132,132,204,204,216,241,257,257,276,276],"floor_reached":23,"playtime":1610,"items_purged":[],"score":452,"play_id":"ebfe95b4-332e-47a2-bd6c-fe9a19ab93e9","local_time":"20181229204609","is_ascension_mode":true,"campfire_choices":[{"data":"Neutralize","floor":6.0,"key":"SMITH"},{"data":"Quick Slash","floor":8,"key":"SMITH"},{"floor":15,"key":"REST"}],"neow_cost":"NONE","seed_source_timestamp":1073871077388104,"circlet_count":0,"master_deck":["AscendersBane","Defend_G","Defend_G","Defend_G","Defend_G","Defend_G","Strike_G","Strike_G","Strike_G+1","Strike_G","Strike_G","Survivor+1","Neutralize+1","Quick Slash+1","Unload","Dagger Throw","Deflect","Cloak And Dagger+1","Slice","Glass Knife","Backflip","Noxious Fumes","J.A.X.","Backstab"],"special_seed":0,"relics":["Ring of the Snake","NeowsBlessing","Art of War","Kunai","Bag of Marbles","Fusion Hammer","Red Mask"],"potions_floor_usage":[10,16,16,19,22],"damage_taken":[{"damage":0.0,"enemies":"Small Slimes","floor":1.0,"turns":1.0},{"damage":0.0,"enemies":"Jaw Worm","floor":4.0,"turns":1.0},{"damage":0.0,"enemies":"Lagavulin","floor":7.0,"turns":1.0},{"damage":5,"enemies":"3 Sentries","floor":10,"turns":7},{"damage":0,"enemies":"Cultist","floor":11,"turns":2},{"damage":3,"enemies":"Exordium Wildlife","floor":12,"turns":4},{"damage":7,"enemies":"Large Slime","floor":13,"turns":6},{"damage":19,"enemies":"Hexaghost","floor":16,"turns":11},{"damage":3,"enemies":"3 Byrds","floor":18,"turns":6},{"damage":6,"enemies":"Masked Bandits","floor":19,"turns":3},{"damage":4,"enemies":"2 Thieves","floor":20,"turns":3},{"damage":16,"enemies":"Snake Plant","floor":22,"turns":3},{"damage":36,"enemies":"Book of Stabbing","floor":23,"turns":4}],"seed_played":"-6734003085014969164","potions_obtained":[{"floor":7,"key":"Block Potion"},{"floor":10,"key":"Strength Potion"},{"floor":16,"key":"FairyPotion"},{"floor":18,"key":"Explosive Potion"},{"floor":20,"key":"Poison Potion"},{"floor":22,"key":"Fire Potion"}],"is_trial":false,"path_per_floor":["M","?","?","M","$","R","E","E","R","T","E","M","M","M","?","R","B",null,"M","?","M","?","M","E"],"character_chosen":"THE_SILENT","items_purchased":["Poison Potion","Strength Potion"],"campfire_rested":1,"item_purchase_floors":[5,5],"current_hp_per_floor":[59,39,39,39,39,39,39,39,39,34,34,31,24,24,43,24,56,53,47,43,43,27,0],"gold":276,"neow_bonus":"THREE_ENEMY_KILL","is_prod":false,"is_daily":false,"chose_seed":false,"campfire_upgraded":2,"win_rate":0,"timestamp":1546145169,"path_taken":["M","?","?","M","?","R","E","R","T","E","M","?","M","?","R","BOSS","M","?","M","?","M","E"],"build_version":"2018-12-20","purchased_purges":0,"victory":false,"max_hp_per_floor":[66,66,66,66,66,66,66,66,66,66,66,66,66,66,66,66,66,66,66,66,66,66,66],"card_choices":[{"not_picked":["PiercingWail","Acrobatics"],"picked":"Quick Slash","floor":1.0},{"not_picked":["Blade Dance","Escape Plan"],"picked":"Unload","floor":4.0},{"not_picked":["Concentrate","PiercingWail"],"picked":"Dagger Throw","floor":7},{"not_picked":["Escape Plan","Venomology"],"picked":"Deflect","floor":10},{"not_picked":["Dagger Spray","Poisoned Stab"],"picked":"Cloak And Dagger","floor":11},{"not_picked":["Outmaneuver","Deadly Poison"],"picked":"Slice","floor":12},{"not_picked":["PiercingWail","Outmaneuver","Poisoned Stab"],"picked":"SKIP","floor":13},{"not_picked":["Grand Finale","Unload"],"picked":"Glass Knife","floor":16},{"not_picked":["Quick Slash","Dagger Spray"],"picked":"Backflip","floor":18},{"not_picked":["Slice","Blur"],"picked":"Noxious Fumes","floor":19},{"not_picked":["Deflect","Blade Dance","Quick Slash"],"picked":"SKIP","floor":20},{"not_picked":["Calculated Gamble","Bouncing Flask"],"picked":"Backstab","floor":22}],"player_experience":272485,"relics_obtained":[{"floor":7,"key":"Art of War"},{"floor":9,"key":"Kunai"},{"floor":10,"key":"Bag of Marbles"},{"floor":19,"key":"Red Mask"}],"event_choices":[{"damage_healed":0.0,"max_hp_gain":0.0,"max_hp_loss":0.0,"gold_gain":0.0,"event_name":"Shining Light","player_choice":"Entered Light","floor":2.0,"gold_loss":0.0,"damage_taken":20.0,"cards_upgraded":["Survivor","Strike_G"]},{"damage_healed":0.0,"max_hp_gain":0.0,"max_hp_loss":0.0,"gold_gain":0.0,"event_name":"Scrap Ooze","player_choice":"Fled","floor":3.0,"gold_loss":0.0,"damage_taken":0.0},{"damage_healed":0,"gold_gain":0,"player_choice":"Grow","damage_taken":0,"max_hp_gain":0,"max_hp_loss":0,"event_name":"Living Wall","floor":14,"gold_loss":0,"cards_upgraded":["Cloak And Dagger"]},{"damage_healed":0,"gold_gain":0,"player_choice":"Fought Bandits","damage_taken":0,"max_hp_gain":0,"max_hp_loss":0,"event_name":"Masked Bandits","floor":19,"gold_loss":0},{"damage_healed":0,"gold_gain":0,"player_choice":"Obtain J.A.X.","damage_taken":0,"max_hp_gain":0,"max_hp_loss":0,"event_name":"Drug Dealer","floor":21,"gold_loss":0,"cards_obtained":["J.A.X."]}],"is_beta":false,"boss_relics":[{"not_picked":["Busted Crown","White Beast Statue"],"picked":"Fusion Hammer"}],"items_purged_floors":[],"is_endless":false,"potions_floor_spawned":[7,10,11,12,16,18,20,22],"killed_by":"Book of Stabbing","ascension_level":20}