{"gold_per_floor":[146,106,106,106,69,69,88,88,88,118,131,147,147,162,162,267,267,267,267,177,177,177,177,177,177,177,177,177,177,177,177,177,177,177,177,177,177,56,56,56,56,56,56,56,56,56,56,56,56,56],"floor_reached":51,"playtime":1643,"items_purged":[],"score":737,"play_id":"5cd2caed-d539-4559-909f-f60ff1680c7f","local_time":"20181215161759","is_ascension_mode":false,"campfire_choices":[{"data":"Dualcast","floor":6.0,"key":"SMITH"},{"data":"Go for the Eyes","floor":8.0,"key":"SMITH"},{"data":"Zap","floor":13.0,"key":"SMITH"},{"data":"Cold Snap","floor":15.0,"key":"SMITH"},{"data":"Echo Form","floor":23.0,"key":"SMITH"},{"data":"Chill","floor":29.0,"key":"SMITH"},{"floor":32.0,"key":"REST"},{"data":"Electrodynamics","floor":40.0,"key":"SMITH"},{"data":"Defend_B","floor":44.0,"key":"SMITH"},{"floor":47.0,"key":"REST"},{"floor":49.0,"key":"REST"}],"neow_cost":"NONE","seed_source_timestamp":1443237177832390,"circlet_count":0,"master_deck":["Strike_B+1","Strike_B+1","Strike_B+1","Strike_B+1","Defend_B+1","Defend_B+1","Defend_B+1","Defend_B+1","Zap+1","Dualcast+1","Defragment+1","Chill+1","Go for the Eyes+1","Redo+1","Cold Snap+1","Conserve Battery+1","Echo Form+1","Decay","Capacitor+1","Conserve Battery+1","Electrodynamics+1","Ball Lightning+1","Defragment+1","Defragment+1","Darkness+1"],"special_seed":0,"relics":["Cracked Core","Tiny Chest","Matryoshka","Toxic Egg 2","Kunai","DataDisk","Ectoplasm","Centennial Puzzle","Red Mask","Letter Opener","The Courier","MawBank","White Beast Statue","Lantern","Bag of Preparation","PreservedInsect","Mark of the Bloom"],"potions_floor_usage":[50,50,50],"damage_taken":[{"damage":0.0,"enemies":"Cultist","floor":1.0,"turns":4.0},{"damage":0.0,"enemies":"Small Slimes","floor":7.0,"turns":2.0},{"damage":24.0,"enemies":"Gremlin Nob","floor":10.0,"turns":4.0},{"damage":0.0,"enemies":"2 Louse","floor":11.0,"turns":3.0},{"damage":7.0,"enemies":"Exordium Thugs","floor":12.0,"turns":3.0},{"damage":0.0,"enemies":"3 Louse","floor":14.0,"turns":3.0},{"damage":7.0,"enemies":"The Guardian","floor":16.0,"turns":12.0},{"damage":0.0,"enemies":"Shell Parasite","floor":18.0,"turns":4.0},{"damage":14.0,"enemies":"2 Thieves","floor":20.0,"turns":5.0},{"damage":9.0,"enemies":"Centurion and Healer","floor":21.0,"turns":11.0},{"damage":0.0,"enemies":"Snecko","floor":22.0,"turns":5.0},{"damage":5.0,"enemies":"Gremlin Leader","floor":24.0,"turns":7.0},{"damage":1.0,"enemies":"Masked Bandits","floor":25.0,"turns":6.0},{"damage":13.0,"enemies":"Slavers","floor":27.0,"turns":6.0},{"damage":10.0,"enemies":"Snake Plant","floor":28.0,"turns":4.0},{"damage":0.0,"enemies":"Cultist and Chosen","floor":31.0,"turns":6.0},{"damage":21.0,"enemies":"Automaton","floor":33.0,"turns":14.0},{"damage":1.0,"enemies":"3 Darklings","floor":35.0,"turns":6.0},{"damage":12.0,"enemies":"Orb Walker","floor":36.0,"turns":3.0},{"damage":11.0,"enemies":"Writhing Mass","floor":42.0,"turns":5.0},{"damage":0.0,"enemies":"Transient","floor":45.0,"turns":5.0},{"damage":0.0,"enemies":"Sphere and 2 Shapes","floor":46.0,"turns":3.0},{"damage":0,"enemies":"Donu and Deca","floor":50,"turns":9}],"seed_played":"2961831831395715458","potions_obtained":[{"floor":1.0,"key":"LiquidBronze"},{"floor":7.0,"key":"LiquidBronze"},{"floor":11.0,"key":"Fire Potion"},{"floor":16.0,"key":"Regen Potion"},{"floor":22.0,"key":"Dexterity Potion"},{"floor":27.0,"key":"SteroidPotion"},{"floor":28.0,"key":"Weak Potion"},{"floor":35.0,"key":"Dexterity Potion"},{"floor":42.0,"key":"SteroidPotion"}],"is_trial":false,"path_per_floor":["M","$","?","?","$","R","M","R","T","E","M","M","R","M","R","B",null,"M","?","M","M","M","R","E","?","T","E","M","R","?","M","R","B",null,"M","M","T","$","?","R","?","M","T","R","M","M","R","?","R","B",null],"character_chosen":"DEFECT","items_purchased":["Defragment","Chill","Bag of Preparation"],"campfire_rested":3,"item_purchase_floors":[2,5,38],"current_hp_per_floor":[75,75,72,72,72,72,72,72,72,48,48,41,41,41,41,34,75,75,75,61,67,67,67,62,61,61,48,38,38,38,38,60,39,75,74,62,62,62,62,62,62,51,51,51,51,51,73,73,73,73],"gold":56,"neow_bonus":"RANDOM_COMMON_RELIC","is_prod":false,"is_daily":false,"chose_seed":false,"campfire_upgraded":8,"win_rate":0,"timestamp":1544890679,"path_taken":["M","?","?","?","$","R","?","R","T","E","M","M","R","M","R","BOSS","M","?","M","M","?","R","E","?","T","E","M","R","?","M","R","BOSS","M","M","?","$","?","R","?","M","T","R","?","M","R","?","R","BOSS"],"build_version":"2018-12-13","purchased_purges":0,"victory":true,"max_hp_per_floor":[75,75,75,75,75,75,75,75,75,75,75,75,75,75,75,75,75,75,75,75,75,75,75,75,75,75,75,75,75,75,75,75,75,75,75,75,75,75,75,75,75,75,75,75,75,75,75,75,75,75],"card_choices":[{"not_picked":["Recycle","Rebound","Heatsinks"],"picked":"SKIP","floor":1.0},{"not_picked":["Turbo","Static Discharge"],"picked":"Go for the Eyes","floor":7.0},{"not_picked":["Streamline","Fission+1"],"picked":"Redo+1","floor":10.0},{"not_picked":["Streamline","Double Energy+1","Sweeping Beam"],"picked":"SKIP","floor":11.0},{"not_picked":["Beam Cell","Barrage"],"picked":"Cold Snap","floor":12.0},{"not_picked":["Lockon","Redo+1"],"picked":"Conserve Battery+1","floor":14.0},{"not_picked":["Reboot+1","Seek+1"],"picked":"Echo Form","floor":16.0},{"not_picked":["Leap+1","Turbo+1","Double Energy+1"],"picked":"SKIP","floor":18.0},{"not_picked":["Self Repair+1","Rebound+1"],"picked":"Capacitor+1","floor":20.0},{"not_picked":["Melter","Compile Driver","Go for the Eyes"],"picked":"SKIP","floor":21.0},{"not_picked":["Compile Driver","Streamline","Reinforced Body+1"],"picked":"SKIP","floor":22.0},{"not_picked":["Static Discharge+1","Go for the Eyes+1","Creative AI"],"picked":"SKIP","floor":24.0},{"not_picked":["Recycle+1","Storm","Cold Snap"],"picked":"SKIP","floor":27.0},{"not_picked":["Cold Snap","Doom and Gloom"],"picked":"Conserve Battery+1","floor":28.0},{"not_picked":["Beam Cell","Sweeping Beam+1","Rip and Tear+1"],"picked":"SKIP","floor":31.0},{"not_picked":["Seek+1","All For One"],"picked":"Electrodynamics","floor":33.0},{"not_picked":["Streamline","Coolheaded+1"],"picked":"Ball Lightning+1","floor":35.0},{"not_picked":["Leap+1","Rebound"],"picked":"Defragment+1","floor":36.0},{"not_picked":["Storm","Go for the Eyes+1","Redo+1"],"picked":"SKIP","floor":42.0},{"not_picked":["Go for the Eyes+1","Loop","BootSequence+1"],"picked":"SKIP","floor":45.0},{"not_picked":["Lockon+1","Gash+1"],"picked":"Darkness+1","floor":46.0}],"player_experience":882186,"relics_obtained":[{"floor":9.0,"key":"Toxic Egg 2"},{"floor":9.0,"key":"Kunai"},{"floor":10.0,"key":"DataDisk"},{"floor":24.0,"key":"Centennial Puzzle"},{"floor":25.0,"key":"Red Mask"},{"floor":26.0,"key":"Letter Opener"},{"floor":26.0,"key":"The Courier"},{"floor":27.0,"key":"MawBank"},{"floor":37.0,"key":"Lantern"},{"floor":43.0,"key":"PreservedInsect"}],"event_choices":[{"damage_healed":0.0,"max_hp_gain":0.0,"max_hp_loss":0.0,"gold_gain":0.0,"event_name":"Scrap Ooze","player_choice":"Success","floor":3.0,"gold_loss":0.0,"damage_taken":3.0,"relics_obtained":["Matryoshka"]},{"damage_healed":0.0,"max_hp_gain":0.0,"max_hp_loss":0.0,"gold_gain":0.0,"event_name":"Upgrade Shrine","player_choice":"Upgraded","floor":4.0,"gold_loss":0.0,"damage_taken":0.0,"cards_upgraded":["Defragment"]},{"damage_healed":0.0,"max_hp_gain":0.0,"max_hp_loss":0.0,"gold_gain":0.0,"event_name":"Wheel of Change","player_choice":"Cursed","floor":19.0,"gold_loss":0.0,"damage_taken":0.0,"cards_obtained":["Decay"]},{"damage_healed":0.0,"max_hp_gain":0.0,"max_hp_loss":0.0,"gold_gain":0.0,"event_name":"Masked Bandits","player_choice":"Fought Bandits","floor":25.0,"gold_loss":0.0,"damage_taken":0.0},{"damage_healed":0.0,"max_hp_gain":0.0,"max_hp_loss":0.0,"gold_gain":0.0,"event_name":"Golden Shrine","player_choice":"Ignored","floor":30.0,"gold_loss":0.0,"damage_taken":0.0},{"damage_healed":0.0,"max_hp_gain":0.0,"max_hp_loss":0.0,"gold_gain":0.0,"event_name":"Mysterious Sphere","player_choice":"Ignored","floor":39.0,"gold_loss":0.0,"damage_taken":0.0},{"damage_healed":0.0,"max_hp_gain":0.0,"max_hp_loss":0.0,"gold_gain":0.0,"event_name":"Duplicator","player_choice":"Copied","floor":41.0,"gold_loss":0.0,"damage_taken":0.0,"cards_obtained":["Defragment"]},{"damage_healed":0.0,"max_hp_gain":0.0,"max_hp_loss":0.0,"gold_gain":0.0,"event_name":"MindBloom","player_choice":"Upgrade","floor":48.0,"gold_loss":0.0,"damage_taken":0.0,"cards_upgraded":["Strike_B","Strike_B","Strike_B","Strike_B","Defend_B","Defend_B","Defend_B"],"relics_obtained":["Mark of the Bloom"]}],"is_beta":false,"boss_relics":[{"not_picked":["Tiny House","Snecko Eye"],"picked":"Ectoplasm"},{"not_picked":["FrozenCore","Lizard Tail"],"picked":"White Beast Statue"}],"items_purged_floors":[],"is_endless":false,"potions_floor_spawned":[1,7,11,16,22,27,28,31,35,36,42,45,46],"ascension_level":0}