{"gold_per_floor":[17,35,55,55,55,75,75,99,125,125,166,185,185,223,223,319,319,339,264,9,30,30,30],"floor_reached":23,"playtime":2101,"items_purged":[],"score":603,"play_id":"d422406e-9df4-47ad-9661-8fb22eada4aa","local_time":"20190207212331","is_ascension_mode":true,"campfire_choices":[{"data":"Loop","floor":7,"key":"SMITH"},{"data":"Zap","floor":10,"key":"SMITH"},{"floor":15,"key":"REST"}],"neow_cost":"NO_GOLD","seed_source_timestamp":0,"circlet_count":0,"master_deck":["AscendersBane","Defend_B","Defend_B","Defend_B","Defend_B","Zap+1","Loop+1","Sweeping Beam","Chill","Barrage","White Noise","Cold Snap","Rip and Tear","Core Surge","Leap","Amplify","Creative AI","Self Repair","Core Surge","Hyperbeam","Double Energy"],"special_seed":0,"relics":["Cracked Core","Golden Idol","Art of War","Bag of Marbles","PreservedInsect","Nuclear Battery","Happy Flower"],"potions_floor_usage":[11,16,21],"damage_taken":[{"damage":1,"enemies":"Cultist","floor":1,"turns":3},{"damage":2,"enemies":"Jaw Worm","floor":2,"turns":3},{"damage":1,"enemies":"2 Louse","floor":3,"turns":2},{"damage":8,"enemies":"2 Fungi Beasts","floor":6,"turns":3},{"damage":7,"enemies":"Lots of Slimes","floor":8,"turns":4},{"damage":8,"enemies":"3 Sentries","floor":11,"turns":7},{"damage":6,"enemies":"Large Slime","floor":12,"turns":5},{"damage":0,"enemies":"Lagavulin","floor":14,"turns":7},{"damage":27,"enemies":"Hexaghost","floor":16,"turns":9},{"damage":8,"enemies":"Spheric Guardian","floor":18,"turns":4},{"damage":15,"enemies":"2 Thieves","floor":21,"turns":5},{"damage":38,"enemies":"Gremlin Leader","floor":23,"turns":2}],"seed_played":"8086009885648936679","potions_obtained":[{"floor":2,"key":"Strength Potion"},{"floor":6,"key":"Fire Potion"},{"floor":12,"key":"Block Potion"}],"is_trial":false,"path_per_floor":["M","M","M","?","?","M","R","M","T","R","E","M","?","E","R","B",null,"M","?","$","M","?","E"],"character_chosen":"DEFECT","items_purchased":["Self Repair","FearPotion","Happy Flower"],"campfire_rested":1,"item_purchase_floors":[20,20,20],"current_hp_per_floor":[63,61,60,60,53,45,45,38,38,38,30,24,24,24,43,16,52,44,44,44,36,36,0],"gold":30,"neow_bonus":"THREE_RARE_CARDS","is_prod":false,"is_daily":false,"chose_seed":false,"campfire_upgraded":2,"win_rate":0,"timestamp":1549603411,"path_taken":["M","M","M","?","?","M","R","M","T","R","E","M","?","E","R","BOSS","M","?","$","?","?","E"],"build_version":"2019-01-23","purchased_purges":0,"victory":false,"max_hp_per_floor":[71,71,71,64,64,64,64,64,64,64,64,64,64,64,64,64,64,64,64,64,64,64,64],"card_choices":[{"not_picked":["All For One","Amplify"],"picked":"Seek","floor":0.0},{"not_picked":["Stack","Streamline","Steam"],"picked":"SKIP","floor":1},{"not_picked":["Go for the Eyes","Gash"],"picked":"Loop","floor":2},{"not_picked":["Force Field","Buffer"],"picked":"Sweeping Beam","floor":3},{"not_picked":["Rebound","Cold Snap"],"picked":"Chill","floor":6},{"not_picked":["Sweeping Beam","Scrape"],"picked":"Barrage","floor":8},{"not_picked":["Barrage","Hyperbeam"],"picked":"White Noise","floor":11},{"not_picked":["Sweeping Beam","Go for the Eyes"],"picked":"Cold Snap","floor":12},{"not_picked":["Conserve Battery","Lockon"],"picked":"Rip and Tear","floor":14},{"not_picked":["All For One","Creative AI"],"picked":"Core Surge","floor":16},{"not_picked":["Stack","Consume"],"picked":"Leap","floor":18},{"not_picked":["Beam Cell","Go for the Eyes"],"picked":"Core Surge","floor":21}],"player_experience":500934,"relics_obtained":[{"floor":9,"key":"Art of War"},{"floor":11,"key":"Bag of Marbles"},{"floor":14,"key":"PreservedInsect"}],"event_choices":[{"damage_healed":0,"gold_gain":0,"player_choice":"Lose Max HP","damage_taken":0,"relics_obtained":["Golden Idol"],"max_hp_gain":0,"max_hp_loss":7,"event_name":"Golden Idol","floor":4,"gold_loss":0},{"cards_removed":["Strike_B"],"damage_healed":0,"gold_gain":0,"player_choice":"Card Removal","damage_taken":7,"max_hp_gain":0,"max_hp_loss":0,"event_name":"Golden Wing","floor":5,"gold_loss":0},{"damage_healed":0,"gold_gain":0,"player_choice":"Ignored","damage_taken":0,"max_hp_gain":0,"max_hp_loss":0,"event_name":"Liars Game","floor":13,"gold_loss":0},{"damage_healed":0,"gold_gain":0,"cards_transformed":["Strike_B","Strike_B"],"player_choice":"Transformed Cards","damage_taken":0,"max_hp_gain":0,"max_hp_loss":0,"event_name":"Designer","floor":19,"gold_loss":75,"cards_obtained":["Amplify","Creative AI"]},{"damage_healed":0,"gold_gain":0,"cards_transformed":["Strike_B","Dualcast"],"player_choice":"Became Test Subject","damage_taken":0,"max_hp_gain":0,"max_hp_loss":0,"event_name":"Drug Dealer","floor":22,"gold_loss":0,"cards_obtained":["Hyperbeam","Double Energy"]}],"is_beta":false,"boss_relics":[{"not_picked":["Fusion Hammer","Empty Cage"],"picked":"Nuclear Battery"}],"items_purged_floors":[],"is_endless":false,"potions_floor_spawned":[2,6,8,12],"killed_by":"Gremlin Leader","ascension_level":17}