{"gold_per_floor":[19,34,34,48,48,48,66,91,91,111,111,111,111,122,122,222,222,242,242,242,255,255,255,269,269,315,315,165,165,14,24,24,24],"floor_reached":33,"playtime":1354,"items_purged":["Strike_B"],"score":245,"play_id":"5959699b-d61c-4091-bcad-fe3772ffa76a","local_time":"20190204012415","is_ascension_mode":false,"campfire_choices":[{"data":"Zap","floor":6,"key":"SMITH"},{"data":"1","floor":15,"key":"LIFT"},{"data":"2","floor":23,"key":"LIFT"},{"data":"3","floor":25,"key":"LIFT"},{"floor":27,"key":"REST"},{"data":"Chaos","floor":32,"key":"SMITH"}],"neow_cost":"NO_GOLD","seed_source_timestamp":201396487810472,"circlet_count":0,"master_deck":["Defend_B","Defend_B","Defend_B","Defend_B","Zap+1","Dualcast","Coolheaded","Cold Snap","Streamline","White Noise","White Noise","Go for the Eyes","Hyperbeam","Coolheaded","Fusion","Glacier","Chaos+1"],"relics":["Cracked Core","Pocketwatch","Art of War","Pantograph","Girya","Inserter","Enchiridion","Boot","DataDisk"],"potions_floor_usage":[16,33],"damage_taken":[{"damage":1,"enemies":"Jaw Worm","floor":1,"turns":3},{"damage":2,"enemies":"Small Slimes","floor":2,"turns":3},{"damage":2,"enemies":"Cultist","floor":4,"turns":3},{"damage":1,"enemies":"Looter","floor":7,"turns":3},{"damage":18,"enemies":"Lagavulin","floor":8,"turns":5},{"damage":0,"enemies":"Large Slime","floor":10,"turns":5},{"damage":17,"enemies":"Gremlin Gang","floor":14,"turns":3},{"damage":13,"enemies":"Slime Boss","floor":16,"turns":11},{"damage":3,"enemies":"Spheric Guardian","floor":18,"turns":3},{"damage":29,"enemies":"3 Byrds","floor":21,"turns":4},{"damage":11,"enemies":"Snake Plant","floor":24,"turns":4},{"damage":4,"enemies":"3 Cultists","floor":31,"turns":6},{"damage":74,"enemies":"Automaton","floor":33,"turns":10}],"seed_played":"5077575758088011986","potions_obtained":[{"floor":2,"key":"Energy Potion"},{"floor":4,"key":"Regen Potion"},{"floor":8,"key":"FearPotion"},{"floor":14,"key":"Fire Potion"},{"floor":21,"key":"GamblersBrew"}],"is_trial":false,"path_per_floor":["M","M","?","M","?","R","M","E","T","M","?","?","?","M","R","B",null,"M","?","?","M","?","R","M","R","T","R","$","?","$","M","R","B"],"character_chosen":"DEFECT","items_purchased":["Glacier","DataDisk"],"campfire_rested":1,"item_purchase_floors":[28,30],"current_hp_per_floor":[74,72,65,63,68,68,67,49,49,49,49,49,49,32,32,44,75,72,72,72,43,27,27,16,16,16,38,38,38,38,34,34,0],"gold":24,"neow_bonus":"ONE_RARE_RELIC","is_prod":false,"is_daily":false,"chose_seed":false,"campfire_upgraded":2,"win_rate":0,"timestamp":1549214655,"path_taken":["M","M","?","M","?","R","M","E","T","?","?","?","?","?","R","BOSS","M","?","?","M","?","R","M","R","T","R","$","?","$","?","R","BOSS"],"build_version":"2019-01-23","purchased_purges":1,"victory":false,"max_hp_per_floor":[75,75,75,75,75,75,75,75,75,75,75,75,75,75,75,75,75,75,75,75,75,75,75,75,75,75,75,75,75,75,75,75,75],"card_choices":[{"not_picked":["Skim","Stack"],"picked":"Rebound","floor":1},{"not_picked":["Skim","Heatsinks"],"picked":"Coolheaded","floor":2},{"not_picked":["Sweeping Beam","Force Field"],"picked":"Cold Snap","floor":4},{"not_picked":["Gash","Skim"],"picked":"Streamline","floor":7},{"not_picked":["Tempest","Barrage"],"picked":"White Noise","floor":8},{"not_picked":["Turbo","Heatsinks"],"picked":"White Noise","floor":10},{"not_picked":["Barrage","Rebound"],"picked":"Go for the Eyes","floor":14},{"not_picked":["Core Surge","Buffer"],"picked":"Hyperbeam","floor":16},{"not_picked":["Scrape+1","Compile Driver+1"],"picked":"Coolheaded","floor":18},{"not_picked":["Rebound","Stack","Doom and Gloom"],"picked":"SKIP","floor":21},{"not_picked":["Gash","Doom and Gloom","BootSequence"],"picked":"SKIP","floor":24},{"not_picked":["Gash+1","Stack","Coolheaded"],"picked":"SKIP","floor":31}],"player_experience":189626,"relics_obtained":[{"floor":8,"key":"Art of War"},{"floor":9,"key":"Pantograph"},{"floor":22,"key":"Enchiridion"},{"floor":26,"key":"Boot"}],"event_choices":[{"cards_removed":["Strike_B"],"damage_healed":0,"gold_gain":0,"player_choice":"Card Removal","damage_taken":7,"max_hp_gain":0,"max_hp_loss":0,"event_name":"Golden Wing","floor":3,"gold_loss":0},{"cards_removed":["Rebound"],"damage_healed":5,"gold_gain":0,"player_choice":"Offered Common","damage_taken":0,"max_hp_gain":0,"max_hp_loss":0,"event_name":"Bonfire Elementals","floor":5,"gold_loss":0},{"cards_removed":["Rebound"],"damage_healed":5,"gold_gain":0,"player_choice":"Offered Special","damage_taken":0,"max_hp_gain":0,"max_hp_loss":0,"event_name":"Bonfire Elementals","floor":5,"gold_loss":0},{"cards_removed":["Strike_B"],"damage_healed":0,"gold_gain":0,"player_choice":"Forget","damage_taken":0,"max_hp_gain":0,"max_hp_loss":0,"event_name":"Living Wall","floor":11,"gold_loss":0},{"damage_healed":0,"gold_gain":0,"player_choice":"Box","damage_taken":0,"relics_obtained":["Girya"],"max_hp_gain":0,"max_hp_loss":0,"event_name":"Big Fish","floor":12,"gold_loss":0,"cards_obtained":["Regret"]},{"cards_removed":["Regret"],"damage_healed":0,"gold_gain":0,"player_choice":"Purged","damage_taken":0,"max_hp_gain":0,"max_hp_loss":0,"event_name":"Purifier","floor":13,"gold_loss":0},{"damage_healed":0,"gold_gain":0,"player_choice":"Read","damage_taken":0,"max_hp_gain":0,"max_hp_loss":0,"event_name":"The Library","floor":19,"gold_loss":0,"cards_obtained":["Fusion"]},{"damage_healed":0,"gold_gain":0,"player_choice":"Ignored","damage_taken":0,"max_hp_gain":0,"max_hp_loss":0,"event_name":"Ghosts","floor":20,"gold_loss":0},{"damage_healed":0,"gold_gain":0,"player_choice":"Obtained Book","damage_taken":16,"max_hp_gain":0,"max_hp_loss":0,"event_name":"Cursed Tome","floor":22,"gold_loss":0},{"damage_healed":0,"gold_gain":0,"cards_transformed":["Strike_B"],"player_choice":"Transformed","damage_taken":0,"max_hp_gain":0,"max_hp_loss":0,"event_name":"Transmorgrifier","floor":29,"gold_loss":0,"cards_obtained":["Chaos"]}],"is_beta":false,"boss_relics":[{"not_picked":["Calling Bell","Pandora\u0027s Box"],"picked":"Inserter"}],"items_purged_floors":[28],"is_endless":false,"potions_floor_spawned":[2,4,8,14,21],"killed_by":"Automaton","ascension_level":0}