{"gold_per_floor":[110,110,110,66,80,149,149,183,183,183,183,202,127,146,146,146],"floor_reached":16,"playtime":440,"items_purged":["Strike_B"],"score":194,"play_id":"e7fbb8a8-0a17-4419-9480-725cdb2a99bc","local_time":"20190110234838","is_ascension_mode":true,"campfire_choices":[{"floor":7,"key":"REST"},{"floor":15,"key":"REST"}],"neow_cost":"NONE","seed_source_timestamp":89116210014500,"circlet_count":0,"master_deck":["AscendersBane","Strike_B","Strike_B","Defend_B","Defend_B+1","Defend_B","Defend_B+1","Zap+1","Dualcast","Conserve Battery","FTL","Electrodynamics","Self Repair","Steam"],"relics":["Cracked Core","Golden Idol","Tiny Chest","Gambling Chip","Blue Candle"],"potions_floor_usage":[8,16],"damage_taken":[{"damage":0,"enemies":"2 Louse","floor":1,"turns":4},{"damage":7,"enemies":"Small Slimes","floor":5,"turns":3},{"damage":22,"enemies":"Gremlin Nob","floor":6,"turns":4},{"damage":25,"enemies":"Lagavulin","floor":8,"turns":6},{"damage":1,"enemies":"Jaw Worm","floor":12,"turns":3},{"damage":0,"enemies":"2 Fungi Beasts","floor":14,"turns":2},{"damage":30,"enemies":"Hexaghost","floor":16,"turns":9}],"seed_played":"6870584338690785509","potions_obtained":[{"floor":6,"key":"Strength Potion"},{"floor":12,"key":"FocusPotion"}],"is_trial":false,"path_per_floor":["M","?","?","$","M","E","R","E","T","?","?","M","$","M","R","B"],"character_chosen":"DEFECT","items_purchased":["FTL"],"campfire_rested":2,"item_purchase_floors":[4],"current_hp_per_floor":[64,64,45,45,38,16,35,17,17,10,5,11,11,11,30,0],"gold":146,"neow_bonus":"UPGRADE_CARD","is_prod":false,"is_daily":false,"chose_seed":false,"campfire_upgraded":0,"win_rate":0,"timestamp":1547192918,"path_taken":["M","?","?","$","?","E","R","E","T","?","?","M","?","M","R","BOSS"],"build_version":"2019-01-10","purchased_purges":1,"victory":false,"max_hp_per_floor":[71,64,64,64,64,64,64,64,64,64,64,64,64,64,64,64],"card_choices":[{"not_picked":["Redo","Steam"],"picked":"Conserve Battery","floor":1},{"not_picked":["Sweeping Beam","Cold Snap"],"picked":"Electrodynamics","floor":5},{"not_picked":["Consume","White Noise"],"picked":"Self Repair","floor":6},{"not_picked":["Tempest","Hologram"],"picked":"Steam","floor":8},{"not_picked":["Chaos","Stack","Reinforced Body"],"picked":"SKIP","floor":12},{"not_picked":["Stack","Undo","Turbo"],"picked":"SKIP","floor":14}],"player_experience":1059477,"relics_obtained":[{"floor":6,"key":"Tiny Chest"},{"floor":8,"key":"Gambling Chip"},{"floor":9,"key":"Blue Candle"}],"event_choices":[{"damage_healed":0,"gold_gain":0,"player_choice":"Lose Max HP","damage_taken":0,"relics_obtained":["Golden Idol"],"max_hp_gain":0,"max_hp_loss":7,"event_name":"Golden Idol","floor":2,"gold_loss":0},{"damage_healed":0,"gold_gain":0,"player_choice":"Entered Light","damage_taken":19,"max_hp_gain":0,"max_hp_loss":0,"event_name":"Shining Light","floor":3,"gold_loss":0,"cards_upgraded":["Defend_B","Defend_B"]},{"cards_removed":["Strike_B"],"damage_healed":0,"gold_gain":0,"player_choice":"Card Removal","damage_taken":7,"max_hp_gain":0,"max_hp_loss":0,"event_name":"Golden Wing","floor":10,"gold_loss":0},{"damage_healed":0,"gold_gain":0,"player_choice":"Fled","damage_taken":5,"max_hp_gain":0,"max_hp_loss":0,"event_name":"Scrap Ooze","floor":11,"gold_loss":0}],"is_beta":false,"boss_relics":[],"items_purged_floors":[13],"is_endless":false,"potions_floor_spawned":[6,12],"killed_by":"Hexaghost","ascension_level":16}