{"gold_per_floor":[115,115,40,52,69,69,104,104,175,186,166,197,209,224,224,299,299,318,333,351,5,5],"floor_reached":22,"playtime":1316,"items_purged":[],"score":396,"play_id":"c22396fa-f567-4bce-b716-63d8d7da1ca9","local_time":"20181227161707","is_ascension_mode":true,"campfire_choices":[{"data":"Dagger Spray","floor":6.0,"key":"SMITH"},{"data":"Neutralize","floor":8.0,"key":"SMITH"},{"floor":15.0,"key":"REST"}],"neow_cost":"NONE","seed_source_timestamp":885218444785100,"circlet_count":0,"master_deck":["AscendersBane","Defend_G","Defend_G","Defend_G","Defend_G","Defend_G","Strike_G","Strike_G","Strike_G","Strike_G","Strike_G","Survivor","Neutralize+1","Flying Knee","Noxious Fumes","Dagger Spray+1","Glass Knife","Deadly Poison","Cloak And Dagger","Backflip","Cloak And Dagger","Venomology","Endless Agony","PiercingWail","Riddle With Holes","Dagger Spray"],"special_seed":0,"relics":["Ring of the Snake","NeowsBlessing","Boot","Ornamental Fan","Bird Faced Urn","Fusion Hammer","PreservedInsect"],"potions_floor_usage":[19,20],"damage_taken":[{"damage":0.0,"enemies":"Jaw Worm","floor":1.0,"turns":1.0},{"damage":0.0,"enemies":"Cultist","floor":4.0,"turns":1.0},{"damage":0.0,"enemies":"2 Louse","floor":5.0,"turns":1.0},{"damage":20.0,"enemies":"3 Sentries","floor":7.0,"turns":6.0},{"damage":10.0,"enemies":"Lots of Slimes","floor":10.0,"turns":2.0},{"damage":14.0,"enemies":"Gremlin Nob","floor":12.0,"turns":4.0},{"damage":7.0,"enemies":"Exordium Thugs","floor":13.0,"turns":3.0},{"damage":0.0,"enemies":"Red Slaver","floor":14.0,"turns":4.0},{"damage":6.0,"enemies":"The Guardian","floor":16.0,"turns":11.0},{"damage":5.0,"enemies":"3 Byrds","floor":18.0,"turns":4.0},{"damage":0,"enemies":"Chosen","floor":19,"turns":4},{"damage":9,"enemies":"Centurion and Healer","floor":20,"turns":7},{"damage":49,"enemies":"Cultist and Chosen","floor":22,"turns":5}],"seed_played":"-6480300473722408733","potions_obtained":[{"floor":1.0,"key":"Energy Potion"},{"floor":2.0,"key":"Fire Potion"},{"floor":2.0,"key":"Block Potion"},{"floor":10.0,"key":"Ancient Potion"},{"floor":11.0,"key":"SteroidPotion"},{"floor":12.0,"key":"GamblersBrew"},{"floor":13.0,"key":"AttackPotion"},{"floor":16.0,"key":"Dexterity Potion"},{"floor":20,"key":"Poison Potion"}],"is_trial":false,"path_per_floor":["M","?","$","M","M","R","E","R","T","M","?","E","M","M","R","B",null,"M","M","M","$","M"],"character_chosen":"THE_SILENT","items_purchased":["Noxious Fumes","Riddle With Holes","SteroidPotion","PreservedInsect","Dagger Spray"],"campfire_rested":1,"item_purchase_floors":[3,21,21,21,21],"current_hp_per_floor":[59,59,59,59,59,59,39,39,39,29,29,15,8,8,27,23,55,52,52,45,45,0],"gold":5,"neow_bonus":"THREE_ENEMY_KILL","is_prod":false,"is_daily":false,"chose_seed":false,"campfire_upgraded":2,"win_rate":0,"timestamp":1545956227,"path_taken":["M","?","?","?","M","R","E","R","T","M","?","E","?","M","R","BOSS","M","M","M","$","M"],"build_version":"2018-12-20","purchased_purges":0,"victory":false,"max_hp_per_floor":[66,66,66,66,66,66,66,66,66,66,66,66,66,66,66,66,66,66,66,66,66,66],"card_choices":[{"not_picked":["Escape Plan","Dodge and Roll"],"picked":"Flying Knee","floor":1.0},{"not_picked":["Flying Knee","Blade Dance"],"picked":"Dagger Spray","floor":4.0},{"not_picked":["Escape Plan","Backflip","Tools of the Trade"],"picked":"SKIP","floor":5.0},{"not_picked":["Quick Slash","Riddle With Holes"],"picked":"Glass Knife","floor":7.0},{"not_picked":["Acrobatics","Heel Hook"],"picked":"Deadly Poison","floor":10.0},{"not_picked":["Flying Knee","Bullet Time"],"picked":"Cloak And Dagger","floor":12.0},{"not_picked":["Eviscerate","Prepared"],"picked":"Backflip","floor":13.0},{"not_picked":["Deflect","Bane"],"picked":"Cloak And Dagger","floor":14.0},{"not_picked":["Grand Finale","Tools of the Trade"],"picked":"Venomology","floor":16.0},{"not_picked":["Finisher","Catalyst"],"picked":"Endless Agony","floor":18.0},{"not_picked":["Flying Knee","Bane"],"picked":"PiercingWail","floor":19},{"not_picked":["Heel Hook","Dodge and Roll","Bane"],"picked":"SKIP","floor":20}],"player_experience":229444,"relics_obtained":[{"floor":7.0,"key":"Boot"},{"floor":9.0,"key":"Ornamental Fan"},{"floor":12.0,"key":"Bird Faced Urn"}],"event_choices":[{"damage_healed":0.0,"max_hp_gain":0.0,"max_hp_loss":0.0,"gold_gain":0.0,"event_name":"Lab","player_choice":"Got Potions","floor":2.0,"gold_loss":0.0,"damage_taken":0.0},{"damage_healed":0.0,"max_hp_gain":0.0,"max_hp_loss":0.0,"gold_gain":0.0,"event_name":"The Woman in Blue","player_choice":"Bought 1 Potion","floor":11.0,"gold_loss":0.0,"damage_taken":0.0}],"is_beta":false,"boss_relics":[{"not_picked":["Philosopher\u0027s Stone","Ectoplasm"],"picked":"Fusion Hammer"}],"items_purged_floors":[],"is_endless":false,"potions_floor_spawned":[1,10,12,13,16,20],"killed_by":"Cultist and Chosen","ascension_level":20}