{"path_per_floor":["M","M","?","?","M","R","E","R","T","$","M","R","E","M","R","B",null,"M","?","M","T","?","R","E","M","T","R","$","T","M","M","R","B",null,"M","M","?","M","?","R","M","R","T","?","E","M","M","M","R","B"],"character_chosen":"IRONCLAD","items_purchased":["Apotheosis","Anchor","War Paint"],"gold_per_floor":[109,121,121,221,238,238,272,272,272,65,75,75,102,113,113,217,217,230,230,246,271,271,271,297,312,364,364,57,57,67,80,80,185,185,199,216,216,235,235,235,253,253,253,253,281,292,308,319,319,319],"floor_reached":51,"campfire_rested":2,"playtime":4757,"current_hp_per_floor":[80,80,80,80,80,80,74,74,74,74,80,80,80,80,80,68,80,75,80,77,77,62,62,47,56,56,56,56,66,67,60,91,42,101,103,103,103,89,89,89,103,103,103,90,60,81,62,76,109,61],"items_purged":[],"gold":319,"score":684,"play_id":"b2c29157-9d61-45d5-9690-85fc9d8bb9f7","local_time":"20180513211339","is_prod":false,"is_daily":false,"chose_seed":false,"is_ascension_mode":false,"campfire_upgraded":8,"timestamp":1526242419,"path_taken":["M","M","?","?","M","R","E","R","T","$","M","R","E","M","R","BOSS","M","?","M","?","?","R","E","M","T","R","?","?","M","M","R","BOSS","M","M","?","M","?","R","M","R","T","?","E","M","?","M","R","BOSS"],"build_version":"2018-05-10","seed_source_timestamp":0,"purchased_purges":0,"victory":true,"master_deck":["Bash+1","Headbutt","Clash","Twin Strike+1","Flex+1","Apotheosis+1","Cleave+1","Shrug It Off+1","Reaper","Disarm","Heavy Blade","Entrench+1","Havoc","Flame Barrier+1","Warcry+1","Clothesline","Whirlwind+1","Twin Strike+1","Disarm+1","Ghostly Armor","Rage+1","Sentinel+1","Rampage+1","Writhe","Madness","Madness","Inflame","Shrug It Off+1"],"max_hp_per_floor":[80,80,80,80,80,80,80,80,80,80,80,80,80,80,80,80,80,80,80,80,80,85,85,85,85,85,85,85,95,95,97,99,101,101,103,103,103,103,103,103,103,103,103,103,105,105,107,107,109,109],"relics":["Burning Blood","Self Forming Clay","Meat on the Bone","Ginger","Pandora\u0027s Box","Bag of Marbles","Dream Catcher","Singing Bowl","Anchor","War Paint","Pear","Cursed Key","Ice Cream","Prayer Wheel"],"card_choices":[{"not_picked":["Body Slam","Havoc"],"picked":"Headbutt","floor":1.0},{"not_picked":["Combust","Reaper"],"picked":"Clash","floor":2.0},{"not_picked":["Searing Blow","Metallicize"],"picked":"Twin Strike","floor":5.0},{"not_picked":["Carnage","True Grit"],"picked":"Flex","floor":7.0},{"not_picked":["Whirlwind","Bloodletting"],"picked":"Cleave","floor":13.0},{"not_picked":["Heavy Blade","Twin Strike"],"picked":"Shrug It Off","floor":14.0},{"not_picked":["Juggernaut","Dark Embrace"],"picked":"Reaper","floor":16.0},{"not_picked":["Headbutt","Sword Boomerang"],"picked":"Whirlwind","floor":18.0},{"not_picked":["Sword Boomerang","Pummel"],"picked":"Twin Strike","floor":20.0},{"not_picked":["Clothesline","Shockwave"],"picked":"Disarm","floor":24.0},{"not_picked":["Thunderclap","Flex"],"picked":"Ghostly Armor","floor":30.0},{"not_picked":["Perfected Strike","Combust"],"picked":"Rage","floor":36.0},{"not_picked":["Anger","Clash"],"picked":"Sentinel","floor":38.0},{"not_picked":["Armaments","Perfected Strike"],"picked":"Rampage","floor":41.0},{"not_picked":["Sever Soul","True Grit"],"picked":"Inflame","floor":46},{"not_picked":["Rupture","Reckless Charge"],"picked":"Shrug It Off","floor":48}],"player_experience":220958,"potions_floor_usage":[46,50,50],"damage_taken":[{"damage":0.0,"enemies":"2 Louse","floor":1.0,"turns":2.0},{"damage":6.0,"enemies":"Cultist","floor":2.0,"turns":3.0},{"damage":6.0,"enemies":"Jaw Worm","floor":5.0,"turns":2.0},{"damage":20.0,"enemies":"3 Sentries","floor":7.0,"turns":6.0},{"damage":0.0,"enemies":"3 Louse","floor":11.0,"turns":3.0},{"damage":2.0,"enemies":"Lagavulin","floor":13.0,"turns":5.0},{"damage":0.0,"enemies":"Exordium Thugs","floor":14.0,"turns":4.0},{"damage":18.0,"enemies":"Slime Boss","floor":16.0,"turns":9.0},{"damage":11.0,"enemies":"Shell Parasite","floor":18.0,"turns":7.0},{"damage":9.0,"enemies":"3 Byrds","floor":20.0,"turns":4.0},{"damage":37.0,"enemies":"Book of Stabbing","floor":24.0,"turns":7.0},{"damage":6.0,"enemies":"Centurion and Healer","floor":25.0,"turns":5.0},{"damage":5.0,"enemies":"Snake Plant","floor":30.0,"turns":2.0},{"damage":15.0,"enemies":"Chosen and Byrds","floor":31.0,"turns":6.0},{"damage":69.0,"enemies":"Champ","floor":33.0,"turns":13.0},{"damage":0.0,"enemies":"Orb Walker","floor":35.0,"turns":2.0},{"damage":0.0,"enemies":"3 Darklings","floor":36.0,"turns":2.0},{"damage":20.0,"enemies":"Sphere and 2 Shapes","floor":38.0,"turns":4.0},{"damage":0.0,"enemies":"4 Shapes","floor":41.0,"turns":4.0},{"damage":43.0,"enemies":"Nemesis","floor":45.0,"turns":7.0},{"damage":0,"enemies":"Maw","floor":46,"turns":8},{"damage":27,"enemies":"3 Darklings","floor":47,"turns":3},{"damage":8,"enemies":"4 Shapes","floor":48,"turns":8},{"damage":66,"enemies":"Awakened One","floor":50,"turns":19}],"event_choices":[{"event_name":"The Lab","player_choice":"Got Potions","floor":3.0,"damage_taken":0.0},{"event_name":"Golden Shrine","player_choice":"Pray","floor":4.0,"damage_taken":0.0},{"event_name":"Bonfire Elementals","player_choice":"COMMON","floor":19.0,"damage_taken":0.0},{"event_name":"Forgotten Altar","player_choice":"Shed Blood","floor":22.0,"damage_taken":0.0},{"event_name":"SecretPortal","player_choice":"Rejected Portal.","floor":39.0,"damage_taken":0.0},{"event_name":"Winding Halls","player_choice":"Embrace Madness","floor":44.0,"damage_taken":0.0}],"boss_relics":[],"potions_floor_spawned":[2,7,13,14,25,33,38,45],"seed_played":"7941539762964481407","ascension_level":0,"is_trial":false}