{"gold_per_floor":[113,113,113,124,142,142,172,172,196,230,246,278,278,67,67,138,138,153,68,68,81,96,96,114,131,131,164,6,6,6,16,16,91,91,102,102,115,15,30,30,60,72,84,196,223,266,278,300,312,324,336,348,360,205,235,235],"floor_reached":57,"playtime":3225,"items_purged":["Pain","Strike_B","Decay"],"score":2780,"play_id":"cb71c274-d45c-4d9c-83cb-cfc65c279564","local_time":"20190210103532","is_ascension_mode":true,"campfire_choices":[{"data":"Streamline","floor":6.0,"key":"SMITH"},{"data":"Zap","floor":8.0,"key":"SMITH"},{"floor":13,"key":"REST"},{"data":"Defragment","floor":15,"key":"SMITH"},{"floor":23,"key":"RECALL"},{"floor":30,"key":"REST"},{"floor":32,"key":"REST"},{"floor":40,"key":"REST"},{"floor":42,"key":"REST"},{"floor":49,"key":"REST"},{"floor":53,"key":"REST"}],"neow_cost":"NONE","seed_source_timestamp":470907915957200,"circlet_count":0,"master_deck":["AscendersBane","Strike_B","Strike_B","Defend_B","Defend_B","Defend_B","Defend_B","Zap+1","Dualcast","Consume","Streamline+1","Defragment+1","Biased Cognition","BootSequence","Electrodynamics","Defragment","Hologram","Core Surge","Coolheaded","Ghostly","Ghostly","Ghostly","Conserve Battery","Glacier","Amplify","Rainbow","Hologram+1","Leap+1","Seek","Defragment","Leap+1","White Noise","Static Discharge+1","Coolheaded+1","Capacitor","White Noise","Capacitor+1"],"special_seed":0,"relics":["Cracked Core","Oddly Smooth Stone","Centennial Puzzle","WarpedTongs","Strawberry","Dream Catcher","DataDisk","Bottled Flame","Fusion Hammer","Pantograph","Nunchaku","Bottled Lightning","Bronze Scales","Black Star","MawBank","Unceasing Top","Bird Faced Urn","Bag of Preparation","Gremlin Horn","Ice Cream","Orichalcum"],"potions_floor_usage":[12,12,27,41,55,55],"damage_taken":[{"damage":0.0,"enemies":"2 Louse","floor":1.0,"turns":3.0},{"damage":3.0,"enemies":"Small Slimes","floor":4.0,"turns":3.0},{"damage":2.0,"enemies":"Cultist","floor":5.0,"turns":3.0},{"damage":29.0,"enemies":"Lagavulin","floor":10.0,"turns":6.0},{"damage":11.0,"enemies":"Blue Slaver","floor":11.0,"turns":3.0},{"damage":5,"enemies":"Gremlin Nob","floor":12,"turns":2},{"damage":16,"enemies":"The Guardian","floor":16,"turns":8},{"damage":24,"enemies":"Chosen","floor":18,"turns":5},{"damage":4,"enemies":"2 Thieves","floor":21,"turns":4},{"damage":0,"enemies":"Cultist and Chosen","floor":22,"turns":4},{"damage":6,"enemies":"Centurion and Healer","floor":24,"turns":4},{"damage":5,"enemies":"3 Cultists","floor":25,"turns":4},{"damage":19,"enemies":"Book of Stabbing","floor":27,"turns":6},{"damage":0,"enemies":"Snecko","floor":31,"turns":5},{"damage":12,"enemies":"Automaton","floor":33,"turns":12},{"damage":13,"enemies":"3 Darklings","floor":35,"turns":2},{"damage":0,"enemies":"3 Shapes","floor":37,"turns":2},{"damage":3,"enemies":"Sphere and 2 Shapes","floor":39,"turns":3},{"damage":10,"enemies":"Reptomancer","floor":41,"turns":6},{"damage":0,"enemies":"Mind Bloom Boss Battle","floor":44,"turns":4},{"damage":9,"enemies":"Transient","floor":45,"turns":6},{"damage":19,"enemies":"Giant Head","floor":46,"turns":11},{"damage":0,"enemies":"Jaw Worm Horde","floor":48,"turns":3},{"damage":3,"enemies":"Donu and Deca","floor":50,"turns":10},{"damage":31,"enemies":"Time Eater","floor":51,"turns":14},{"damage":0,"enemies":"Shield and Spear","floor":55,"turns":8},{"damage":52,"enemies":"The Heart","floor":56,"turns":13}],"seed_played":"3826272642346394016","potions_obtained":[{"floor":10.0,"key":"PowerPotion"},{"floor":11.0,"key":"Poison Potion"},{"floor":21,"key":"SpeedPotion"},{"floor":25,"key":"Fire Potion"},{"floor":27,"key":"SteroidPotion"},{"floor":35,"key":"Weak Potion"},{"floor":39,"key":"FocusPotion"},{"floor":46,"key":"SpeedPotion"}],"is_trial":false,"path_per_floor":["M","?","?","M","M","R","?","R","T","E","M","E","R","$","R","B",null,"M","?","?","M","M","R","M","M","T","E","$","?","R","M","R","B",null,"M","?","M","$","M","R","E","R","T","?","M","E","?","M","R","B","B",null,"R","$","E","B",null],"character_chosen":"DEFECT","items_purchased":["Defragment","Hologram","Bronze Scales","White Noise"],"campfire_rested":7,"item_purchase_floors":[14,14,28,54],"current_hp_per_floor":[64,46,46,43,41,41,48,48,48,19,8,3,26,26,26,10,61,37,37,37,33,33,33,27,22,22,3,3,3,14,14,25,27,36,23,23,23,23,20,31,21,32,32,39,30,23,23,33,39,39,17,34,39,39,39,29],"gold":235,"neow_bonus":"RANDOM_COMMON_RELIC","is_prod":false,"is_daily":false,"chose_seed":false,"campfire_upgraded":3,"win_rate":0,"timestamp":1549823732,"path_taken":["M","?","?","?","M","R","?","R","T","E","M","E","R","$","R","BOSS","M","?","?","M","M","R","M","M","T","E","?","?","R","M","R","BOSS","M","?","M","$","M","R","E","R","T","?","M","E","?","?","R","BOSS","BOSS","R","$","E","BOSS"],"build_version":"2019-02-06","purchased_purges":3,"victory":true,"max_hp_per_floor":[71,71,71,71,71,71,78,78,78,78,78,78,78,78,78,78,78,78,78,39,39,39,39,39,39,39,39,39,39,39,39,39,39,39,39,39,39,39,39,39,39,39,39,39,39,39,39,39,39,39,39,39,39,39,39,39],"card_choices":[{"not_picked":["Compile Driver","Go for the Eyes"],"picked":"Consume","floor":1.0},{"not_picked":["Go for the Eyes","Storm"],"picked":"Streamline","floor":4.0},{"not_picked":["Compile Driver","Barrage"],"picked":"Sweeping Beam","floor":5.0},{"not_picked":["Turbo","White Noise"],"picked":"Defragment","floor":10.0},{"not_picked":["Redo","White Noise"],"picked":"Biased Cognition","floor":11.0},{"not_picked":["Beam Cell","Stack"],"picked":"BootSequence","floor":12},{"not_picked":["Reinforced Body","Streamline"],"picked":"Electrodynamics","floor":13},{"not_picked":["Meteor Strike","Seek"],"picked":"Core Surge","floor":16},{"not_picked":["Conserve Battery","Leap"],"picked":"Coolheaded","floor":18},{"not_picked":["Leap","Reprogram"],"picked":"Conserve Battery","floor":21},{"not_picked":["Barrage+1","Coolheaded","Beam Cell"],"picked":"SKIP","floor":22},{"not_picked":["Ball Lightning","Stack"],"picked":"Glacier","floor":24},{"not_picked":["Darkness","Go for the Eyes"],"picked":"Amplify","floor":25},{"not_picked":["Barrage+1","Tempest"],"picked":"Rainbow","floor":27},{"not_picked":["Streamline+1","Coolheaded"],"picked":"Hologram+1","floor":30},{"not_picked":["Leap","Stack","Sweeping Beam"],"picked":"SKIP","floor":31},{"not_picked":["Streamline","Hyperbeam"],"picked":"Leap+1","floor":32},{"not_picked":["Rainbow","Biased Cognition"],"picked":"Seek","floor":33},{"not_picked":["Lockon","Beam Cell","Conserve Battery"],"picked":"SKIP","floor":35},{"not_picked":["Fusion","Hello World","Coolheaded"],"picked":"SKIP","floor":37},{"not_picked":["Beam Cell","Coolheaded"],"picked":"Defragment","floor":39},{"not_picked":["Rip and Tear","Steam+1"],"picked":"Leap+1","floor":40},{"not_picked":["Turbo","Sweeping Beam"],"picked":"White Noise","floor":41},{"not_picked":["Leap","Recycle+1"],"picked":"Static Discharge+1","floor":44},{"not_picked":["Fusion+1","Genetic Algorithm"],"picked":"Coolheaded+1","floor":45},{"not_picked":["Gash","Melter","Steam"],"picked":"SKIP","floor":46},{"not_picked":["Beam Cell","Turbo","Amplify"],"picked":"SKIP","floor":48},{"not_picked":["Fusion","Compile Driver+1"],"picked":"Capacitor+1","floor":55}],"player_experience":2020499,"relics_obtained":[{"floor":9.0,"key":"Dream Catcher"},{"floor":10.0,"key":"DataDisk"},{"floor":12,"key":"Bottled Flame"},{"floor":26,"key":"Nunchaku"},{"floor":27,"key":"Bottled Lightning"},{"floor":41,"key":"MawBank"},{"floor":41,"key":"Unceasing Top"},{"floor":44,"key":"Bird Faced Urn"},{"floor":46,"key":"Bag of Preparation"},{"floor":46,"key":"Gremlin Horn"},{"floor":55,"key":"Ice Cream"},{"floor":55,"key":"Orichalcum"}],"event_choices":[{"damage_healed":0.0,"max_hp_gain":0.0,"max_hp_loss":0.0,"gold_gain":0.0,"event_name":"Scrap Ooze","player_choice":"Success","floor":2.0,"gold_loss":0.0,"damage_taken":18.0,"relics_obtained":["Centennial Puzzle"]},{"damage_healed":0.0,"max_hp_gain":0.0,"max_hp_loss":0.0,"gold_gain":0.0,"event_name":"Accursed Blacksmith","player_choice":"Rummage","floor":3.0,"gold_loss":0.0,"damage_taken":0.0,"relics_obtained":["WarpedTongs"],"cards_obtained":["Pain"]},{"damage_healed":0.0,"max_hp_gain":0.0,"max_hp_loss":0.0,"gold_gain":30.0,"event_name":"Dead Adventurer","player_choice":"Searched \u00272\u0027 times","floor":7.0,"gold_loss":0.0,"damage_taken":0.0,"relics_obtained":["Strawberry"]},{"damage_healed":0,"gold_gain":0,"player_choice":"Obtained Relic","damage_taken":0,"relics_obtained":["Pantograph"],"max_hp_gain":0,"max_hp_loss":0,"event_name":"Addict","floor":19,"gold_loss":85},{"damage_healed":0,"gold_gain":0,"player_choice":"Became a Ghost","damage_taken":0,"max_hp_gain":0,"max_hp_loss":39,"event_name":"Ghosts","floor":20,"gold_loss":0,"cards_obtained":["Ghostly","Ghostly","Ghostly"]},{"damage_healed":0,"gold_gain":0,"player_choice":"Smashed Altar","damage_taken":0,"max_hp_gain":0,"max_hp_loss":0,"event_name":"Forgotten Altar","floor":29,"gold_loss":0,"cards_obtained":["Decay"]},{"cards_removed":["Sweeping Beam"],"damage_healed":0,"gold_gain":0,"player_choice":"Removed Attack","damage_taken":0,"max_hp_gain":0,"max_hp_loss":0,"event_name":"Falling","floor":36,"gold_loss":0},{"damage_healed":0,"gold_gain":0,"player_choice":"Fight","damage_taken":0,"max_hp_gain":0,"max_hp_loss":0,"event_name":"MindBloom","floor":44,"gold_loss":0},{"damage_healed":0,"gold_gain":0,"cards_transformed":["Strike_B"],"player_choice":"Transformed","damage_taken":0,"max_hp_gain":0,"max_hp_loss":0,"event_name":"Transmorgrifier","floor":47,"gold_loss":0,"cards_obtained":["Capacitor"]}],"is_beta":true,"boss_relics":[{"not_picked":["Runic Dome","Pandora\u0027s Box"],"picked":"Fusion Hammer"},{"not_picked":["Astrolabe","Calling Bell"],"picked":"Black Star"}],"items_purged_floors":[14,38,54],"is_endless":false,"potions_floor_spawned":[10,11,21,25,27,35,39,46],"ascension_level":20}