{"gold_per_floor":[212,387,387,399,96,108,121,153,153,188,188,188,188,202,202,306,306,316,95,95,95,110,110,110,110,110,110,110,138,150,150,150,246,246,258,358,358,179,196,196,226,73,100,100,100,100,116,116,116,116],"floor_reached":51,"playtime":1983,"items_purged":["Doubt","Consume","Force Field"],"score":747,"play_id":"e04fa9d4-86c4-410e-8e97-cf6010fb1f14","local_time":"20190108180139","is_ascension_mode":false,"campfire_choices":[{"data":"Zap","floor":11.0,"key":"SMITH"},{"data":"Defragment","floor":12.0,"key":"SMITH"},{"data":"Dualcast","floor":13.0,"key":"SMITH"},{"data":"Go for the Eyes","floor":15.0,"key":"SMITH"},{"data":"Rainbow","floor":23.0,"key":"SMITH"},{"data":"Buffer","floor":25.0,"key":"SMITH"},{"data":"Seek","floor":27.0,"key":"SMITH"},{"data":"Capacitor","floor":32.0,"key":"SMITH"},{"data":"Echo Form","floor":40.0,"key":"SMITH"},{"data":"Echo Form","floor":44.0,"key":"SMITH"},{"data":"Barrage","floor":46,"key":"SMITH"},{"data":"Coolheaded","floor":49,"key":"SMITH"}],"neow_cost":"NONE","seed_source_timestamp":1288642746229871,"circlet_count":0,"master_deck":["Zap+1","Dualcast+1","Capacitor+1","Glacier","Seek+1","Ball Lightning","Defragment+1","Go for the Eyes+1","Coolheaded+1","Biased Cognition","Tempest","Auto Shields","Buffer+1","All For One","Rainbow+1","Chill","Conserve Battery","BootSequence+1","Echo Form+1","Capacitor+1","Barrage+1","Echo Form+1"],"special_seed":0,"relics":["FrozenCore","DataDisk","Shovel","Prayer Wheel","WingedGreaves","Pandora\u0027s Box","Pocketwatch","Kunai","Letter Opener","Girya","Darkstone Periapt","Happy Flower"],"potions_floor_usage":[50,50],"damage_taken":[{"damage":0.0,"enemies":"2 Louse","floor":1.0,"turns":2.0},{"damage":6.0,"enemies":"Jaw Worm","floor":4.0,"turns":3.0},{"damage":0.0,"enemies":"Small Slimes","floor":6.0,"turns":3.0},{"damage":0.0,"enemies":"2 Fungi Beasts","floor":7.0,"turns":2.0},{"damage":5.0,"enemies":"Gremlin Nob","floor":8.0,"turns":3.0},{"damage":14.0,"enemies":"3 Sentries","floor":10.0,"turns":7.0},{"damage":2.0,"enemies":"Blue Slaver","floor":14.0,"turns":3.0},{"damage":3.0,"enemies":"The Guardian","floor":16.0,"turns":10.0},{"damage":0.0,"enemies":"2 Thieves","floor":18.0,"turns":4.0},{"damage":1.0,"enemies":"3 Byrds","floor":22.0,"turns":4.0},{"damage":0.0,"enemies":"Slavers","floor":29.0,"turns":6.0},{"damage":0.0,"enemies":"Centurion and Healer","floor":30.0,"turns":6.0},{"damage":12.0,"enemies":"Collector","floor":33.0,"turns":10.0},{"damage":0.0,"enemies":"Orb Walker","floor":35.0,"turns":5.0},{"damage":0.0,"enemies":"Mind Bloom Boss Battle","floor":36.0,"turns":8.0},{"damage":0.0,"enemies":"3 Shapes","floor":39.0,"turns":6.0},{"damage":0.0,"enemies":"Reptomancer","floor":41.0,"turns":7.0},{"damage":0,"enemies":"3 Darklings","floor":47,"turns":5},{"damage":4,"enemies":"Awakened One","floor":50,"turns":11}],"seed_played":"-3063597752737441682","potions_obtained":[{"floor":1.0,"key":"Explosive Potion"},{"floor":6.0,"key":"Fire Potion"},{"floor":10.0,"key":"GamblersBrew"},{"floor":14.0,"key":"Energy Potion"},{"floor":18.0,"key":"EssenceOfSteel"}],"is_trial":false,"path_per_floor":["M","?","?","M","$","M","M","E","T","E","R","R","R","M","R","B",null,"M","$","?","?","M","R","T","R","T","R","$","E","M","?","R","B",null,"M","?","?","$","M","R","E","$","T","R","$","R","M","?","R","B",null],"character_chosen":"DEFECT","items_purchased":["DataDisk","Seek","Chill","Conserve Battery","Barrage","Echo Form"],"campfire_rested":0,"item_purchase_floors":[5,5,19,19,38,42],"current_hp_per_floor":[75,75,75,69,69,69,69,64,64,50,50,50,50,48,48,45,75,75,75,75,75,74,74,74,74,74,74,74,74,74,74,74,62,75,75,75,75,75,75,75,75,75,75,75,75,75,75,75,75,71],"gold":116,"neow_bonus":"HUNDRED_GOLD","is_prod":false,"is_daily":false,"chose_seed":false,"campfire_upgraded":12,"win_rate":0,"timestamp":1546970499,"path_taken":["M","?","?","M","$","M","M","E","T","E","R","R","R","M","R","BOSS","M","$","?","?","M","R","?","R","T","R","$","E","M","?","R","BOSS","M","?","?","$","?","R","E","?","T","R","$","R","M","?","R","BOSS"],"build_version":"2019-01-03v4","purchased_purges":3,"victory":true,"max_hp_per_floor":[75,75,75,75,75,75,75,75,75,75,75,75,75,75,75,75,75,75,75,75,75,75,75,75,75,75,75,75,75,75,75,75,75,75,75,75,75,75,75,75,75,75,75,75,75,75,75,75,75,75],"card_choices":[{"not_picked":["FTL","Rip and Tear"],"picked":"Capacitor","floor":1.0},{"not_picked":["Leap","Redo"],"picked":"Glacier","floor":4.0},{"not_picked":["Loop","Genetic Algorithm"],"picked":"Cold Snap","floor":6.0},{"not_picked":["Barrage","Hologram"],"picked":"Ball Lightning","floor":7.0},{"not_picked":["Steam Power","Scrape","Compile Driver"],"picked":"SKIP","floor":8.0},{"not_picked":["BootSequence","Barrage"],"picked":"Defragment","floor":10.0},{"not_picked":["Coolheaded","White Noise"],"picked":"Go for the Eyes","floor":14.0},{"not_picked":["Amplify","Stack"],"picked":"Coolheaded","floor":14.0},{"not_picked":["Core Surge","All For One"],"picked":"Biased Cognition","floor":16.0},{"not_picked":["Barrage","Streamline","Hologram"],"picked":"SKIP","floor":18.0},{"not_picked":["Barrage","Compile Driver","Gash+1"],"picked":"SKIP","floor":18.0},{"not_picked":["Stack","Hologram"],"picked":"BootSequence+1","floor":22.0},{"not_picked":["Force Field+1","Auto Shields","White Noise"],"picked":"SKIP","floor":22.0},{"not_picked":["Cold Snap","Go for the Eyes","Steam Power"],"picked":"SKIP","floor":29.0},{"not_picked":["All For One","Auto Shields","Gash"],"picked":"SKIP","floor":30.0},{"not_picked":["Compile Driver","Conserve Battery","Stack"],"picked":"SKIP","floor":30.0},{"not_picked":["Meteor Strike","Thunder Strike"],"picked":"Echo Form","floor":33.0},{"not_picked":["Barrage","Hello World"],"picked":"Capacitor+1","floor":35.0},{"not_picked":["Compile Driver","Redo+1","Sweeping Beam"],"picked":"SKIP","floor":35.0},{"not_picked":["BootSequence+1","Heatsinks+1","Sweeping Beam+1"],"picked":"SKIP","floor":39.0},{"not_picked":["Hologram+1","Genetic Algorithm","Hello World"],"picked":"SKIP","floor":39.0},{"not_picked":["Multi-Cast","Go for the Eyes+1","Consume"],"picked":"SKIP","floor":41.0},{"not_picked":["Lockon","Sweeping Beam","Beam Cell+1"],"picked":"SKIP","floor":47},{"not_picked":["Barrage+1","Force Field+1","Go for the Eyes+1"],"picked":"SKIP","floor":47}],"player_experience":953739,"relics_obtained":[{"floor":8.0,"key":"Shovel"},{"floor":9.0,"key":"Prayer Wheel"},{"floor":10.0,"key":"WingedGreaves"},{"floor":24.0,"key":"Pocketwatch"},{"floor":26.0,"key":"Kunai"},{"floor":29.0,"key":"Letter Opener"},{"floor":36.0,"key":"Girya"},{"floor":41.0,"key":"Darkstone Periapt"},{"floor":43.0,"key":"Happy Flower"}],"event_choices":[{"damage_healed":0.0,"max_hp_gain":0.0,"max_hp_loss":0.0,"gold_gain":175.0,"event_name":"Liars Game","player_choice":"AGREE","floor":2.0,"gold_loss":0.0,"damage_taken":0.0,"cards_obtained":["Doubt"]},{"damage_healed":0.0,"max_hp_gain":0.0,"max_hp_loss":0.0,"gold_gain":0.0,"event_name":"The Cleric","player_choice":"Leave","floor":3.0,"gold_loss":0.0,"damage_taken":0.0},{"damage_healed":0.0,"max_hp_gain":0.0,"max_hp_loss":0.0,"gold_gain":0.0,"event_name":"Cursed Tome","player_choice":"Ignored","floor":20.0,"gold_loss":0.0,"damage_taken":0.0},{"damage_healed":0.0,"max_hp_gain":0.0,"max_hp_loss":0.0,"gold_gain":0.0,"event_name":"The Mausoleum","player_choice":"Ignored","floor":21.0,"gold_loss":0.0,"damage_taken":0.0},{"damage_healed":0.0,"max_hp_gain":0.0,"max_hp_loss":0.0,"gold_gain":0.0,"event_name":"Vampires","player_choice":"Ignored","floor":31.0,"gold_loss":0.0,"damage_taken":0.0},{"damage_healed":0.0,"max_hp_gain":0.0,"max_hp_loss":0.0,"gold_gain":0.0,"event_name":"MindBloom","player_choice":"Fight","floor":36.0,"gold_loss":0.0,"damage_taken":0.0},{"cards_removed":["Sweeping Beam"],"damage_healed":5.0,"max_hp_gain":0.0,"max_hp_loss":0.0,"gold_gain":0.0,"event_name":"Bonfire Elementals","player_choice":"Offered Common","floor":37.0,"gold_loss":0.0,"damage_taken":0.0},{"cards_removed":["Sweeping Beam"],"damage_healed":5.0,"max_hp_gain":0.0,"max_hp_loss":0.0,"gold_gain":0.0,"event_name":"Bonfire Elementals","player_choice":"Offered Special","floor":37.0,"gold_loss":0.0,"damage_taken":0.0},{"cards_removed":["Cold Snap"],"damage_healed":0,"gold_gain":0,"player_choice":"Removed Attack","damage_taken":0,"max_hp_gain":0,"max_hp_loss":0,"event_name":"Falling","floor":48,"gold_loss":0}],"is_beta":false,"boss_relics":[{"not_picked":["Lizard Tail","White Beast Statue"],"picked":"Pandora\u0027s Box"},{"not_picked":["Snecko Eye","Coffee Dripper"],"picked":"FrozenCore"}],"items_purged_floors":[5,19,38],"is_endless":false,"potions_floor_spawned":[1,6,10,14,18,29,33,47],"ascension_level":0}