{"gold_per_floor":[112,131,36,36,50,50,60,60,60,76,96,114,79,91,91,191,191,207,226,240,260,275,275,292,292,292,311,291,291,48,65,65,165,165,184,30,30,41,57,57,69,85,85,110,139,171,34,48,48,48],"floor_reached":51,"playtime":3014,"items_purged":["Strike_R"],"score":655,"play_id":"a84b70e3-04d6-4e15-837e-6d009c003aa0","local_time":"20180815184117","is_ascension_mode":false,"campfire_choices":[{"data":"Bash","floor":6,"key":"SMITH"},{"data":"Cleave","floor":8,"key":"SMITH"},{"data":"Demon Form","floor":15,"key":"SMITH"},{"data":"Immolate","floor":23,"key":"SMITH"},{"data":"True Grit","floor":29,"key":"SMITH"},{"data":"Pummel","floor":32,"key":"SMITH"},{"floor":40,"key":"REST"},{"floor":49,"key":"REST"}],"neow_cost":"","seed_source_timestamp":351665904044156,"circlet_count":0,"master_deck":["Strike_R","Strike_R","Strike_R","Strike_R","Defend_R","Defend_R","Defend_R","Defend_R","Bash+1","Disarm","Shrug It Off","Shrug It Off","Cleave+1","Shrug It Off","Shrug It Off","Thunderclap","Shrug It Off","Demon Form+1","Immolate+1","Infernal Blade","True Grit+1","Ghostly Armor","Pommel Strike+1","Thunderclap+1","Pummel+1","Seeing Red+1","Juggernaut","Battle Trance","Madness","Madness","Heavy Blade","Pummel","Pommel Strike+1"],"relics":["Burning Blood","Pantograph","Darkstone Periapt","Busted Crown","FaceOfCleric","Matryoshka","Medical Kit","Fusion Hammer","MawBank","Letter Opener","Oddly Smooth Stone"],"potions_floor_usage":[21,33,33,33,38,48,50,50],"damage_taken":[{"damage":6,"enemies":"Jaw Worm","floor":1,"turns":6},{"damage":5,"enemies":"2 Louse","floor":2,"turns":4},{"damage":7,"enemies":"Cultist","floor":5,"turns":4},{"damage":10,"enemies":"3 Louse","floor":7,"turns":4},{"damage":8,"enemies":"Large Slime","floor":10,"turns":8},{"damage":2,"enemies":"Looter","floor":11,"turns":4},{"damage":0,"enemies":"Gremlin Gang","floor":12,"turns":2},{"damage":12,"enemies":"Large Slime","floor":14,"turns":9},{"damage":35,"enemies":"Slime Boss","floor":16,"turns":9},{"damage":1,"enemies":"Chosen","floor":18,"turns":5},{"damage":10,"enemies":"Spheric Guardian","floor":19,"turns":4},{"damage":16,"enemies":"Centurion and Healer","floor":20,"turns":6},{"damage":14,"enemies":"Chosen and Byrds","floor":21,"turns":6},{"damage":8,"enemies":"Snake Plant","floor":22,"turns":9},{"damage":0,"enemies":"Snecko","floor":24,"turns":5},{"damage":0,"enemies":"3 Cultists","floor":27,"turns":4},{"damage":0,"enemies":"Centurion and Healer","floor":31,"turns":4},{"damage":71,"enemies":"Collector","floor":33,"turns":11},{"damage":10,"enemies":"3 Darklings","floor":35,"turns":3},{"damage":13,"enemies":"Flame Bruiser 1 Orb","floor":38,"turns":7},{"damage":28,"enemies":"Maw","floor":39,"turns":8},{"damage":0,"enemies":"3 Darklings","floor":41,"turns":5},{"damage":8,"enemies":"Flame Bruiser 2 Orb","floor":42,"turns":6},{"damage":9,"enemies":"Transient","floor":44,"turns":5},{"damage":19,"enemies":"3 Darklings","floor":45,"turns":4},{"damage":12,"enemies":"Spire Growth","floor":46,"turns":5},{"damage":11,"enemies":"Transient","floor":48,"turns":5},{"damage":42,"enemies":"Awakened One","floor":50,"turns":9}],"seed_played":"3814414525770103573","potions_obtained":[{"floor":1,"key":"GamblersBrew"},{"floor":5,"key":"Block Potion"},{"floor":16,"key":"SteroidPotion"},{"floor":19,"key":"Ancient Potion"},{"floor":22,"key":"SpeedPotion"},{"floor":28,"key":"Poison Potion"},{"floor":31,"key":"Block Potion"},{"floor":33,"key":"Fire Potion"},{"floor":38,"key":"FairyPotion"},{"floor":39,"key":"SneckoOil"},{"floor":46,"key":"GamblersBrew"},{"floor":48,"key":"Block Potion"}],"is_trial":false,"path_per_floor":["M","M","$","?","M","R","M","R","T","M","M","M","?","M","R","B",null,"M","M","M","M","M","R","M","?","T","M","?","R","$","M","R","B",null,"M","$","?","M","M","R","M","M","T","M","M","M","$","M","R","B"],"character_chosen":"IRONCLAD","items_purchased":["Shrug It Off","Cleave","Pummel","Medical Kit","Battle Trance","Oddly Smooth Stone"],"campfire_rested":2,"item_purchase_floors":[3,3,30,30,36,47],"current_hp_per_floor":[80,80,80,68,67,67,63,63,63,61,65,71,80,74,74,51,80,80,76,66,58,56,56,62,62,62,69,69,69,69,76,76,57,83,80,80,69,63,42,67,74,73,73,71,59,54,54,50,77,57],"gold":48,"neow_bonus":"","is_prod":false,"is_daily":false,"chose_seed":false,"campfire_upgraded":6,"win_rate":0,"timestamp":1534372877,"path_taken":["M","M","$","?","M","R","M","R","T","M","M","M","?","M","R","BOSS","M","?","M","M","M","R","M","?","T","?","?","R","$","M","R","BOSS","M","?","?","M","M","R","M","M","T","?","M","M","$","M","R","BOSS"],"build_version":"2018-08-09","purchased_purges":1,"victory":true,"max_hp_per_floor":[80,80,80,80,80,80,80,80,80,80,80,80,80,80,80,80,80,80,80,80,80,80,80,80,80,80,81,81,81,81,82,82,83,83,84,84,84,85,86,86,87,88,88,89,90,91,91,92,92,93],"card_choices":[{"not_picked":["Clash","Twin Strike"],"picked":"Disarm","floor":1},{"not_picked":["Warcry","Infernal Blade"],"picked":"Shrug It Off","floor":2},{"not_picked":["Fire Breathing","Entrench"],"picked":"Shrug It Off","floor":5},{"not_picked":["Body Slam","Sword Boomerang"],"picked":"Shrug It Off","floor":7},{"not_picked":["Pommel Strike","Uppercut"],"picked":"Thunderclap","floor":10},{"not_picked":["Clothesline","Second Wind","Dual Wield"],"picked":"SKIP","floor":11},{"not_picked":["Headbutt","Blood for Blood"],"picked":"Shrug It Off","floor":12},{"not_picked":["Rupture","Headbutt"],"picked":"Demon Form","floor":14},{"not_picked":["Berserk","Offering"],"picked":"Immolate","floor":16},{"not_picked":[],"picked":"Infernal Blade","floor":18},{"not_picked":[],"picked":"True Grit","floor":19},{"not_picked":[],"picked":"Ghostly Armor","floor":20},{"not_picked":["Perfected Strike"],"picked":"SKIP","floor":21},{"not_picked":[],"picked":"Pommel Strike+1","floor":22},{"not_picked":[],"picked":"Thunderclap+1","floor":24},{"not_picked":["Rupture"],"picked":"SKIP","floor":27},{"not_picked":[],"picked":"Seeing Red+1","floor":31},{"not_picked":[],"picked":"Juggernaut","floor":33},{"not_picked":["Twin Strike"],"picked":"SKIP","floor":35},{"not_picked":["Warcry"],"picked":"SKIP","floor":38},{"not_picked":[],"picked":"Heavy Blade","floor":39},{"not_picked":["Cleave"],"picked":"SKIP","floor":41},{"not_picked":["True Grit"],"picked":"SKIP","floor":42},{"not_picked":["Pommel Strike"],"picked":"SKIP","floor":44},{"not_picked":[],"picked":"Pummel","floor":45},{"not_picked":["Second Wind"],"picked":"SKIP","floor":46},{"not_picked":[],"picked":"Pommel Strike+1","floor":48}],"player_experience":2215189,"relics_obtained":[{"floor":9,"key":"Darkstone Periapt"},{"floor":26,"key":"Matryoshka"},{"floor":43,"key":"MawBank"},{"floor":43,"key":"Letter Opener"}],"event_choices":[{"event_name":"Scrap Ooze","player_choice":"success","floor":4,"damage_taken":12},{"event_name":"The Cleric","player_choice":"Healed","floor":13,"damage_taken":0},{"event_name":"FaceTrader","player_choice":"Trade","floor":25,"damage_taken":0},{"event_name":"The Woman in Blue","player_choice":"Bought 1 Potion","floor":28,"damage_taken":0},{"event_name":"Winding Halls","player_choice":"Embrace Madness","floor":37,"damage_taken":0}],"is_beta":false,"boss_relics":[{"not_picked":["Runic Cube","Orrery"],"picked":"Busted Crown"},{"not_picked":["White Beast Statue","Lizard Tail"],"picked":"Fusion Hammer"}],"items_purged_floors":[36],"is_endless":false,"potions_floor_spawned":[1,5,16,19,22,31,33,38,39,46,48],"ascension_level":0}