{"gold_per_floor":[118,137,20,36,46,46,81,96,119,119,119,119,59,69,69,69],"floor_reached":16,"playtime":1284,"items_purged":[],"score":204,"play_id":"5393d74e-3429-46ab-9d73-d54c5704d1c5","local_time":"20180914194313","is_ascension_mode":true,"campfire_choices":[{"data":"Uppercut","floor":6,"key":"SMITH"},{"data":"Discovery","floor":12,"key":"SMITH"},{"floor":15,"key":"REST"}],"neow_cost":"NONE","seed_source_timestamp":520562601551926,"circlet_count":0,"master_deck":["Strike_R","Strike_R","Strike_R","Strike_R","Strike_R","Defend_R","Defend_R","Defend_R","Defend_R","Bash","AscendersBane","Limit Break","True Grit","Disarm","Discovery+1","Uppercut+1","Thunderclap","Clash","Shockwave","Twin Strike"],"relics":["Burning Blood","PreservedInsect","Vajra"],"potions_floor_usage":[16,16],"damage_taken":[{"damage":17,"enemies":"Cultist","floor":1,"turns":4},{"damage":22,"enemies":"Jaw Worm","floor":2,"turns":6},{"damage":1,"enemies":"2 Louse","floor":4,"turns":3},{"damage":9,"enemies":"Blue Slaver","floor":5,"turns":7},{"damage":42,"enemies":"3 Sentries","floor":7,"turns":10},{"damage":0,"enemies":"Exordium Wildlife","floor":8,"turns":2},{"damage":12,"enemies":"Large Slime","floor":14,"turns":4},{"damage":55,"enemies":"Slime Boss","floor":16,"turns":7}],"seed_played":"-7594307590937529109","potions_obtained":[{"floor":4,"key":"Weak Potion"},{"floor":8,"key":"Weak Potion"}],"is_trial":false,"path_per_floor":["M","M","$","M","M","R","E","M","T","?","$","R","$","M","R"],"character_chosen":"IRONCLAD","items_purchased":["Discovery","PowerPotion"],"campfire_rested":1,"item_purchase_floors":[3,13],"current_hp_per_floor":[57,41,41,46,43,43,7,13,13,38,38,38,38,32,54,0],"gold":69,"neow_bonus":"ONE_RANDOM_RARE_CARD","is_prod":false,"is_daily":false,"chose_seed":false,"campfire_upgraded":2,"win_rate":0,"timestamp":1536968593,"path_taken":["M","?","$","M","M","R","E","M","T","?","?","R","$","M","R","BOSS"],"build_version":"2018-09-06","purchased_purges":0,"victory":false,"max_hp_per_floor":[75,75,75,75,75,75,75,75,75,75,75,75,75,75,75,75],"card_choices":[{"not_picked":["Sword Boomerang","Burning Pact"],"picked":"True Grit","floor":1},{"not_picked":["Flame Barrier","Sword Boomerang"],"picked":"Disarm","floor":2},{"not_picked":["Sentinel","Flex"],"picked":"Uppercut","floor":4},{"not_picked":["Body Slam","Rage"],"picked":"Thunderclap","floor":5},{"not_picked":["Bloodletting","Feel No Pain"],"picked":"Clash","floor":7},{"not_picked":["Pummel","Warcry"],"picked":"Shockwave","floor":8},{"not_picked":["Whirlwind","Metallicize"],"picked":"Twin Strike","floor":14}],"player_experience":2733577,"relics_obtained":[{"floor":7,"key":"PreservedInsect"},{"floor":9,"key":"Vajra"}],"event_choices":[{"event_name":"Big Fish","player_choice":"Banana","floor":10,"damage_taken":0}],"is_beta":false,"boss_relics":[],"items_purged_floors":[],"is_endless":false,"potions_floor_spawned":[4,8],"killed_by":"Slime Boss","ascension_level":20}