{"gold_per_floor":[114,289,289,289,299,299,314,327,327,101,112,147,43,43,43,147,147,167,186,196,295,295,329,340,340,340,358,358,14,30,47,47,47],"floor_reached":33,"playtime":1405,"items_purged":["Doubt"],"score":294,"play_id":"4bd69989-ddf8-4686-b7e2-b0b50106dd64","local_time":"20181202225310","is_ascension_mode":false,"campfire_choices":[{"data":"Rage","floor":6.0,"key":"SMITH"},{"data":"Armaments","floor":15.0,"key":"SMITH"},{"floor":25,"key":"REST"},{"floor":28,"key":"REST"},{"floor":32,"key":"REST"}],"neow_cost":"NONE","seed_source_timestamp":344012371544446,"circlet_count":0,"master_deck":["Strike_R","Strike_R","Strike_R+1","Strike_R","Strike_R","Defend_R+1","Defend_R","Defend_R","Defend_R","Bash","Clash","Rage+1","Headbutt","Armaments+1","Uppercut","Thunderclap","Shrug It Off+1","Flex+1","Feed","Disarm+1","Fire Breathing+1","Battle Trance+1","Shrug It Off+1","True Grit+1","Ghostly Armor+1","Power Through+1"],"special_seed":0,"relics":["Burning Blood","NeowsBlessing","Letter Opener","Pen Nib","Toxic Egg 2","Black Star","Paper Frog","Kunai","Art of War","Ginger"],"potions_floor_usage":[33],"damage_taken":[{"damage":0.0,"enemies":"2 Louse","floor":1.0,"turns":1.0},{"damage":0.0,"enemies":"Jaw Worm","floor":5.0,"turns":1.0},{"damage":0.0,"enemies":"Cultist","floor":7.0,"turns":1.0},{"damage":0.0,"enemies":"3 Louse","floor":8.0,"turns":5.0},{"damage":0.0,"enemies":"Gremlin Gang","floor":11.0,"turns":5.0},{"damage":18.0,"enemies":"3 Sentries","floor":12.0,"turns":9.0},{"damage":32.0,"enemies":"The Guardian","floor":16.0,"turns":9.0},{"damage":31.0,"enemies":"2 Thieves","floor":18.0,"turns":5.0},{"damage":5.0,"enemies":"Spheric Guardian","floor":19.0,"turns":4.0},{"damage":11.0,"enemies":"Cultist and Chosen","floor":20.0,"turns":5.0},{"damage":54.0,"enemies":"Slavers","floor":23.0,"turns":6.0},{"damage":14,"enemies":"Chosen and Byrds","floor":24,"turns":6},{"damage":27,"enemies":"Shelled Parasite and Fungi","floor":27,"turns":6},{"damage":4,"enemies":"Snecko","floor":30,"turns":6},{"damage":33,"enemies":"Sentry and Sphere","floor":31,"turns":6},{"damage":77,"enemies":"Automaton","floor":33,"turns":12}],"seed_played":"-8938457801507330876","potions_obtained":[{"floor":1.0,"key":"Swift Potion"},{"floor":12.0,"key":"BloodPotion"},{"floor":16.0,"key":"Explosive Potion"},{"floor":20.0,"key":"SteroidPotion"},{"floor":27,"key":"SkillPotion"},{"floor":30,"key":"SteroidPotion"}],"is_trial":false,"path_per_floor":["M","?","?","?","M","R","M","M","T","$","M","E","$","?","R","B",null,"M","M","M","?","?","E","M","R","T","M","R","$","M","M","R","B"],"character_chosen":"IRONCLAD","items_purchased":["Pen Nib","Shrug It Off+1","Flex+1","Ginger","Ghostly Armor+1"],"campfire_rested":3,"item_purchase_floors":[10,13,13,29,29],"current_hp_per_floor":[80,80,64,64,70,70,76,80,80,80,80,68,68,60,60,34,80,58,59,57,57,57,17,12,38,38,20,47,47,49,25,53,0],"gold":47,"neow_bonus":"THREE_ENEMY_KILL","is_prod":false,"is_daily":false,"chose_seed":false,"campfire_upgraded":2,"win_rate":0,"timestamp":1543791190,"path_taken":["M","?","?","?","?","R","M","M","T","$","M","E","$","?","R","BOSS","M","M","?","?","?","E","M","R","T","M","R","$","M","M","R","BOSS"],"build_version":"2018-11-15","purchased_purges":1,"victory":false,"max_hp_per_floor":[80,80,80,80,80,80,80,80,80,80,80,80,80,80,80,80,80,83,83,86,86,86,86,89,89,89,92,92,92,92,95,95,95],"card_choices":[{"not_picked":["Second Wind","Headbutt"],"picked":"Clash","floor":1.0},{"not_picked":["Wild Strike","Disarm"],"picked":"Rage","floor":5.0},{"not_picked":["Rupture","Entrench"],"picked":"Headbutt","floor":7.0},{"not_picked":["Heavy Blade","Power Through"],"picked":"Armaments","floor":8.0},{"not_picked":["Perfected Strike","Disarm"],"picked":"Uppercut","floor":11.0},{"not_picked":["Clothesline","Headbutt"],"picked":"Thunderclap","floor":12.0},{"not_picked":["Fiend Fire","Exhume+1"],"picked":"Feed","floor":16.0},{"not_picked":["Heavy Blade","Burning Pact+1"],"picked":"Disarm+1","floor":18.0},{"not_picked":["Reckless Charge","Battle Trance+1"],"picked":"Fire Breathing+1","floor":19.0},{"not_picked":["Heavy Blade","Havoc+1"],"picked":"Battle Trance+1","floor":20.0},{"not_picked":["Impervious+1","Evolve"],"picked":"Shrug It Off+1","floor":23.0},{"not_picked":["Clash","Disarm+1","Wild Strike+1"],"picked":"SKIP","floor":24},{"not_picked":["Pommel Strike+1","Heavy Blade"],"picked":"True Grit+1","floor":27},{"not_picked":["True Grit+1","Headbutt"],"picked":"Power Through+1","floor":30},{"not_picked":["Pommel Strike+1","Exhume+1","Dropkick"],"picked":"SKIP","floor":31}],"player_experience":847487,"relics_obtained":[{"floor":9.0,"key":"Letter Opener"},{"floor":12.0,"key":"Toxic Egg 2"},{"floor":23.0,"key":"Paper Frog"},{"floor":23.0,"key":"Kunai"},{"floor":26,"key":"Art of War"}],"event_choices":[{"damage_healed":0.0,"max_hp_gain":0.0,"max_hp_loss":0.0,"gold_gain":175.0,"event_name":"Liars Game","player_choice":"AGREE","floor":2.0,"gold_loss":0.0,"damage_taken":0.0,"cards_obtained":["Doubt"]},{"damage_healed":0.0,"max_hp_gain":0.0,"max_hp_loss":0.0,"gold_gain":0.0,"event_name":"Shining Light","player_choice":"Entered Light","floor":3.0,"gold_loss":0.0,"damage_taken":16.0,"cards_upgraded":["Strike_R","Defend_R"]},{"damage_healed":0.0,"max_hp_gain":0.0,"max_hp_loss":0.0,"gold_gain":0.0,"event_name":"The Woman in Blue","player_choice":"Bought 0 Potions","floor":4.0,"gold_loss":0.0,"damage_taken":0.0},{"damage_healed":0.0,"max_hp_gain":0.0,"max_hp_loss":0.0,"gold_gain":0.0,"event_name":"Wheel of Change","player_choice":"Damaged","floor":14.0,"gold_loss":0.0,"damage_taken":8.0},{"damage_healed":0.0,"max_hp_gain":0.0,"max_hp_loss":0.0,"gold_gain":99.0,"event_name":"Nest","player_choice":"Stole From Cult","floor":21.0,"gold_loss":0.0,"damage_taken":0.0},{"damage_healed":0.0,"max_hp_gain":0.0,"max_hp_loss":0.0,"gold_gain":0.0,"event_name":"Ghosts","player_choice":"Ignored","floor":22.0,"gold_loss":0.0,"damage_taken":0.0}],"is_beta":false,"boss_relics":[{"not_picked":["Coffee Dripper","Calling Bell"],"picked":"Black Star"}],"items_purged_floors":[10],"is_endless":false,"potions_floor_spawned":[1,12,16,20,27,30],"killed_by":"Automaton","ascension_level":0}