{"gold_per_floor":[117,133,145,158,36,36,36,36,91,91,103,178,2,14,14,119,119,134,134,134,9,26,26,44,54,54,54,54,54,66,66],"floor_reached":31,"playtime":754,"items_purged":["Regret","Defend_R","Searing Blow"],"score":252,"play_id":"27881919-f626-4238-b800-6e74b02e7c79","local_time":"20180925210811","is_ascension_mode":false,"campfire_choices":[{"data":"True Grit","floor":6,"key":"SMITH"},{"data":"Uppercut","floor":8,"key":"SMITH"},{"data":"Flex","floor":15,"key":"SMITH"},{"data":"Double Tap","floor":23,"key":"SMITH"},{"floor":27,"key":"REST"}],"neow_cost":"CURSE","seed_source_timestamp":1476429331660536,"circlet_count":0,"master_deck":["Bash","Fiend Fire","Thunderclap","Clash","Clash","Uppercut+1","True Grit+1","Cleave","Double Tap+1","Flex+1","Perfected Strike","Flex","Blood for Blood","Clothesline","Whirlwind","Shrug It Off","Flame Barrier","J.A.X.","Spot Weakness","Infernal Blade+1","Anger","Ghostly","Ghostly","Ghostly","Ghostly","Ghostly"],"relics":["Burning Blood","Art of War","Pandora\u0027s Box","Kunai"],"potions_floor_usage":[],"damage_taken":[{"damage":8,"enemies":"Cultist","floor":1,"turns":3},{"damage":3,"enemies":"Small Slimes","floor":2,"turns":2},{"damage":9,"enemies":"2 Louse","floor":3,"turns":3},{"damage":16,"enemies":"Exordium Thugs","floor":4,"turns":4},{"damage":6,"enemies":"2 Fungi Beasts","floor":11,"turns":3},{"damage":0,"enemies":"Looter","floor":14,"turns":2},{"damage":55,"enemies":"Slime Boss","floor":16,"turns":9},{"damage":30,"enemies":"2 Thieves","floor":18,"turns":3},{"damage":5,"enemies":"Chosen","floor":22,"turns":3},{"damage":18,"enemies":"Snake Plant","floor":24,"turns":3},{"damage":11,"enemies":"Centurion and Healer","floor":25,"turns":4},{"damage":20,"enemies":"Snecko","floor":30,"turns":6},{"damage":33,"enemies":"Chosen and Byrds","floor":31,"turns":6}],"seed_played":"-3122336224958402282","potions_obtained":[{"floor":3,"key":"GamblersBrew"},{"floor":11,"key":"EssenceOfSteel"},{"floor":14,"key":"Strength Potion"}],"is_trial":false,"path_per_floor":["M","M","M","M","$","R","$","R","T","?","M","?","$","M","R","B",null,"M","?","?","$","M","R","M","M","T","R","?","$","M"],"character_chosen":"IRONCLAD","items_purchased":["True Grit","Double Tap"],"campfire_rested":1,"item_purchase_floors":[5,13],"current_hp_per_floor":[78,80,77,67,67,67,67,67,67,67,67,56,56,62,62,13,80,56,56,56,56,57,57,45,40,40,64,40,40,26,0],"gold":66,"neow_bonus":"THREE_RARE_CARDS","is_prod":false,"is_daily":false,"chose_seed":false,"campfire_upgraded":4,"win_rate":0,"timestamp":1537924091,"path_taken":["M","M","M","M","$","R","$","R","T","?","M","?","?","M","R","BOSS","M","?","?","?","?","R","M","M","T","R","?","$","?","M"],"build_version":"2018-09-20","purchased_purges":3,"victory":false,"max_hp_per_floor":[80,80,80,80,80,80,80,80,80,80,80,80,80,80,80,80,80,80,80,80,80,80,80,80,80,80,80,40,40,40,40],"card_choices":[{"not_picked":["Exhume","Brutality"],"picked":"Fiend Fire","floor":0},{"not_picked":["Anger","Clothesline"],"picked":"Thunderclap","floor":1},{"not_picked":["Sword Boomerang","Dual Wield"],"picked":"Clash","floor":2},{"not_picked":["Bloodletting","Warcry"],"picked":"Clash","floor":3},{"not_picked":["Wild Strike","Dropkick"],"picked":"Uppercut","floor":4},{"not_picked":["Fire Breathing","Sentinel"],"picked":"Cleave","floor":11},{"not_picked":["Shrug It Off","Entrench"],"picked":"Flex","floor":14},{"not_picked":["Feel No Pain","Wild Strike+1"],"picked":"Flame Barrier","floor":18},{"not_picked":["Heavy Blade","True Grit"],"picked":"Infernal Blade+1","floor":22},{"not_picked":["Disarm","Shrug It Off"],"picked":"Anger","floor":24},{"not_picked":["Cleave","Armaments","Anger"],"picked":"SKIP","floor":25},{"not_picked":["Clothesline","Whirlwind","Wild Strike"],"picked":"SKIP","floor":30}],"player_experience":2814014,"relics_obtained":[{"floor":9,"key":"Art of War"},{"floor":26,"key":"Kunai"}],"event_choices":[{"event_name":"Dead Adventurer","player_choice":"Searched \u00270\u0027 times","floor":10,"damage_taken":0},{"event_name":"World of Goop","player_choice":"Gather Gold","floor":12,"damage_taken":0},{"event_name":"Drug Dealer","player_choice":"Got JAX","floor":19,"damage_taken":0},{"event_name":"Transmorgrifier","player_choice":"Transform","floor":20,"damage_taken":0},{"event_name":"Ghosts","player_choice":"Became a Ghost","floor":28,"damage_taken":0}],"is_beta":false,"boss_relics":[{"not_picked":["Snecko Eye","Velvet Choker"],"picked":"Pandora\u0027s Box"}],"items_purged_floors":[5,13,21],"is_endless":false,"potions_floor_spawned":[3,11,14,24,25,30],"killed_by":"Chosen and Byrds","ascension_level":0}