{"gold_per_floor":[113,133,133,133,145,145,179,193,193,226,244,244,254,209,209,209],"floor_reached":16,"playtime":386,"items_purged":[],"score":112,"play_id":"eb18b680-2162-4cd1-84fa-1274b2aeeab2","local_time":"20190120223147","is_ascension_mode":false,"campfire_choices":[{"data":"Dualcast","floor":6.0,"key":"SMITH"},{"data":"Zap","floor":12,"key":"SMITH"},{"data":"Capacitor","floor":15,"key":"SMITH"}],"neow_cost":"NONE","seed_source_timestamp":2343278250227513,"circlet_count":0,"master_deck":["Strike_B","Strike_B","Strike_B","Defend_B","Defend_B","Defend_B","Defend_B","Zap+1","Dualcast+1","Capacitor+1","Conserve Battery"],"special_seed":0,"relics":["Cracked Core","Bag of Preparation","Anchor","Blue Candle","Torii"],"potions_floor_usage":[16],"damage_taken":[{"damage":0.0,"enemies":"2 Louse","floor":1.0,"turns":2.0},{"damage":0.0,"enemies":"Cultist","floor":2.0,"turns":3.0},{"damage":1.0,"enemies":"Jaw Worm","floor":5.0,"turns":4.0},{"damage":11.0,"enemies":"Lagavulin","floor":7.0,"turns":6.0},{"damage":11,"enemies":"Gremlin Gang","floor":8,"turns":4},{"damage":30,"enemies":"Gremlin Nob","floor":10,"turns":4},{"damage":0,"enemies":"Looter","floor":11,"turns":2},{"damage":0,"enemies":"3 Louse","floor":13,"turns":2},{"damage":18,"enemies":"Slime Boss","floor":16,"turns":7}],"seed_played":"-7385486580705845212","potions_obtained":[{"floor":2.0,"key":"Fire Potion"},{"floor":8,"key":"Dexterity Potion"},{"floor":10,"key":"Swift Potion"}],"is_trial":false,"path_per_floor":["M","M","?","?","M","R","E","M","T","E","M","R","M","$","R","B"],"character_chosen":"DEFECT","items_purchased":["Conserve Battery"],"campfire_rested":0,"item_purchase_floors":[14],"current_hp_per_floor":[75,75,68,68,67,67,56,45,45,15,15,15,15,15,15,0],"gold":209,"neow_bonus":"RANDOM_COMMON_RELIC","is_prod":false,"is_daily":false,"chose_seed":false,"campfire_upgraded":3,"win_rate":0,"timestamp":1548023507,"path_taken":["M","M","?","?","M","R","E","?","T","E","M","R","?","$","R","BOSS"],"build_version":"2019-01-17v2","purchased_purges":0,"victory":false,"max_hp_per_floor":[75,75,75,75,75,75,75,75,75,75,75,75,75,75,75,75],"card_choices":[{"not_picked":["Leap","Skim","Blizzard"],"picked":"SKIP","floor":1.0},{"not_picked":["Heatsinks","Hologram","Streamline"],"picked":"SKIP","floor":2.0},{"not_picked":["Gash","Skim","Hologram"],"picked":"SKIP","floor":5.0},{"not_picked":["Static Discharge","Chaos","Recycle"],"picked":"SKIP","floor":7.0},{"not_picked":["Barrage","Chaos","Compile Driver"],"picked":"SKIP","floor":8},{"not_picked":["Melter","Steam"],"picked":"Capacitor","floor":10},{"not_picked":["Static Discharge","Compile Driver","Scrape"],"picked":"SKIP","floor":11},{"not_picked":["Leap","Rip and Tear","Steam"],"picked":"SKIP","floor":13}],"player_experience":985258,"relics_obtained":[{"floor":7.0,"key":"Anchor"},{"floor":9,"key":"Blue Candle"},{"floor":10,"key":"Torii"}],"event_choices":[{"cards_removed":["Strike_B"],"damage_healed":0.0,"max_hp_gain":0.0,"max_hp_loss":0.0,"gold_gain":0.0,"event_name":"Golden Wing","player_choice":"Card Removal","floor":3.0,"gold_loss":0.0,"damage_taken":7.0},{"damage_healed":0.0,"max_hp_gain":0.0,"max_hp_loss":0.0,"gold_gain":0.0,"event_name":"The Woman in Blue","player_choice":"Bought 0 Potions","floor":4.0,"gold_loss":0.0,"damage_taken":0.0}],"is_beta":false,"boss_relics":[],"items_purged_floors":[],"is_endless":false,"potions_floor_spawned":[2,8,10],"killed_by":"Slime Boss","ascension_level":0}