{"gold_per_floor":[118,268,110,127,146,146,176,176,244,274,274,303,303,317,317,395,395,408,408,420,420,434,434,44,44,44,69,80,180,191,211,211,283,283,296,396,407,70,84,84,410,410,410,38,52,52,85,97,97,97,97,97,97,5,33,33],"floor_reached":57,"playtime":10009,"items_purged":["Doubt"],"score":2925,"play_id":"49404f11-dc9d-45d2-83c9-206005b0b4c7","local_time":"20190114195457","is_ascension_mode":true,"campfire_choices":[{"data":"Predator","floor":6.0,"key":"SMITH"},{"data":"Poisoned Stab","floor":8.0,"key":"SMITH"},{"data":"Dagger Spray","floor":11.0,"key":"SMITH"},{"floor":13.0,"key":"REST"},{"data":"Well Laid Plans","floor":15.0,"key":"SMITH"},{"data":"Leg Sweep","floor":23.0,"key":"SMITH"},{"data":"Footwork","floor":25.0,"key":"SMITH"},{"data":"Neutralize","floor":32.0,"key":"SMITH"},{"data":"Footwork","floor":40.0,"key":"SMITH"},{"data":"Wraith Form v2","floor":42,"key":"SMITH"},{"data":"Wraith Form v2","floor":46,"key":"SMITH"},{"floor":49,"key":"RECALL"},{"data":"Prepared","floor":53,"key":"SMITH"}],"neow_cost":"NONE","seed_source_timestamp":373254287137641,"circlet_count":0,"master_deck":["AscendersBane","Defend_G","Defend_G","Defend_G","Defend_G","Defend_G","Strike_G","Strike_G","Strike_G","Strike_G","Strike_G","Survivor","Neutralize+1","Well Laid Plans+1","PiercingWail","Dagger Throw","Poisoned Stab+1","Predator+1","Dagger Spray+1","Adrenaline","Leg Sweep+1","Backflip","RitualDagger","Dash","Footwork+1","Prepared+1","Bouncing Flask+1","Infinite Blades","Dash+1","Wraith Form v2+1","Backflip","Footwork+1","PiercingWail+1","Wraith Form v2+1","Mayhem","Prepared+1","Backflip","Acrobatics+1","Caltrops","Cloak And Dagger+1"],"special_seed":0,"relics":["Ring of the Snake","Juzu Bracelet","Singing Bowl","FossilizedHelix","Happy Flower","Coffee Dripper","Ornamental Fan","Mercury Hourglass","Tingsha","Prayer Wheel","Molten Egg 2","Busted Crown","Pocketwatch","Tough Bandages","Old Coin","Snake Skull","Shuriken"],"potions_floor_usage":[50,55,56],"damage_taken":[{"damage":1.0,"enemies":"Small Slimes","floor":1.0,"turns":3.0},{"damage":0.0,"enemies":"2 Louse","floor":4.0,"turns":2.0},{"damage":0.0,"enemies":"Cultist","floor":5.0,"turns":4.0},{"damage":24.0,"enemies":"Gremlin Nob","floor":7.0,"turns":4.0},{"damage":11.0,"enemies":"Lagavulin","floor":10.0,"turns":7.0},{"damage":18.0,"enemies":"Gremlin Nob","floor":12.0,"turns":4.0},{"damage":0.0,"enemies":"Exordium Thugs","floor":14.0,"turns":3.0},{"damage":0.0,"enemies":"Slime Boss","floor":16.0,"turns":6.0},{"damage":0.0,"enemies":"Shell Parasite","floor":18.0,"turns":4.0},{"damage":11.0,"enemies":"Spheric Guardian","floor":20.0,"turns":4.0},{"damage":9.0,"enemies":"Cultist and Chosen","floor":22.0,"turns":5.0},{"damage":5.0,"enemies":"Book of Stabbing","floor":27.0,"turns":5.0},{"damage":0.0,"enemies":"Snake Plant","floor":28.0,"turns":5.0},{"damage":0.0,"enemies":"Colosseum Slavers","floor":29.0,"turns":4.0},{"damage":31.0,"enemies":"Colosseum Nobs","floor":29.0,"turns":4.0},{"damage":0.0,"enemies":"3 Cultists","floor":30.0,"turns":3.0},{"damage":0.0,"enemies":"Shelled Parasite and Fungi","floor":31.0,"turns":4.0},{"damage":26.0,"enemies":"Champ","floor":33.0,"turns":14.0},{"damage":0.0,"enemies":"Orb Walker","floor":35.0,"turns":3.0},{"damage":0.0,"enemies":"Mind Bloom Boss Battle","floor":36.0,"turns":5.0},{"damage":0.0,"enemies":"3 Shapes","floor":37.0,"turns":3.0},{"damage":9.0,"enemies":"3 Darklings","floor":39.0,"turns":5.0},{"damage":0,"enemies":"Reptomancer","floor":41,"turns":12},{"damage":0,"enemies":"Maw","floor":45,"turns":8},{"damage":3,"enemies":"Giant Head","floor":47,"turns":11},{"damage":0,"enemies":"Transient","floor":48,"turns":6},{"damage":7,"enemies":"Donu and Deca","floor":50,"turns":13},{"damage":0,"enemies":"Awakened One","floor":51,"turns":19},{"damage":26,"enemies":"Shield and Spear","floor":55,"turns":11},{"damage":49,"enemies":"The Heart","floor":56,"turns":11}],"seed_played":"134761171217078691","potions_obtained":[{"floor":4.0,"key":"GhostInAJar"},{"floor":12.0,"key":"Fire Potion"},{"floor":14.0,"key":"Strength Potion"},{"floor":22.0,"key":"Dexterity Potion"},{"floor":28.0,"key":"Fire Potion"},{"floor":29.0,"key":"Swift Potion"},{"floor":30.0,"key":"Regen Potion"},{"floor":36.0,"key":"EntropicBrew"},{"floor":39.0,"key":"PowerPotion"}],"is_trial":false,"path_per_floor":["M","?","$","M","M","R","E","R","T","E","R","E","R","M","R","B",null,"M","?","M","?","M","R","$","R","T","E","M","?","M","M","R","B",null,"M","?","M","$","M","R","E","R","T","$","M","R","E","M","R","B","B",null,"R","$","E","B",null],"character_chosen":"THE_SILENT","items_purchased":["Dagger Throw","Weak Potion","Footwork","Regen Potion","Ornamental Fan","Tough Bandages","Wraith Form v2","Mayhem","Prepared","Caltrops","Block Potion"],"campfire_rested":1,"item_purchase_floors":[3,3,24,24,24,38,44,44,44,54,54],"current_hp_per_floor":[58,58,58,58,58,58,34,34,34,25,25,9,30,32,32,32,62,62,62,51,45,36,36,36,36,36,46,48,19,19,33,33,7,59,61,63,67,67,58,58,60,60,60,60,62,62,59,63,63,56,56,83,83,83,57,8],"gold":33,"neow_bonus":"THREE_CARDS","is_prod":false,"is_daily":false,"chose_seed":false,"campfire_upgraded":11,"win_rate":0,"timestamp":1547524497,"path_taken":["M","?","$","M","M","R","E","R","T","E","R","E","R","M","R","BOSS","M","?","M","?","M","R","$","R","T","E","M","?","M","M","R","BOSS","M","?","M","$","M","R","E","R","T","$","M","R","E","M","R","BOSS","BOSS","R","$","E","BOSS"],"build_version":"2019-01-10","purchased_purges":1,"victory":true,"max_hp_per_floor":[66,66,66,66,66,66,66,66,66,68,68,70,70,72,72,72,72,72,72,72,72,72,72,72,72,72,72,74,76,76,76,76,76,76,78,80,84,84,84,84,86,86,86,86,88,88,88,92,92,92,92,92,92,92,92,92],"card_choices":[{"not_picked":["Dodge and Roll","Blade Dance"],"picked":"Well Laid Plans","floor":0.0},{"not_picked":["Choke","Dodge and Roll"],"picked":"PiercingWail","floor":1.0},{"not_picked":["Dodge and Roll","Prepared"],"picked":"Poisoned Stab","floor":4.0},{"not_picked":["Poisoned Stab","Calculated Gamble"],"picked":"Predator","floor":5.0},{"not_picked":["Expertise","Backflip"],"picked":"Dagger Spray","floor":7.0},{"not_picked":["Flechettes","Storm of Steel","Deflect"],"picked":"Singing Bowl","floor":10.0},{"not_picked":["Dagger Throw","Dagger Spray","Acrobatics"],"picked":"Singing Bowl","floor":12.0},{"not_picked":["All Out Attack","Deadly Poison","Choke"],"picked":"Singing Bowl","floor":14.0},{"not_picked":["A Thousand Cuts","Envenom"],"picked":"Adrenaline","floor":16.0},{"not_picked":["Outmaneuver","Deflect"],"picked":"Leg Sweep","floor":18.0},{"not_picked":["Flying Knee","Flechettes+1"],"picked":"Backflip","floor":20.0},{"not_picked":["Concentrate","Quick Slash"],"picked":"Dash","floor":22.0},{"not_picked":["Deflect","Riddle With Holes"],"picked":"Prepared+1","floor":27.0},{"not_picked":["Blade Dance","Endless Agony","Quick Slash"],"picked":"Singing Bowl","floor":28.0},{"not_picked":["Finisher","Poisoned Stab+1","Quick Slash"],"picked":"Singing Bowl","floor":29.0},{"not_picked":["A Thousand Cuts","Concentrate"],"picked":"Bouncing Flask+1","floor":30.0},{"not_picked":["Sucker Punch+1","Dagger Throw+1","Distraction"],"picked":"SKIP","floor":30.0},{"not_picked":["Blade Dance","Choke+1"],"picked":"Infinite Blades","floor":31.0},{"not_picked":["Eviscerate+1","Deadly Poison"],"picked":"Dash+1","floor":31.0},{"not_picked":["Corpse Explosion","Envenom"],"picked":"Wraith Form v2","floor":33.0},{"not_picked":[],"picked":"Backflip","floor":35.0},{"not_picked":["Deadly Poison"],"picked":"Singing Bowl","floor":35.0},{"not_picked":["Poisoned Stab+1"],"picked":"Singing Bowl","floor":36.0},{"not_picked":["Slice+1"],"picked":"Singing Bowl","floor":37.0},{"not_picked":["Backstab+1"],"picked":"Singing Bowl","floor":37.0},{"not_picked":[],"picked":"Footwork","floor":39.0},{"not_picked":[],"picked":"PiercingWail+1","floor":39.0},{"not_picked":["Cloak And Dagger"],"picked":"Singing Bowl","floor":41},{"not_picked":[],"picked":"Backflip","floor":45},{"not_picked":["Masterful Stab+1"],"picked":"Singing Bowl","floor":45},{"not_picked":[],"picked":"Acrobatics+1","floor":47},{"not_picked":["Cloak And Dagger"],"picked":"Singing Bowl","floor":48},{"not_picked":["Dagger Spray+1"],"picked":"Singing Bowl","floor":48},{"not_picked":[],"picked":"Cloak And Dagger+1","floor":55}],"player_experience":412928,"relics_obtained":[{"floor":7.0,"key":"Juzu Bracelet"},{"floor":9.0,"key":"Singing Bowl"},{"floor":10.0,"key":"FossilizedHelix"},{"floor":12.0,"key":"Happy Flower"},{"floor":26.0,"key":"Mercury Hourglass"},{"floor":27.0,"key":"Tingsha"},{"floor":29.0,"key":"Prayer Wheel"},{"floor":29.0,"key":"Molten Egg 2"},{"floor":36.0,"key":"Pocketwatch"},{"floor":41,"key":"Old Coin"},{"floor":47,"key":"Snake Skull"},{"floor":55,"key":"Shuriken"}],"event_choices":[{"damage_healed":0.0,"max_hp_gain":0.0,"max_hp_loss":0.0,"gold_gain":150.0,"event_name":"Liars Game","player_choice":"AGREE","floor":2.0,"gold_loss":0.0,"damage_taken":0.0,"cards_obtained":["Doubt"]},{"damage_healed":0.0,"max_hp_gain":0.0,"max_hp_loss":0.0,"gold_gain":0.0,"event_name":"Vampires","player_choice":"Ignored","floor":19.0,"gold_loss":0.0,"damage_taken":0.0},{"damage_healed":0.0,"max_hp_gain":0.0,"max_hp_loss":0.0,"gold_gain":0.0,"event_name":"Nest","player_choice":"Joined the Cult","floor":21.0,"gold_loss":0.0,"damage_taken":6.0,"cards_obtained":["RitualDagger"]},{"damage_healed":0.0,"max_hp_gain":0.0,"max_hp_loss":0.0,"gold_gain":0.0,"event_name":"Colosseum","player_choice":"Fight","floor":29.0,"gold_loss":0.0,"damage_taken":0.0},{"damage_healed":0.0,"max_hp_gain":0.0,"max_hp_loss":0.0,"gold_gain":0.0,"event_name":"Colosseum","player_choice":"Fought Nobs","floor":29.0,"gold_loss":0.0,"damage_taken":0.0},{"damage_healed":0.0,"max_hp_gain":0.0,"max_hp_loss":0.0,"gold_gain":0.0,"event_name":"MindBloom","player_choice":"Fight","floor":36.0,"gold_loss":0.0,"damage_taken":0.0}],"is_beta":false,"boss_relics":[{"not_picked":["Ring of the Serpent","White Beast Statue"],"picked":"Coffee Dripper"},{"not_picked":["Black Star","Calling Bell"],"picked":"Busted Crown"}],"items_purged_floors":[3],"is_endless":false,"potions_floor_spawned":[4,12,14,22,28,29,30,36,39,41,47],"ascension_level":20}