{"gold_per_floor":[115,115,115,127,127,127,162,162,232,249,282,298,298,298,298,370,370,390,408,66,86,86,86],"floor_reached":23,"playtime":3076,"items_purged":["Strike_B"],"score":358,"play_id":"cc0cc3c7-b928-4c7d-8464-1620a53f15e4","local_time":"20190105145423","is_ascension_mode":true,"campfire_choices":[{"floor":6,"key":"REST"},{"floor":8,"key":"REST"},{"floor":13,"key":"REST"},{"data":"Ball Lightning","floor":15,"key":"SMITH"}],"neow_cost":"NONE","seed_source_timestamp":18798025395800,"circlet_count":0,"master_deck":["AscendersBane","Strike_B+1","Strike_B","Defend_B","Defend_B","Defend_B","Defend_B","Zap+1","Dualcast","Barrage+1","White Noise+1","Conserve Battery","Amplify","Ball Lightning+1","Cold Snap","Biased Cognition","Glacier","Defragment","Loop","Decay"],"relics":["Cracked Core","Calipers","Sundial","Happy Flower","GremlinMask","Snecko Eye","Mummified Hand"],"potions_floor_usage":[7,19,21],"damage_taken":[{"damage":3,"enemies":"Jaw Worm","floor":1,"turns":4},{"damage":0,"enemies":"2 Louse","floor":4,"turns":2},{"damage":42,"enemies":"Gremlin Nob","floor":7,"turns":4},{"damage":0,"enemies":"Cultist","floor":10,"turns":3},{"damage":18,"enemies":"3 Sentries","floor":11,"turns":6},{"damage":7,"enemies":"3 Louse","floor":12,"turns":4},{"damage":28,"enemies":"Hexaghost","floor":16,"turns":10},{"damage":10,"enemies":"Chosen","floor":18,"turns":4},{"damage":9,"enemies":"Shell Parasite","floor":19,"turns":3},{"damage":10,"enemies":"Centurion and Healer","floor":21,"turns":7},{"damage":31,"enemies":"Slavers","floor":23,"turns":2}],"seed_played":"-715756924689213697","potions_obtained":[{"floor":4,"key":"Strength Potion"},{"floor":10,"key":"GamblersBrew"},{"floor":12,"key":"Swift Potion"}],"is_trial":false,"path_per_floor":["M","?","?","M","?","R","E","R","T","M","E","M","R","?","R","B",null,"M","M","$","M","?","E"],"character_chosen":"DEFECT","items_purchased":["Mummified Hand"],"campfire_rested":3,"item_purchase_floors":[20],"current_hp_per_floor":[61,40,33,33,33,54,12,33,33,33,15,8,29,29,29,1,54,44,35,35,25,25,0],"gold":86,"neow_bonus":"UPGRADE_CARD","is_prod":false,"is_daily":false,"chose_seed":false,"campfire_upgraded":1,"win_rate":0,"timestamp":1546728863,"path_taken":["M","?","?","M","?","R","E","R","T","?","E","M","R","?","R","BOSS","M","M","$","M","?","E"],"build_version":"2019-01-03v4","purchased_purges":1,"victory":false,"max_hp_per_floor":[71,71,71,71,71,71,71,71,71,71,71,71,71,71,71,71,71,71,71,71,71,71,71],"card_choices":[{"not_picked":["Reprogram","Rebound"],"picked":"Barrage","floor":1},{"not_picked":["Cold Snap","Gash"],"picked":"White Noise","floor":4},{"not_picked":["Recycle","Melter"],"picked":"Conserve Battery","floor":7},{"not_picked":["Turbo","Stack"],"picked":"Amplify","floor":10},{"not_picked":["Darkness","Static Discharge"],"picked":"Ball Lightning","floor":11},{"not_picked":["Go for the Eyes","Redo"],"picked":"Cold Snap","floor":12},{"not_picked":["Thunder Strike","Core Surge"],"picked":"Biased Cognition","floor":16},{"not_picked":["Melter","Doom and Gloom"],"picked":"Glacier","floor":18},{"not_picked":["Cold Snap","Leap"],"picked":"Defragment","floor":19},{"not_picked":["Reprogram","Doom and Gloom+1"],"picked":"Loop","floor":21}],"player_experience":1045019,"relics_obtained":[{"floor":7,"key":"Calipers"},{"floor":9,"key":"Sundial"},{"floor":11,"key":"Happy Flower"}],"event_choices":[{"damage_healed":0,"gold_gain":0,"player_choice":"Entered Light","damage_taken":21,"max_hp_gain":0,"max_hp_loss":0,"event_name":"Shining Light","floor":2,"gold_loss":0,"cards_upgraded":["Barrage","Strike_B"]},{"cards_removed":["Strike_B"],"damage_healed":0,"gold_gain":0,"player_choice":"Card Removal","damage_taken":7,"max_hp_gain":0,"max_hp_loss":0,"event_name":"Golden Wing","floor":3,"gold_loss":0},{"damage_healed":0,"gold_gain":0,"player_choice":"Upgraded","damage_taken":0,"max_hp_gain":0,"max_hp_loss":0,"event_name":"Upgrade Shrine","floor":5,"gold_loss":0,"cards_upgraded":["White Noise"]},{"damage_healed":0,"gold_gain":0,"player_choice":"Trade","damage_taken":0,"relics_obtained":["GremlinMask"],"max_hp_gain":0,"max_hp_loss":0,"event_name":"FaceTrader","floor":14,"gold_loss":0},{"damage_healed":0,"gold_gain":0,"player_choice":"Smashed Altar","damage_taken":0,"max_hp_gain":0,"max_hp_loss":0,"event_name":"Forgotten Altar","floor":22,"gold_loss":0,"cards_obtained":["Decay"]}],"is_beta":false,"boss_relics":[{"not_picked":["Busted Crown","Philosopher\u0027s Stone"],"picked":"Snecko Eye"}],"items_purged_floors":[20],"is_endless":false,"potions_floor_spawned":[4,10,12],"killed_by":"Slavers","ascension_level":16}