{"gold_per_floor":[110,110,110,127,137,137,107,107,158,4731,4748,4764,4780,4790,4790,4890,4890,4878,4889,3510,3520,3538,3538,3558,3558],"floor_reached":25,"playtime":1799,"items_purged":["Strike_G","Strike_G"],"score":249,"play_id":"deb9717e-5f8f-469f-ac8c-dcedb5144860","local_time":"20190210053833","is_ascension_mode":false,"campfire_choices":[{"floor":6,"key":"RECALL"},{"data":"Neutralize","floor":8,"key":"SMITH"},{"data":"Cloak And Dagger","floor":15,"key":"SMITH"},{"data":"Envenom","floor":23,"key":"SMITH"}],"neow_cost":"NONE","seed_source_timestamp":106766125988300,"circlet_count":0,"master_deck":["Defend_G","Defend_G","Defend_G","Defend_G","Defend_G","Strike_G","Strike_G","Survivor","Neutralize+1","Sucker Punch","Malaise","Blur","Dodge and Roll","Cloak And Dagger+1","Footwork","Sucker Punch","Skewer","Forethought","Secret Technique","Bouncing Flask","Terror","Streamline","Well Laid Plans","Backstab","Intimidate","Envenom+1","Prepared+1","Go for the Eyes+1","Violence","Jack Of All Trades","Accuracy","Deadly Poison","Dodge and Roll","Sucker Punch","Underhanded Strike","Tactician","Pummel","Twin Strike"],"relics":["Ring of the Snake","Vajra","PrismaticShard","Potion Belt","Philosopher\u0027s Stone","Mummified Hand","Pear","Lee\u0027s Waffle"],"potions_floor_usage":[14,19,24,24,24,25],"damage_taken":[{"damage":0,"enemies":"2 Louse","floor":1,"turns":3},{"damage":1,"enemies":"Cultist","floor":4,"turns":5},{"damage":0,"enemies":"Small Slimes","floor":5,"turns":5},{"damage":2,"enemies":"Looter","floor":7,"turns":4},{"damage":0,"enemies":"Large Slime","floor":11,"turns":10},{"damage":0,"enemies":"Blue Slaver","floor":12,"turns":4},{"damage":9,"enemies":"Looter","floor":13,"turns":3},{"damage":0,"enemies":"Lots of Slimes","floor":14,"turns":3},{"damage":19,"enemies":"Hexaghost","floor":16,"turns":10},{"damage":19,"enemies":"2 Thieves","floor":18,"turns":4},{"damage":0,"enemies":"3 Byrds","floor":19,"turns":6},{"damage":7,"enemies":"Snecko","floor":21,"turns":4},{"damage":8,"enemies":"Snake Plant","floor":22,"turns":5},{"damage":28,"enemies":"Chosen and Byrds","floor":24,"turns":10},{"damage":59,"enemies":"Gremlin Leader","floor":25,"turns":7}],"seed_played":"8730659695116033573","potions_obtained":[{"floor":3,"key":"EssenceOfSteel"},{"floor":3,"key":"Weak Potion"},{"floor":3,"key":"SneckoOil"},{"floor":4,"key":"LiquidBronze"},{"floor":5,"key":"Explosive Potion"},{"floor":19,"key":"SkillPotion"},{"floor":24,"key":"SpeedPotion"}],"is_trial":false,"path_per_floor":["M","?","?","M","M","R","M","R","T","$","M","M","M","M","R","B",null,"M","M","$","M","M","R","M","E"],"character_chosen":"THE_SILENT","items_purchased":["Footwork","Sucker Punch","Skewer","Forethought","Secret Technique","Bouncing Flask","Terror","Vajra","PrismaticShard","Potion Belt","Regen Potion","Ancient Potion","Mummified Hand","Pear","Lee\u0027s Waffle","Violence","Jack Of All Trades","Accuracy","Deadly Poison","Dodge and Roll","Sucker Punch","Underhanded Strike","Block Potion"],"campfire_rested":0,"item_purchase_floors":[10,10,10,10,10,10,10,10,10,10,10,10,20,20,20,20,20,20,20,20,20,20,20],"current_hp_per_floor":[77,77,77,76,76,76,74,74,74,74,74,74,65,65,65,46,77,58,58,94,87,79,79,56,0],"gold":3558,"neow_bonus":"TEN_PERCENT_HP_BONUS","is_prod":false,"is_daily":false,"chose_seed":false,"campfire_upgraded":3,"win_rate":0,"timestamp":1549748313,"path_taken":["M","?","?","M","M","R","?","R","T","$","M","M","M","M","R","BOSS","M","M","$","M","M","R","M","E"],"build_version":"2019-01-23","purchased_purges":2,"victory":false,"max_hp_per_floor":[77,77,77,77,77,77,77,77,77,77,77,77,77,77,77,77,77,77,77,94,94,94,94,94,94],"card_choices":[{"not_picked":["Acrobatics","Expertise"],"picked":"Sucker Punch","floor":1},{"not_picked":["Terror","Deflect"],"picked":"Blur","floor":4},{"not_picked":["Outmaneuver","PiercingWail"],"picked":"Dodge and Roll","floor":5},{"not_picked":["Acrobatics","Dagger Throw"],"picked":"Cloak And Dagger","floor":7},{"not_picked":["Phantasmal Killer","Static Discharge"],"picked":"Streamline","floor":11},{"not_picked":["Blizzard","Leap"],"picked":"Well Laid Plans","floor":12},{"not_picked":["PiercingWail","Headbutt"],"picked":"Backstab","floor":13},{"not_picked":["Barrage","Storm"],"picked":"Intimidate","floor":14},{"not_picked":["Thunder Strike","Amplify"],"picked":"Envenom","floor":16},{"not_picked":["Hologram","Heavy Blade+1"],"picked":"Prepared+1","floor":18},{"not_picked":["Anger+1","Hello World+1"],"picked":"Go for the Eyes+1","floor":19},{"not_picked":["Shrug It Off","Meteor Strike"],"picked":"Tactician","floor":21},{"not_picked":["Ball Lightning","Turbo"],"picked":"Pummel","floor":22},{"not_picked":["Steam","Iron Wave"],"picked":"Twin Strike","floor":24}],"player_experience":38391,"relics_obtained":[],"event_choices":[{"damage_healed":0,"gold_gain":0,"cards_transformed":["Strike_G"],"player_choice":"Change","damage_taken":0,"max_hp_gain":0,"max_hp_loss":0,"event_name":"Living Wall","floor":2,"gold_loss":0,"cards_obtained":["Malaise"]},{"damage_healed":0,"gold_gain":0,"player_choice":"Got Potions","damage_taken":0,"max_hp_gain":0,"max_hp_loss":0,"event_name":"Lab","floor":3,"gold_loss":0}],"is_beta":false,"boss_relics":[{"not_picked":["Snecko Eye","Coffee Dripper"],"picked":"Philosopher\u0027s Stone"}],"items_purged_floors":[10,20],"is_endless":false,"potions_floor_spawned":[4,5,11,12,13,19,21,24],"killed_by":"Gremlin Leader","ascension_level":0}