{"gold_per_floor":[110,110,158,333,112,146,161,172,195,239,265,277,303,335,347,462,474,474,474,474,145,145,145,145,0,0,0,0,0,0,0,0,0,0,0,0,0,0,0,0,0,0],"floor_reached":42,"playtime":1853,"items_purged":["Doubt","Strike_B"],"score":456,"play_id":"e5d9a828-4acc-437f-83a9-636a471963b4","local_time":"20190123234715","is_ascension_mode":false,"campfire_choices":[{"floor":15,"key":"REST"},{"floor":23,"key":"REST"},{"floor":29,"key":"REST"},{"floor":32,"key":"REST"},{"data":"Pain","floor":40,"key":"PURGE"}],"neow_cost":"NONE","seed_source_timestamp":268830326717801,"circlet_count":0,"master_deck":["Strike_B+1","Defend_B","Defend_B","Defend_B","Defend_B","Zap","Dualcast+1","Gash","Static Discharge","Auto Shields","Go for the Eyes","Streamline","Leap","Sunder","Gash","Sweeping Beam","Go for the Eyes","Multi-Cast","Gash","Beam Cell","Beam Cell","Panache","FTL","Loop","Lockon","Meteor Strike","Shame","Shame","Writhe","FTL+1","Enlightenment","Ball Lightning"],"relics":["Cracked Core","NeowsBlessing","Regal Pillow","Bronze Scales","MawBank","Centennial Puzzle","WarpedTongs","Ectoplasm","Shovel","Juzu Bracelet","Calling Bell","Tiny Chest","Question Card","Peace Pipe","Red Mask"],"potions_floor_usage":[33],"damage_taken":[{"damage":0,"enemies":"Small Slimes","floor":1,"turns":1},{"damage":0,"enemies":"Lagavulin","floor":6,"turns":1},{"damage":0,"enemies":"Jaw Worm","floor":7,"turns":1},{"damage":0,"enemies":"2 Louse","floor":8,"turns":1},{"damage":16,"enemies":"Gremlin Nob","floor":10,"turns":4},{"damage":2,"enemies":"Exordium Wildlife","floor":11,"turns":2},{"damage":11,"enemies":"Blue Slaver","floor":13,"turns":2},{"damage":17,"enemies":"Gremlin Gang","floor":14,"turns":2},{"damage":19,"enemies":"Slime Boss","floor":16,"turns":7},{"damage":17,"enemies":"Shell Parasite","floor":18,"turns":4},{"damage":5,"enemies":"Chosen","floor":19,"turns":4},{"damage":11,"enemies":"Snake Plant","floor":20,"turns":3},{"damage":29,"enemies":"Colosseum Slavers","floor":22,"turns":4},{"damage":25,"enemies":"Shelled Parasite and Fungi","floor":24,"turns":4},{"damage":19,"enemies":"Cultist and Chosen","floor":31,"turns":5},{"damage":38,"enemies":"Champ","floor":33,"turns":9},{"damage":1,"enemies":"Orb Walker","floor":35,"turns":3},{"damage":56,"enemies":"3 Darklings","floor":39,"turns":5},{"damage":23,"enemies":"Mind Bloom Boss Battle","floor":42,"turns":5}],"seed_played":"6747916196603343208","potions_obtained":[{"floor":1,"key":"FearPotion"},{"floor":7,"key":"FearPotion"},{"floor":14,"key":"Block Potion"},{"floor":18,"key":"EssenceOfSteel"},{"floor":35,"key":"Block Potion"}],"is_trial":false,"path_per_floor":["M","?","T","?","$","E","M","M","T","E","M","?","M","M","R","B",null,"M","M","M","$","?","R","M","?","T","?","?","R","?","M","R","B",null,"M","$","?","?","M","R","?","?"],"character_chosen":"DEFECT","items_purchased":["Static Discharge","Auto Shields","Panache","Go for the Eyes"],"campfire_rested":4,"item_purchase_floors":[5,5,21,21],"current_hp_per_floor":[75,60,60,60,60,60,60,60,60,44,42,42,31,14,51,32,75,58,53,42,42,13,50,25,25,25,25,25,62,62,43,75,37,75,74,74,74,74,18,18,18,0],"gold":0,"neow_bonus":"THREE_ENEMY_KILL","is_prod":false,"is_daily":false,"chose_seed":false,"campfire_upgraded":0,"win_rate":0,"timestamp":1548258435,"path_taken":["M","?","?","?","$","E","M","?","T","E","M","?","M","M","R","BOSS","M","?","M","$","?","R","M","?","T","?","?","R","?","M","R","BOSS","M","$","?","?","M","R","?","?"],"build_version":"2019-01-17v2","purchased_purges":2,"victory":false,"max_hp_per_floor":[75,75,75,75,75,75,75,75,75,75,75,75,75,75,75,75,75,75,75,75,75,75,75,75,75,75,75,75,75,75,75,75,75,75,75,75,75,75,75,75,75,75],"card_choices":[{"not_picked":["Undo","Chaos"],"picked":"Gash","floor":1},{"not_picked":["Self Repair","Defragment"],"picked":"Go for the Eyes","floor":6},{"not_picked":["Compile Driver","Stack"],"picked":"Streamline","floor":7},{"not_picked":["Chaos","Compile Driver"],"picked":"Leap","floor":8},{"not_picked":["Tempest","Defragment"],"picked":"Sunder","floor":10},{"not_picked":["Core Surge","Compile Driver"],"picked":"Gash","floor":11},{"not_picked":["Consume","Double Energy"],"picked":"Sweeping Beam","floor":13},{"not_picked":["Double Energy","Reinforced Body"],"picked":"Go for the Eyes","floor":14},{"not_picked":["Core Surge","Buffer"],"picked":"Multi-Cast","floor":16},{"not_picked":["Self Repair","Skim"],"picked":"Gash","floor":18},{"not_picked":["Coolheaded+1","BootSequence"],"picked":"Beam Cell","floor":19},{"not_picked":["Chill","Storm"],"picked":"Beam Cell","floor":20},{"not_picked":["Skim+1","Compile Driver+1"],"picked":"FTL","floor":24},{"not_picked":["Storm","Cold Snap","Reprogram"],"picked":"SKIP","floor":31},{"not_picked":["Multi-Cast","Buffer"],"picked":"Meteor Strike","floor":33},{"not_picked":["Gash+1","Go for the Eyes+1","Leap"],"picked":"FTL+1","floor":35},{"not_picked":["Metamorphosis","Blind","Deep Breath"],"picked":"Enlightenment","floor":37},{"not_picked":["Hello World+1","Hologram","Chill+1"],"picked":"Ball Lightning","floor":39}],"player_experience":130883,"relics_obtained":[{"floor":3,"key":"Regal Pillow"},{"floor":6,"key":"Bronze Scales"},{"floor":9,"key":"MawBank"},{"floor":10,"key":"Centennial Puzzle"},{"floor":26,"key":"Shovel"},{"floor":34,"key":"Tiny Chest"},{"floor":34,"key":"Question Card"},{"floor":34,"key":"Peace Pipe"}],"event_choices":[{"damage_healed":0,"gold_gain":0,"player_choice":"Entered Light","damage_taken":15,"max_hp_gain":0,"max_hp_loss":0,"event_name":"Shining Light","floor":2,"gold_loss":0,"cards_upgraded":["Dualcast","Strike_B"]},{"damage_healed":0,"gold_gain":175,"player_choice":"AGREE","damage_taken":0,"max_hp_gain":0,"max_hp_loss":0,"event_name":"Liars Game","floor":4,"gold_loss":0,"cards_obtained":["Doubt"]},{"damage_healed":0,"gold_gain":0,"player_choice":"Rummage","damage_taken":0,"relics_obtained":["WarpedTongs"],"max_hp_gain":0,"max_hp_loss":0,"event_name":"Accursed Blacksmith","floor":12,"gold_loss":0,"cards_obtained":["Pain"]},{"damage_healed":0,"gold_gain":0,"player_choice":"Fight","damage_taken":0,"max_hp_gain":0,"max_hp_loss":0,"event_name":"Colosseum","floor":22,"gold_loss":0},{"damage_healed":0,"gold_gain":0,"player_choice":"Fled From Nobs","damage_taken":0,"max_hp_gain":0,"max_hp_loss":0,"event_name":"Colosseum","floor":22,"gold_loss":0},{"damage_healed":0,"gold_gain":0,"player_choice":"Paid Fearfully","damage_taken":0,"max_hp_gain":0,"max_hp_loss":0,"event_name":"Masked Bandits","floor":25,"gold_loss":145},{"cards_removed":["Go for the Eyes"],"damage_healed":0,"gold_gain":0,"player_choice":"Gave Card","damage_taken":0,"relics_obtained":["Juzu Bracelet"],"max_hp_gain":0,"max_hp_loss":0,"event_name":"WeMeetAgain","floor":27,"gold_loss":0},{"damage_healed":0,"gold_gain":0,"cards_transformed":["Strike_B","Strike_B"],"player_choice":"Became Test Subject","damage_taken":0,"max_hp_gain":0,"max_hp_loss":0,"event_name":"Drug Dealer","floor":28,"gold_loss":0,"cards_obtained":["Loop","Lockon"]},{"damage_healed":0,"gold_gain":0,"player_choice":"Ignored","damage_taken":0,"max_hp_gain":0,"max_hp_loss":0,"event_name":"Vampires","floor":30,"gold_loss":0},{"damage_healed":0,"gold_gain":0,"player_choice":"Memory 1","damage_taken":0,"max_hp_gain":0,"max_hp_loss":0,"event_name":"SensoryStone","floor":37,"gold_loss":0},{"damage_healed":0,"gold_gain":0,"player_choice":"Paid","damage_taken":0,"relics_obtained":["Red Mask"],"max_hp_gain":0,"max_hp_loss":0,"event_name":"Tomb of Lord Red Mask","floor":38,"gold_loss":0},{"damage_healed":0,"gold_gain":0,"player_choice":"Got Potions","damage_taken":0,"max_hp_gain":0,"max_hp_loss":0,"event_name":"Lab","floor":41,"gold_loss":0},{"damage_healed":0,"gold_gain":0,"player_choice":"Fight","damage_taken":0,"max_hp_gain":0,"max_hp_loss":0,"event_name":"MindBloom","floor":42,"gold_loss":0}],"is_beta":false,"boss_relics":[{"not_picked":["Coffee Dripper","Empty Cage"],"picked":"Ectoplasm"},{"not_picked":["Astrolabe","Inserter"],"picked":"Calling Bell"}],"items_purged_floors":[5,21],"is_endless":false,"potions_floor_spawned":[1,7,14,18,19,31,35],"killed_by":"Mind Bloom Boss Battle","ascension_level":0}