{"gold_per_floor":[215,225,242,253,253,253,279,279,279,299,299,334,345,373,373,478,478,478,403,403,109,109,109,109,109,109,109,109,109,109,109,109,109,109,109,109,109,109,109,109,109,109,109,109,59,59,59,59,59,59,59,59,9,9],"floor_reached":54,"playtime":4806,"items_purged":["Strike_B","Strike_B","Strike_B","Defend_B"],"score":1277,"play_id":"e7afb5a9-e961-45b7-a144-a645ed7fd574","local_time":"20190120215312","is_ascension_mode":true,"campfire_choices":[{"data":"Zap","floor":6.0,"key":"SMITH"},{"floor":11.0,"key":"REST"},{"floor":15.0,"key":"REST"},{"data":"Biased Cognition","floor":23.0,"key":"SMITH"},{"floor":27.0,"key":"REST"},{"data":"Skim","floor":32.0,"key":"SMITH"},{"floor":40.0,"key":"REST"},{"data":"Heatsinks","floor":42.0,"key":"SMITH"},{"data":"Buffer","floor":46.0,"key":"SMITH"},{"floor":49.0,"key":"RECALL"},{"data":"Multi-Cast","floor":52,"key":"SMITH"}],"neow_cost":"NONE","seed_source_timestamp":904075349493278,"circlet_count":0,"master_deck":["Defend_B","Defend_B","Defend_B","Zap+1","Dualcast","Sweeping Beam","Leap","Chill","Doom and Gloom+1","Loop","Ball Lightning+1","Leap","Multi-Cast+1","Biased Cognition+1","Defragment","Reinforced Body","Compile Driver+1","Skim+1","Electrodynamics","Reinforced Body","Buffer+1","Coolheaded+1","Hologram","Coolheaded+1","Heatsinks+1","Recycle+1"],"special_seed":0,"relics":["Cracked Core","Molten Egg 2","Gremlin Horn","DataDisk","Turnip","Ectoplasm","ClockworkSouvenir","Ancient Tea Set","Smiling Mask","Blue Candle","Inserter","Dead Branch","FossilizedHelix"],"potions_floor_usage":[],"damage_taken":[{"damage":2.0,"enemies":"2 Louse","floor":1.0,"turns":2.0},{"damage":1.0,"enemies":"Cultist","floor":2.0,"turns":3.0},{"damage":0.0,"enemies":"Jaw Worm","floor":3.0,"turns":4.0},{"damage":4.0,"enemies":"2 Fungi Beasts","floor":4.0,"turns":3.0},{"damage":15.0,"enemies":"Gremlin Nob","floor":7.0,"turns":4.0},{"damage":14.0,"enemies":"Large Slime","floor":10.0,"turns":6.0},{"damage":12.0,"enemies":"Lagavulin","floor":12.0,"turns":5.0},{"damage":1.0,"enemies":"Exordium Wildlife","floor":13.0,"turns":3.0},{"damage":16.0,"enemies":"3 Sentries","floor":14.0,"turns":4.0},{"damage":14.0,"enemies":"The Guardian","floor":16.0,"turns":9.0},{"damage":14.0,"enemies":"Shell Parasite","floor":18.0,"turns":6.0},{"damage":9.0,"enemies":"Chosen","floor":20.0,"turns":4.0},{"damage":9.0,"enemies":"Centurion and Healer","floor":22.0,"turns":5.0},{"damage":1.0,"enemies":"Gremlin Leader","floor":24.0,"turns":6.0},{"damage":1.0,"enemies":"Cultist and Chosen","floor":25.0,"turns":4.0},{"damage":0.0,"enemies":"Book of Stabbing","floor":28.0,"turns":5.0},{"damage":0.0,"enemies":"Chosen and Byrds","floor":29.0,"turns":5.0},{"damage":0.0,"enemies":"3 Cultists","floor":30.0,"turns":4.0},{"damage":0.0,"enemies":"Snake Plant","floor":31.0,"turns":4.0},{"damage":0.0,"enemies":"Champ","floor":33.0,"turns":13.0},{"damage":8.0,"enemies":"3 Shapes","floor":35.0,"turns":5.0},{"damage":0.0,"enemies":"Orb Walker","floor":37.0,"turns":5.0},{"damage":11.0,"enemies":"Sphere and 2 Shapes","floor":38.0,"turns":4.0},{"damage":13.0,"enemies":"3 Darklings","floor":39.0,"turns":2.0},{"damage":0.0,"enemies":"Reptomancer","floor":41.0,"turns":7.0},{"damage":0.0,"enemies":"Mind Bloom Boss Battle","floor":44.0,"turns":3.0},{"damage":0.0,"enemies":"4 Shapes","floor":48.0,"turns":4.0},{"damage":0,"enemies":"Donu and Deca","floor":50,"turns":10},{"damage":79,"enemies":"Shield and Spear","floor":54,"turns":6}],"seed_played":"4495392970717354907","potions_obtained":[{"floor":2.0,"key":"Energy Potion"},{"floor":3.0,"key":"SteroidPotion"},{"floor":8.0,"key":"Dexterity Potion"},{"floor":8.0,"key":"Swift Potion"},{"floor":13.0,"key":"Weak Potion"},{"floor":18.0,"key":"SkillPotion"},{"floor":28.0,"key":"SneckoOil"},{"floor":29.0,"key":"PowerPotion"},{"floor":37.0,"key":"Energy Potion"},{"floor":39.0,"key":"Energy Potion"},{"floor":44.0,"key":"Explosive Potion"},{"floor":48.0,"key":"Energy Potion"}],"is_trial":false,"path_per_floor":["M","M","M","M","?","R","E","?","T","M","R","E","M","E","R","B",null,"M","$","M","$","M","R","E","M","T","R","E","M","M","M","R","B",null,"M","?","M","M","M","R","E","R","T","?","$","R","?","M","R","B",null,"R","$","E"],"character_chosen":"DEFECT","items_purchased":["ClockworkSouvenir"],"campfire_rested":4,"item_purchase_floors":[21],"current_hp_per_floor":[66,65,65,61,54,54,39,39,39,25,47,35,34,18,40,26,63,49,49,40,40,31,31,30,29,29,51,51,51,51,51,51,51,69,61,61,61,50,37,59,59,59,59,59,59,59,59,59,59,59,71,71,71,0],"gold":9,"neow_bonus":"HUNDRED_GOLD","is_prod":false,"is_daily":false,"chose_seed":false,"campfire_upgraded":6,"win_rate":0,"timestamp":1548049992,"path_taken":["M","M","M","M","?","R","E","?","T","M","R","E","?","E","R","BOSS","M","$","M","$","M","R","E","M","T","R","E","M","M","M","R","BOSS","M","?","M","M","M","R","E","R","T","?","$","R","?","?","R","BOSS","R","$","E"],"build_version":"2019-01-17v2","purchased_purges":4,"victory":false,"max_hp_per_floor":[75,75,75,75,75,75,75,75,75,75,75,75,75,75,75,75,75,75,75,75,75,75,75,75,75,75,75,75,75,75,75,75,75,75,75,75,75,75,75,75,75,75,75,75,75,75,75,75,75,75,75,75,75,75],"card_choices":[{"not_picked":["Redo","Reprogram"],"picked":"Sweeping Beam","floor":1.0},{"not_picked":["Stack","Reprogram","Force Field"],"picked":"SKIP","floor":2.0},{"not_picked":["Hologram","Rebound"],"picked":"Leap","floor":3.0},{"not_picked":["Compile Driver","Hologram"],"picked":"Chill","floor":4.0},{"not_picked":["Sweeping Beam","Beam Cell"],"picked":"Doom and Gloom","floor":7.0},{"not_picked":["Stack","Heatsinks"],"picked":"Loop","floor":10.0},{"not_picked":["Redo","Machine Learning"],"picked":"Ball Lightning+1","floor":12.0},{"not_picked":["Lockon+1","Stack"],"picked":"Leap","floor":13.0},{"not_picked":["Sweeping Beam+1","Static Discharge"],"picked":"Multi-Cast","floor":14.0},{"not_picked":["Amplify","Machine Learning"],"picked":"Biased Cognition","floor":16.0},{"not_picked":["Streamline+1","Stack+1"],"picked":"Defragment","floor":18.0},{"not_picked":["Heatsinks","Redo"],"picked":"Reinforced Body","floor":20.0},{"not_picked":["Streamline+1","Compile Driver+1"],"picked":"Cold Snap+1","floor":22.0},{"not_picked":["Skim","Genetic Algorithm"],"picked":"Compile Driver+1","floor":24.0},{"not_picked":["Beam Cell+1","Conserve Battery","Auto Shields"],"picked":"SKIP","floor":25.0},{"not_picked":["Genetic Algorithm","Gash+1"],"picked":"Skim","floor":28.0},{"not_picked":["Ball Lightning+1","Chill","Stack"],"picked":"SKIP","floor":29.0},{"not_picked":["Rebound+1","Compile Driver+1"],"picked":"Electrodynamics","floor":30.0},{"not_picked":["Tempest","Leap"],"picked":"Reinforced Body","floor":31.0},{"not_picked":["Creative AI","Machine Learning"],"picked":"Buffer","floor":33.0},{"not_picked":["Gash+1","Beam Cell+1","Lockon+1"],"picked":"SKIP","floor":35.0},{"not_picked":["Leap+1","Redo+1"],"picked":"Coolheaded+1","floor":37.0},{"not_picked":["Streamline+1","Conserve Battery+1"],"picked":"Hologram","floor":38.0},{"not_picked":["Hello World","White Noise"],"picked":"Coolheaded+1","floor":39.0},{"not_picked":["Cold Snap+1","Go for the Eyes+1"],"picked":"Heatsinks","floor":41.0},{"not_picked":["Creative AI","Conserve Battery+1"],"picked":"Recycle+1","floor":44.0},{"not_picked":["Cold Snap+1","Redo+1","Sweeping Beam+1"],"picked":"SKIP","floor":48.0}],"player_experience":435739,"relics_obtained":[{"floor":7.0,"key":"Molten Egg 2"},{"floor":9.0,"key":"Gremlin Horn"},{"floor":12.0,"key":"DataDisk"},{"floor":14.0,"key":"Turnip"},{"floor":24.0,"key":"Ancient Tea Set"},{"floor":26.0,"key":"Smiling Mask"},{"floor":28.0,"key":"Blue Candle"},{"floor":41.0,"key":"Dead Branch"},{"floor":44.0,"key":"FossilizedHelix"}],"event_choices":[{"cards_removed":["Strike_B"],"damage_healed":0.0,"max_hp_gain":0.0,"max_hp_loss":0.0,"gold_gain":0.0,"event_name":"Golden Wing","player_choice":"Card Removal","floor":5.0,"gold_loss":0.0,"damage_taken":7.0},{"damage_healed":0.0,"max_hp_gain":0.0,"max_hp_loss":0.0,"gold_gain":0.0,"event_name":"Lab","player_choice":"Got Potions","floor":8.0,"gold_loss":0.0,"damage_taken":0.0},{"damage_healed":0.0,"max_hp_gain":0.0,"max_hp_loss":0.0,"gold_gain":0.0,"event_name":"SensoryStone","player_choice":"Memory 1","floor":36.0,"gold_loss":0.0,"damage_taken":0.0},{"damage_healed":0.0,"max_hp_gain":0.0,"max_hp_loss":0.0,"gold_gain":0.0,"event_name":"MindBloom","player_choice":"Fight","floor":44.0,"gold_loss":0.0,"damage_taken":0.0},{"cards_removed":["Cold Snap"],"damage_healed":0.0,"max_hp_gain":0.0,"max_hp_loss":0.0,"gold_gain":0.0,"event_name":"Falling","player_choice":"Removed Attack","floor":47.0,"gold_loss":0.0,"damage_taken":0.0}],"is_beta":false,"boss_relics":[{"not_picked":["Tiny House","Philosopher\u0027s Stone"],"picked":"Ectoplasm"},{"not_picked":["Nuclear Battery","Runic Pyramid"],"picked":"Inserter"}],"items_purged_floors":[19,21,45,53],"is_endless":false,"potions_floor_spawned":[2,3,13,18,20,28,29,37,39,44,48],"killed_by":"Shield and Spear","ascension_level":9}