{"gold_per_floor":[359,369,380,128,128,128,156,156,182,215,230,256,256,271,271,346,346,366,56,56,56,67,67,145,164,188,198,8,108,108,140,140,213,213,228,239,239,12,12,12,46,56,56,83,83,102,202,256,256,256,256,256,66,95,95],"floor_reached":56,"playtime":4523,"items_purged":["Strike_B"],"score":1960,"play_id":"8c6cb590-5a24-4ab2-9aaa-60b77776e9d0","local_time":"20190127160607","is_ascension_mode":true,"campfire_choices":[{"data":"Coolheaded","floor":6,"key":"SMITH"},{"data":"Go for the Eyes","floor":8,"key":"SMITH"},{"floor":13,"key":"REST"},{"floor":15,"key":"REST"},{"floor":23,"key":"REST"},{"floor":30,"key":"REST"},{"floor":32,"key":"REST"},{"data":"Recycle","floor":40,"key":"SMITH"},{"floor":49,"key":"RECALL"},{"floor":52,"key":"DIG"}],"neow_cost":"TEN_PERCENT_HP_LOSS","seed_source_timestamp":443089919400494,"circlet_count":0,"master_deck":["AscendersBane","Strike_B","Strike_B","Defend_B+1","Defend_B","Defend_B","Defend_B","Zap+1","Dualcast","Cold Snap","Coolheaded+1","Leap","Go for the Eyes+1","Tempest+1","Glacier","Doom and Gloom","Static Discharge+1","Biased Cognition+1","Reinforced Body","Echo Form+1","Steam","Electrodynamics+1","Coolheaded+1","Recycle+1","Skim","Reinforced Body","Blizzard"],"relics":["Cracked Core","Frozen Egg 2","Art of War","Juzu Bracelet","Shovel","War Paint","Nuclear Battery","Calipers","Enchiridion","Tiny Chest","Centennial Puzzle","OrangePellets","Emotion Chip","Sozu","Bronze Scales","Pen Nib","Potion Belt","Torii","Mango","Mercury Hourglass","Runic Capacitor","Ornamental Fan"],"potions_floor_usage":[7,7,12,55,55],"damage_taken":[{"damage":2,"enemies":"Small Slimes","floor":1,"turns":3},{"damage":0,"enemies":"Cultist","floor":2,"turns":4},{"damage":7,"enemies":"Jaw Worm","floor":3,"turns":3},{"damage":14,"enemies":"Gremlin Nob","floor":7,"turns":5},{"damage":5,"enemies":"Lagavulin","floor":10,"turns":10},{"damage":8,"enemies":"3 Louse","floor":11,"turns":4},{"damage":25,"enemies":"Gremlin Nob","floor":12,"turns":4},{"damage":11,"enemies":"Lots of Slimes","floor":14,"turns":4},{"damage":15,"enemies":"Hexaghost","floor":16,"turns":9},{"damage":0,"enemies":"3 Byrds","floor":18,"turns":4},{"damage":18,"enemies":"2 Thieves","floor":22,"turns":4},{"damage":15,"enemies":"Sentry and Sphere","floor":25,"turns":5},{"damage":10,"enemies":"Snake Plant","floor":27,"turns":3},{"damage":13,"enemies":"Book of Stabbing","floor":31,"turns":4},{"damage":0,"enemies":"Champ","floor":33,"turns":12},{"damage":0,"enemies":"3 Shapes","floor":35,"turns":1},{"damage":0,"enemies":"Orb Walker","floor":36,"turns":3},{"damage":4,"enemies":"Giant Head","floor":41,"turns":15},{"damage":0,"enemies":"Spire Growth","floor":42,"turns":7},{"damage":0,"enemies":"Nemesis","floor":44,"turns":9},{"damage":17,"enemies":"Writhing Mass","floor":46,"turns":4},{"damage":0,"enemies":"Mind Bloom Boss Battle","floor":47,"turns":5},{"damage":16,"enemies":"2 Orb Walkers","floor":48,"turns":4},{"damage":17,"enemies":"Awakened One","floor":50,"turns":28},{"damage":2,"enemies":"Shield and Spear","floor":54,"turns":4},{"damage":39,"enemies":"The Heart","floor":55,"turns":9}],"seed_played":"7424191878655418716","potions_obtained":[{"floor":1,"key":"Explosive Potion"},{"floor":2,"key":"SpeedPotion"},{"floor":3,"key":"FocusPotion"},{"floor":11,"key":"Energy Potion"},{"floor":27,"key":"LiquidBronze"},{"floor":31,"key":"PowerPotion"}],"is_trial":false,"path_per_floor":["M","M","M","$","?","R","E","R","T","E","M","E","R","M","R","B",null,"M","$","?","?","M","R","T","M","T","M","$","?","R","E","R","B",null,"M","M","?","$","?","R","E","M","T","E","$","M","?","?","R","B",null,"R","$","E","B",null],"character_chosen":"DEFECT","items_purchased":["Frozen Egg 2","Calipers","OrangePellets","Bronze Scales","Runic Capacitor"],"campfire_rested":5,"item_purchase_floors":[4,19,28,38,53],"current_hp_per_floor":[62,62,55,55,55,55,41,41,41,36,28,3,22,11,30,15,52,52,52,36,36,18,37,37,22,22,12,12,12,31,18,37,37,57,57,57,57,57,57,57,53,53,53,53,53,36,36,34,34,17,63,63,63,61,22],"gold":95,"neow_bonus":"TWO_FIFTY_GOLD","is_prod":false,"is_daily":false,"chose_seed":false,"campfire_upgraded":3,"win_rate":0,"timestamp":1548633967,"path_taken":["M","M","M","$","?","R","E","R","T","E","M","E","R","M","R","BOSS","M","$","?","?","M","R","?","M","T","M","$","?","R","E","R","BOSS","M","M","?","$","?","R","E","M","T","E","?","M","?","?","R","BOSS","R","$","E","BOSS"],"build_version":"2019-01-23","purchased_purges":1,"victory":true,"max_hp_per_floor":[64,64,64,64,64,64,64,64,64,64,64,64,64,64,64,64,64,64,64,64,64,64,64,64,64,64,64,64,64,64,64,64,64,64,64,64,64,64,64,64,64,64,64,64,64,64,64,78,78,78,78,78,78,78,78],"card_choices":[{"not_picked":["Blizzard","White Noise"],"picked":"Cold Snap","floor":1},{"not_picked":["Reprogram","Heatsinks"],"picked":"Coolheaded","floor":2},{"not_picked":["Turbo","Melter"],"picked":"Leap","floor":3},{"not_picked":["Compile Driver","Rebound"],"picked":"Go for the Eyes","floor":7},{"not_picked":["Cold Snap","Melter"],"picked":"Tempest","floor":10},{"not_picked":["All For One","Conserve Battery"],"picked":"Glacier","floor":11},{"not_picked":["Auto Shields","Scrape"],"picked":"Doom and Gloom","floor":12},{"not_picked":["Go for the Eyes","Steam"],"picked":"Static Discharge+1","floor":14},{"not_picked":["Creative AI+1","Seek"],"picked":"Biased Cognition+1","floor":16},{"not_picked":["Barrage+1","Storm+1","Redo"],"picked":"SKIP","floor":18},{"not_picked":["Sweeping Beam","Melter","Doom and Gloom"],"picked":"SKIP","floor":22},{"not_picked":["Hologram","Conserve Battery"],"picked":"Reinforced Body","floor":25},{"not_picked":["Gash","Streamline"],"picked":"Echo Form+1","floor":27},{"not_picked":["Beam Cell","Fusion"],"picked":"Steam","floor":31},{"not_picked":["Amplify","Creative AI+1"],"picked":"Electrodynamics+1","floor":33},{"not_picked":["Compile Driver","Auto Shields+1"],"picked":"Coolheaded+1","floor":35},{"not_picked":["Melter","Conserve Battery"],"picked":"Recycle","floor":36},{"not_picked":["Self Repair+1","Heatsinks+1","Force Field"],"picked":"SKIP","floor":41},{"not_picked":["Redo","Conserve Battery"],"picked":"Skim","floor":42},{"not_picked":["Melter","Hologram","Hyperbeam"],"picked":"SKIP","floor":44},{"not_picked":["FTL","Rip and Tear"],"picked":"Reinforced Body","floor":46},{"not_picked":["Core Surge","Self Repair+1"],"picked":"Blizzard","floor":54}],"player_experience":465016,"relics_obtained":[{"floor":7,"key":"Art of War"},{"floor":9,"key":"Juzu Bracelet"},{"floor":10,"key":"Shovel"},{"floor":12,"key":"War Paint"},{"floor":20,"key":"Enchiridion"},{"floor":24,"key":"Tiny Chest"},{"floor":26,"key":"Centennial Puzzle"},{"floor":31,"key":"Emotion Chip"},{"floor":41,"key":"Pen Nib"},{"floor":44,"key":"Potion Belt"},{"floor":47,"key":"Torii"},{"floor":48,"key":"Mango"},{"floor":52,"key":"Mercury Hourglass"},{"floor":54,"key":"Ornamental Fan"}],"event_choices":[{"damage_healed":0,"gold_gain":0,"player_choice":"Upgraded","damage_taken":0,"max_hp_gain":0,"max_hp_loss":0,"event_name":"Upgrade Shrine","floor":5,"gold_loss":0,"cards_upgraded":["Zap"]},{"damage_healed":0,"gold_gain":0,"player_choice":"Obtained Book","damage_taken":16,"max_hp_gain":0,"max_hp_loss":0,"event_name":"Cursed Tome","floor":20,"gold_loss":0},{"damage_healed":0,"gold_gain":0,"player_choice":"Ignored","damage_taken":0,"max_hp_gain":0,"max_hp_loss":0,"event_name":"Beggar","floor":21,"gold_loss":0},{"damage_healed":0,"gold_gain":100,"player_choice":"Pray","damage_taken":0,"max_hp_gain":0,"max_hp_loss":0,"event_name":"Golden Shrine","floor":29,"gold_loss":0},{"damage_healed":0,"gold_gain":0,"player_choice":"Memory 1","damage_taken":0,"max_hp_gain":0,"max_hp_loss":0,"event_name":"SensoryStone","floor":37,"gold_loss":0},{"cards_removed":["Strike_B"],"damage_healed":0,"gold_gain":0,"player_choice":"Offered Basic","damage_taken":0,"max_hp_gain":0,"max_hp_loss":0,"event_name":"Bonfire Elementals","floor":39,"gold_loss":0},{"damage_healed":0,"gold_gain":0,"player_choice":"Fight","damage_taken":0,"max_hp_gain":0,"max_hp_loss":0,"event_name":"MindBloom","floor":47,"gold_loss":0},{"damage_healed":0,"gold_gain":0,"player_choice":"Fight","damage_taken":0,"max_hp_gain":0,"max_hp_loss":0,"event_name":"Mysterious Sphere","floor":48,"gold_loss":0}],"is_beta":false,"boss_relics":[{"not_picked":["Eternal Feather","Black Star"],"picked":"Nuclear Battery"},{"not_picked":["Lizard Tail","FrozenCore"],"picked":"Sozu"}],"items_purged_floors":[38],"is_endless":false,"potions_floor_spawned":[1,2,3,11,27,31,35,41,44,48],"ascension_level":14}