{"gold_per_floor":[114,189,199,213,225,225,260,270,270,270,286,286,321,343,343,417,417],"floor_reached":17,"playtime":785,"items_purged":[],"score":334,"play_id":"8e8419e0-0d64-45b5-81b8-20ecc9252293","local_time":"20190113204304","is_ascension_mode":true,"campfire_choices":[{"data":"Bouncing Flask","floor":6,"key":"SMITH"},{"floor":12,"key":"REST"},{"floor":15,"key":"REST"}],"neow_cost":"NONE","seed_source_timestamp":299156683128140,"circlet_count":0,"master_deck":["AscendersBane","Survivor","Neutralize","Crippling Poison","Leg Sweep","Bouncing Flask+1","Catalyst","Cloak And Dagger","Bouncing Flask","Wraith Form v2","Die Die Die","Deflect","Blade Dance","Crippling Poison","Adrenaline","Doppelganger","Leg Sweep","Flying Knee","Tools of the Trade","PiercingWail"],"relics":["Runic Dome","Juzu Bracelet","Pen Nib","Strawberry","Odd Mushroom","Pandora\u0027s Box"],"potions_floor_usage":[14,14,16],"damage_taken":[{"damage":0,"enemies":"Small Slimes","floor":1,"turns":6},{"damage":0,"enemies":"Cultist","floor":3,"turns":5},{"damage":6,"enemies":"2 Louse","floor":4,"turns":3},{"damage":6,"enemies":"2 Fungi Beasts","floor":5,"turns":4},{"damage":7,"enemies":"Lagavulin","floor":7,"turns":7},{"damage":18,"enemies":"Gremlin Gang","floor":8,"turns":4},{"damage":4,"enemies":"Blue Slaver","floor":11,"turns":4},{"damage":15,"enemies":"3 Sentries","floor":13,"turns":8},{"damage":11,"enemies":"The Mushroom Lair","floor":14,"turns":5},{"damage":16,"enemies":"The Guardian","floor":16,"turns":9}],"seed_played":"-4196763660290774339","potions_obtained":[{"floor":7,"key":"SpeedPotion"},{"floor":8,"key":"Strength Potion"},{"floor":10,"key":"Block Potion"},{"floor":10,"key":"Explosive Potion"},{"floor":13,"key":"AttackPotion"},{"floor":14,"key":"Swift Potion"}],"is_trial":false,"path_per_floor":["M","?","M","M","M","R","E","M","T","?","M","R","E","?","R","B",null],"character_chosen":"THE_SILENT","items_purchased":[],"campfire_rested":2,"item_purchase_floors":[],"current_hp_per_floor":[59,48,48,42,36,36,29,11,11,11,7,26,18,7,28,12,58],"gold":417,"neow_bonus":"BOSS_RELIC","is_prod":false,"is_daily":false,"chose_seed":false,"campfire_upgraded":1,"win_rate":0,"timestamp":1547440984,"path_taken":["M","?","M","M","M","R","E","M","T","?","M","R","E","?","R","BOSS"],"build_version":"2019-01-10","purchased_purges":0,"victory":false,"max_hp_per_floor":[66,66,66,66,66,66,66,66,66,66,66,66,73,73,73,73,73],"card_choices":[{"not_picked":["Dodge and Roll","Blade Dance"],"picked":"Crippling Poison","floor":1},{"not_picked":["Escape Plan","Concentrate","Setup"],"picked":"SKIP","floor":3},{"not_picked":["Choke","Crippling Poison"],"picked":"Leg Sweep","floor":4},{"not_picked":["Masterful Stab","Blade Dance"],"picked":"Bouncing Flask","floor":5},{"not_picked":["Masterful Stab","Acrobatics","Slice"],"picked":"SKIP","floor":7},{"not_picked":["Escape Plan","Underhanded Strike"],"picked":"Catalyst","floor":8},{"not_picked":["Backstab","Prepared","Cloak And Dagger"],"picked":"SKIP","floor":11},{"not_picked":["Underhanded Strike","Sucker Punch"],"picked":"Cloak And Dagger","floor":13},{"not_picked":["Dagger Throw","Escape Plan"],"picked":"Bouncing Flask","floor":14},{"not_picked":["Tools of the Trade","Corpse Explosion"],"picked":"Wraith Form v2","floor":16}],"player_experience":398728,"relics_obtained":[{"floor":7,"key":"Juzu Bracelet"},{"floor":9,"key":"Pen Nib"},{"floor":13,"key":"Strawberry"},{"floor":14,"key":"Odd Mushroom"}],"event_choices":[{"damage_healed":0,"gold_gain":75,"player_choice":"Gather Gold","damage_taken":11,"max_hp_gain":0,"max_hp_loss":0,"event_name":"World of Goop","floor":2,"gold_loss":0},{"damage_healed":0,"gold_gain":0,"player_choice":"Got Potions","damage_taken":0,"max_hp_gain":0,"max_hp_loss":0,"event_name":"Lab","floor":10,"gold_loss":0},{"damage_healed":0,"gold_gain":0,"player_choice":"Fought Mushrooms","damage_taken":0,"max_hp_gain":0,"max_hp_loss":0,"event_name":"Mushrooms","floor":14,"gold_loss":0}],"is_beta":false,"boss_relics":[{"not_picked":["Tiny House","WristBlade"],"picked":"Pandora\u0027s Box"}],"items_purged_floors":[],"is_endless":false,"potions_floor_spawned":[7,8,13,14],"ascension_level":20}