{"gold_per_floor":[114,129,129,144,159,189,204,204,229,248,263,278,28,43,43,143,143,158,75,90,105,105],"floor_reached":22,"playtime":2333,"items_purged":[],"score":242,"play_id":"dabe0f2a-d026-48b6-aa8e-19dd5a7a8c38","local_time":"20180623112334","daily_mods":["Diverse","Time Dilation","Hoarder"],"is_ascension_mode":false,"campfire_choices":[{"floor":8,"key":"REST"},{"floor":15,"key":"REST"}],"neow_cost":"","seed_source_timestamp":5763250506802,"circlet_count":0,"master_deck":["Defend_G","Defend_G","Defend_G","Defend_G","Defend_G","Strike_G","Strike_G","Strike_G","Strike_G","Strike_G","Survivor","Neutralize","Sweeping Beam","Sweeping Beam","Sweeping Beam","Ball Lightning","Ball Lightning","Ball Lightning","Outmaneuver","Outmaneuver","Outmaneuver","Armaments","Armaments","Armaments","Noxious Fumes","Noxious Fumes","Noxious Fumes","Meteor Strike","Meteor Strike","Meteor Strike","Prepared","Prepared","Prepared","Flex","Flex","Flex","Whirlwind","Whirlwind","Whirlwind","Phantasmal Killer","Phantasmal Killer","Phantasmal Killer","Poisoned Stab","Poisoned Stab","Poisoned Stab","Aggregate","Aggregate","Aggregate","Quick Slash","Quick Slash","Quick Slash","Sunder","Sunder","Sunder","Pommel Strike","Pommel Strike","Pommel Strike"],"special_seed":17705,"relics":["Ring of the Snake","Ancient Tea Set","Happy Flower","Odd Mushroom","Shuriken","Eternal Feather"],"potions_floor_usage":[16,16,16,21],"damage_taken":[{"damage":0,"enemies":"Small Slimes","floor":1,"turns":3},{"damage":6,"enemies":"2 Louse","floor":2,"turns":2},{"damage":1,"enemies":"Jaw Worm","floor":4,"turns":3},{"damage":8,"enemies":"3 Louse","floor":5,"turns":2},{"damage":14,"enemies":"3 Sentries","floor":6,"turns":5},{"damage":5,"enemies":"Exordium Wildlife","floor":7,"turns":3},{"damage":12,"floor":10,"turns":2},{"damage":11,"enemies":"Lots of Slimes","floor":11,"turns":2},{"damage":13,"enemies":"Red Slaver","floor":12,"turns":3},{"damage":3,"enemies":"Exordium Wildlife","floor":14,"turns":2},{"damage":43,"enemies":"The Guardian","floor":16,"turns":6},{"damage":26,"enemies":"Shell Parasite","floor":18,"turns":5},{"damage":0,"enemies":"Spheric Guardian","floor":20,"turns":1},{"damage":19,"enemies":"Snake Plant","floor":21,"turns":4},{"damage":30,"enemies":"Sentry and Sphere","floor":22,"turns":3}],"seed_played":"3243282396606865900","potions_obtained":[{"floor":1,"key":"Energy Potion"},{"floor":5,"key":"Ancient Potion"},{"floor":10,"key":"FearPotion"},{"floor":12,"key":"Dexterity Potion"},{"floor":18,"key":"Block Potion"},{"floor":21,"key":"SpeedPotion"}],"is_trial":false,"path_per_floor":["M","M","?","M","M","E","M","R","T","?","M","M","$","M","R","B",null,"M","$","M","M"],"character_chosen":"THE_SILENT","items_purchased":["Shuriken","Aggregate","Quick Slash"],"campfire_rested":2,"item_purchase_floors":[13,19,19],"current_hp_per_floor":[70,64,69,68,60,46,41,63,63,51,40,27,27,24,46,3,75,49,49,49,30,0],"gold":105,"neow_bonus":"","is_prod":false,"is_daily":true,"chose_seed":false,"campfire_upgraded":0,"win_rate":0,"timestamp":1529767414,"path_taken":["M","M","?","M","M","E","M","R","T","?","M","M","$","M","R","BOSS","M","$","M","M","M"],"build_version":"2018-06-21v2","purchased_purges":0,"victory":false,"max_hp_per_floor":[70,70,75,75,75,75,75,75,75,75,75,75,75,75,75,75,75,75,75,75,75,75],"card_choices":[{"not_picked":["Tempest","Sword Boomerang"],"picked":"Sweeping Beam","floor":1},{"not_picked":["Conserve Battery","Anger"],"picked":"Ball Lightning","floor":2},{"not_picked":["Dash","Melter"],"picked":"Outmaneuver","floor":4},{"not_picked":["Cloak And Dagger","Wild Strike"],"picked":"Armaments","floor":5},{"not_picked":["Storm","Ball Lightning"],"picked":"Noxious Fumes","floor":6},{"not_picked":["Pommel Strike","Heavy Blade"],"picked":"Meteor Strike","floor":7},{"not_picked":["Dash","Barrage"],"picked":"Prepared","floor":10},{"not_picked":["Leg Sweep","Lockon","Pommel Strike"],"picked":"SKIP","floor":11},{"not_picked":["Pommel Strike","PiercingWail"],"picked":"Flex","floor":12},{"not_picked":["Darkness","Backflip"],"picked":"Whirlwind","floor":14},{"not_picked":["Seek","Machine Learning"],"picked":"Phantasmal Killer","floor":16},{"not_picked":["PiercingWail","Hello World"],"picked":"Poisoned Stab","floor":18},{"not_picked":["Force Field+1","Prepared"],"picked":"Sunder","floor":20},{"not_picked":["Storm","Conserve Battery"],"picked":"Pommel Strike","floor":21}],"player_experience":39722,"relics_obtained":[{"floor":6,"key":"Ancient Tea Set"},{"floor":9,"key":"Happy Flower"},{"floor":10,"key":"Odd Mushroom"}],"event_choices":[{"event_name":"Big Fish","player_choice":"Donut","floor":3,"damage_taken":0},{"event_name":"Mushrooms","player_choice":"Fought Mushrooms","floor":10,"damage_taken":0}],"boss_relics":[{"not_picked":["Astrolabe","Black Star"],"picked":"Eternal Feather"}],"items_purged_floors":[],"is_endless":false,"potions_floor_spawned":[1,5,10,12,18,21],"killed_by":"Sentry and Sphere","ascension_level":0}