{"gold_per_floor":[113,128,57,72,72,97,97,112,136,136,152,171,171,185,185,283,283,293,303,314,239,253,283,283,310,310,310,310,327,327,362,362,466,466,481,481,73,73,73,73],"floor_reached":41,"playtime":1155,"items_purged":["Strike_B"],"score":676,"play_id":"c44108d6-de91-4470-b60d-915ddf990364","local_time":"20190111200557","is_ascension_mode":false,"campfire_choices":[{"data":"Defragment","floor":10.0,"key":"SMITH"},{"data":"Defragment","floor":15.0,"key":"SMITH"},{"floor":24.0,"key":"REST"},{"data":"Zap","floor":27.0,"key":"SMITH"},{"data":"Electrodynamics","floor":30.0,"key":"SMITH"},{"data":"Echo Form","floor":32.0,"key":"SMITH"}],"neow_cost":"NONE","seed_source_timestamp":1556087548234083,"circlet_count":0,"master_deck":["Strike_B","Strike_B+1","Defend_B","Defend_B+1","Defend_B","Defend_B+1","Zap+1","Dualcast+1","Defragment+1","Defragment+1","Ball Lightning","Steam","Electrodynamics+1","Chill","Glacier+1","Conserve Battery","Echo Form+1","Electrodynamics","Glacier+1","Apotheosis","Blizzard","Coolheaded","Conserve Battery"],"special_seed":0,"relics":["FrozenCore","Regal Pillow","Bronze Scales","Orichalcum","Sozu","War Paint","Ancient Tea Set","Bag of Marbles"],"potions_floor_usage":[40,40],"damage_taken":[{"damage":0.0,"enemies":"Cultist","floor":1.0,"turns":3.0},{"damage":1.0,"enemies":"Jaw Worm","floor":2.0,"turns":4.0},{"damage":0.0,"enemies":"Small Slimes","floor":4.0,"turns":3.0},{"damage":22.0,"enemies":"3 Sentries","floor":6.0,"turns":7.0},{"damage":18.0,"enemies":"Exordium Thugs","floor":8.0,"turns":3.0},{"damage":0.0,"enemies":"Exordium Wildlife","floor":11.0,"turns":3.0},{"damage":0.0,"enemies":"3 Louse","floor":12.0,"turns":3.0},{"damage":0.0,"enemies":"Exordium Thugs","floor":14.0,"turns":1.0},{"damage":10.0,"enemies":"Hexaghost","floor":16.0,"turns":7.0},{"damage":0.0,"enemies":"Spheric Guardian","floor":18.0,"turns":3.0},{"damage":9.0,"enemies":"2 Thieves","floor":19.0,"turns":3.0},{"damage":14.0,"enemies":"Cultist and Chosen","floor":20.0,"turns":5.0},{"damage":0.0,"enemies":"Snecko","floor":22.0,"turns":6.0},{"damage":17.0,"enemies":"Slavers","floor":23.0,"turns":4.0},{"damage":0.0,"enemies":"Book of Stabbing","floor":25.0,"turns":5.0},{"damage":11.0,"enemies":"Snake Plant","floor":29.0,"turns":3.0},{"damage":16.0,"enemies":"Slavers","floor":31.0,"turns":3.0},{"damage":20.0,"enemies":"Automaton","floor":33.0,"turns":10.0},{"damage":1.0,"enemies":"Orb Walker","floor":35.0,"turns":4.0},{"damage":18,"enemies":"Time Eater","floor":40,"turns":12}],"seed_played":"4716411077964157331","potions_obtained":[{"floor":4.0,"key":"PowerPotion"},{"floor":6.0,"key":"Ancient Potion"},{"floor":8.0,"key":"AttackPotion"},{"floor":16.0,"key":"Explosive Potion"}],"is_trial":false,"path_per_floor":["M","M","$","M","?","E","$","M","T","R","M","M","?","M","R","B",null,"M","M","M","?","M","E","R","E","T","R","?","M","R","E","R","B",null,"M","?","$","?","?","B",null],"character_chosen":"DEFECT","items_purchased":["Defragment","Apotheosis","Blizzard","Coolheaded","Conserve Battery"],"campfire_rested":1,"item_purchase_floors":[3,37,37,37,37],"current_hp_per_floor":[75,74,74,74,59,37,37,19,19,19,19,19,19,19,19,9,75,75,66,52,52,52,35,72,72,72,72,72,61,61,45,45,25,75,74,74,74,74,74,56],"gold":73,"neow_bonus":"RANDOM_COMMON_RELIC","is_prod":false,"is_daily":false,"chose_seed":false,"campfire_upgraded":5,"win_rate":0,"timestamp":1547237157,"path_taken":["M","?","$","M","?","E","$","M","T","R","M","M","?","?","R","BOSS","M","M","M","?","M","E","R","E","T","R","?","?","R","E","R","BOSS","M","?","$","?","?","BOSS"],"build_version":"2019-01-10","purchased_purges":1,"victory":true,"max_hp_per_floor":[75,75,75,75,75,75,75,75,75,75,75,75,75,75,75,75,75,75,75,75,75,75,75,75,75,75,75,75,75,75,75,75,75,75,75,75,75,75,75,75],"card_choices":[{"not_picked":["Beam Cell","Gash","Rebound"],"picked":"SKIP","floor":1.0},{"not_picked":["Beam Cell","Rip and Tear","Hologram"],"picked":"SKIP","floor":2.0},{"not_picked":["Scrape","Redo"],"picked":"Defragment","floor":4.0},{"not_picked":["Sunder","Compile Driver"],"picked":"Ball Lightning","floor":6.0},{"not_picked":["Steam Power","Ball Lightning","Stack"],"picked":"SKIP","floor":8.0},{"not_picked":["Tempest","Barrage","Compile Driver"],"picked":"SKIP","floor":11.0},{"not_picked":["Sweeping Beam","Ball Lightning","Rebound"],"picked":"SKIP","floor":12.0},{"not_picked":["Redo","Blizzard"],"picked":"Steam","floor":14.0},{"not_picked":["Buffer","Amplify"],"picked":"Electrodynamics","floor":16.0},{"not_picked":["Leap+1","Genetic Algorithm"],"picked":"Chill","floor":18.0},{"not_picked":["Genetic Algorithm","Ball Lightning"],"picked":"Glacier+1","floor":19.0},{"not_picked":["Sweeping Beam","Barrage+1","Lockon"],"picked":"SKIP","floor":20.0},{"not_picked":["Auto Shields","Scrape"],"picked":"Conserve Battery","floor":22.0},{"not_picked":["Beam Cell","Doom and Gloom","Steam"],"picked":"SKIP","floor":23.0},{"not_picked":["Rebound","Compile Driver","Hello World+1"],"picked":"SKIP","floor":25.0},{"not_picked":["Gash+1","Turbo","Hologram"],"picked":"SKIP","floor":29.0},{"not_picked":["Chaos","Reprogram+1"],"picked":"Echo Form","floor":31.0},{"not_picked":["Core Surge","Biased Cognition"],"picked":"Electrodynamics","floor":33.0},{"not_picked":["BootSequence","Hologram"],"picked":"Glacier+1","floor":35.0}],"player_experience":961955,"relics_obtained":[{"floor":6.0,"key":"Bronze Scales"},{"floor":9.0,"key":"Orichalcum"},{"floor":23.0,"key":"War Paint"},{"floor":25.0,"key":"Ancient Tea Set"},{"floor":31.0,"key":"Bag of Marbles"}],"event_choices":[{"damage_healed":0.0,"max_hp_gain":0.0,"max_hp_loss":0.0,"gold_gain":0.0,"event_name":"Shining Light","player_choice":"Entered Light","floor":5.0,"gold_loss":0.0,"damage_taken":15.0,"cards_upgraded":["Defend_B","Strike_B"]},{"damage_healed":0.0,"max_hp_gain":0.0,"max_hp_loss":0.0,"gold_gain":0.0,"event_name":"The Woman in Blue","player_choice":"Bought 0 Potions","floor":13.0,"gold_loss":0.0,"damage_taken":0.0},{"cards_removed":["Strike_B"],"damage_healed":0.0,"max_hp_gain":0.0,"max_hp_loss":0.0,"gold_gain":0.0,"event_name":"Beggar","player_choice":"Gave Gold","floor":21.0,"gold_loss":75.0,"damage_taken":0.0},{"damage_healed":0.0,"max_hp_gain":0.0,"max_hp_loss":0.0,"gold_gain":0.0,"event_name":"Ghosts","player_choice":"Ignored","floor":28.0,"gold_loss":0.0,"damage_taken":0.0},{"damage_healed":0.0,"max_hp_gain":0.0,"max_hp_loss":0.0,"gold_gain":0.0,"event_name":"Tomb of Lord Red Mask","player_choice":"Ignored","floor":36.0,"gold_loss":0.0,"damage_taken":0.0},{"damage_healed":0,"gold_gain":0,"player_choice":"Ignored","damage_taken":0,"max_hp_gain":0,"max_hp_loss":0,"event_name":"Mysterious Sphere","floor":38,"gold_loss":0},{"damage_healed":0,"gold_gain":0,"player_choice":"Took Portal","damage_taken":0,"max_hp_gain":0,"max_hp_loss":0,"event_name":"SecretPortal","floor":39,"gold_loss":0}],"is_beta":false,"boss_relics":[{"not_picked":["Philosopher\u0027s Stone","Runic Pyramid"],"picked":"Sozu"},{"not_picked":["White Beast Statue","Calling Bell"],"picked":"FrozenCore"}],"items_purged_floors":[37],"is_endless":false,"potions_floor_spawned":[4,6,8,16,19,20,29,31],"ascension_level":0}