{"gold_per_floor":[119,136,136,149,163,163,175,175,248,248,248,262,215,229,229,329,329,348,360,371,471,98,98,54,54],"floor_reached":25,"playtime":1524,"items_purged":["Strike_G"],"score":302,"play_id":"241d659e-073b-4681-ae35-009a88b13a55","local_time":"20181102161155","is_ascension_mode":true,"campfire_choices":[{"data":"Dagger Spray","floor":6,"key":"SMITH"},{"data":"Tactician","floor":8,"key":"SMITH"},{"data":"Concentrate","floor":15,"key":"SMITH"},{"floor":23,"key":"REST"}],"neow_cost":"NONE","seed_source_timestamp":430057305446233,"circlet_count":0,"master_deck":["AscendersBane","Defend_G","Defend_G","Defend_G","Defend_G","Defend_G","Strike_G","Strike_G","Strike_G","Strike_G","Survivor","Neutralize","Poisoned Stab","Dagger Spray+1","Tactician+1","All Out Attack","Concentrate+1","Deflect","Acrobatics","Dagger Throw","Dagger Throw","Adrenaline","Dash","Prepared","Acrobatics+1","Prepared","Outmaneuver","Finesse"],"relics":["Ring of the Snake","Gremlin Horn","Shovel","Sozu","Membership Card","Omamori"],"potions_floor_usage":[16,16,18],"damage_taken":[{"damage":3,"enemies":"Jaw Worm","floor":1,"turns":7},{"damage":0,"enemies":"2 Louse","floor":2,"turns":4},{"damage":4,"enemies":"Small Slimes","floor":4,"turns":2},{"damage":5,"enemies":"Red Slaver","floor":5,"turns":5},{"damage":0,"enemies":"Lots of Slimes","floor":7,"turns":1},{"damage":17,"enemies":"Exordium Thugs","floor":12,"turns":5},{"damage":11,"enemies":"Gremlin Gang","floor":14,"turns":3},{"damage":22,"enemies":"Hexaghost","floor":16,"turns":13},{"damage":25,"enemies":"2 Thieves","floor":18,"turns":5},{"damage":0,"enemies":"3 Byrds","floor":19,"turns":4},{"damage":38,"enemies":"Shelled Parasite and Fungi","floor":20,"turns":10},{"damage":32,"enemies":"Book of Stabbing","floor":25,"turns":4}],"seed_played":"-1175511564035340355","potions_obtained":[{"floor":4,"key":"AttackPotion"},{"floor":7,"key":"GhostInAJar"},{"floor":16,"key":"EssenceOfSteel"}],"is_trial":false,"path_per_floor":["M","M","?","M","M","R","M","R","T","?","?","M","$","M","R","B",null,"M","M","M","?","$","R","$","E"],"character_chosen":"THE_SILENT","items_purchased":["Dagger Throw","Membership Card","Omamori","Prepared","Outmaneuver","Finesse"],"campfire_rested":1,"item_purchase_floors":[13,22,22,22,22,24],"current_hp_per_floor":[67,67,72,68,63,63,63,63,63,63,63,46,46,35,35,13,65,40,40,2,2,2,26,26,0],"gold":54,"neow_bonus":"TEN_PERCENT_HP_BONUS","is_prod":false,"is_daily":false,"chose_seed":false,"campfire_upgraded":3,"win_rate":0,"timestamp":1541200315,"path_taken":["M","M","?","M","M","R","M","R","T","?","?","?","?","M","R","BOSS","M","M","M","?","$","R","$","E"],"build_version":"2018-11-01","purchased_purges":1,"victory":false,"max_hp_per_floor":[77,77,82,82,82,82,82,82,82,82,82,82,82,82,82,82,82,82,82,82,82,82,82,82,82],"card_choices":[{"not_picked":["Expertise","Eviscerate"],"picked":"Poisoned Stab","floor":1},{"not_picked":["Leg Sweep","Prepared"],"picked":"Dagger Spray","floor":2},{"not_picked":["Heel Hook","Backstab"],"picked":"Tactician","floor":4},{"not_picked":["Quick Slash","Masterful Stab"],"picked":"All Out Attack","floor":5},{"not_picked":["Poisoned Stab","Terror"],"picked":"Concentrate","floor":7},{"not_picked":["Flechettes","Eviscerate"],"picked":"Acrobatics","floor":12},{"not_picked":["Bane","Storm of Steel"],"picked":"Dagger Throw","floor":14},{"not_picked":["Glass Knife","Wraith Form v2"],"picked":"Adrenaline","floor":16},{"not_picked":["Eviscerate","Sucker Punch"],"picked":"Dash","floor":18},{"not_picked":["Slice","Blade Dance+1"],"picked":"Prepared","floor":19},{"not_picked":["Calculated Gamble","Bane"],"picked":"Acrobatics+1","floor":20}],"player_experience":93459,"relics_obtained":[{"floor":9,"key":"Gremlin Horn"}],"event_choices":[{"damage_healed":0,"gold_gain":0,"player_choice":"Donut","damage_taken":0,"max_hp_gain":5,"max_hp_loss":0,"event_name":"Big Fish","floor":3,"gold_loss":0},{"damage_healed":0,"gold_gain":0,"player_choice":"Searched \u00271\u0027 times","damage_taken":0,"relics_obtained":["Shovel"],"max_hp_gain":0,"max_hp_loss":0,"event_name":"Dead Adventurer","floor":10,"gold_loss":0},{"damage_healed":0,"gold_gain":0,"player_choice":"1 cards matched","damage_taken":0,"max_hp_gain":0,"max_hp_loss":0,"event_name":"Match and Keep!","floor":11,"gold_loss":0,"cards_obtained":["Deflect"]},{"damage_healed":0,"gold_gain":100,"player_choice":"Pray","damage_taken":0,"max_hp_gain":0,"max_hp_loss":0,"event_name":"Golden Shrine","floor":21,"gold_loss":0}],"is_beta":false,"boss_relics":[{"not_picked":["Eternal Feather","Coffee Dripper"],"picked":"Sozu"}],"items_purged_floors":[22],"is_endless":false,"potions_floor_spawned":[4,7,16,18],"killed_by":"Book of Stabbing","ascension_level":11}