{"gold_per_floor":[111,122,122,122,122,122,136,163,163,198,198,217,243,253,253,352,352,366,366,384,401,415,449,449,482,482,482,532,548,548,219,219,321,321,341,341,341,1340,1340,1374,310,310,310,310],"floor_reached":44,"playtime":2472,"items_purged":[],"score":567,"play_id":"b5c5e85a-6755-41b8-99fb-92598f6da056","local_time":"20180701174554","is_ascension_mode":true,"campfire_choices":[{"floor":6,"key":"REST"},{"floor":11,"key":"REST"},{"floor":15,"key":"REST"},{"floor":24,"key":"REST"},{"floor":27,"key":"REST"},{"floor":30,"key":"REST"},{"data":"Defragment","floor":32,"key":"SMITH"},{"floor":42,"key":"REST"}],"neow_cost":"","seed_source_timestamp":24836104116686,"circlet_count":0,"master_deck":["Strike_B","Strike_B+1","Strike_B","Strike_B","Defend_B","Defend_B","Defend_B","Defend_B","Zap+1","Dualcast","Consume+1","Capacitor","Ball Lightning","Blizzard","Chaos","Cold Snap","Chill","Tempest","Thunder Strike","Go for the Eyes","Defragment+1","Go for the Eyes","White Noise+1","Cold Snap","Beam Cell+1","Consume","Doom and Gloom","Defragment","Turbo","Rainbow","Loop+1","Bandage Up","Swift Strike","Dark Shackles","Normality","Turbo+1","Sunder","Panache","Loop","Hologram"],"relics":["Cracked Core","Kunai","Omamori","Blue Candle","Mercury Hourglass","Bag of Preparation","Inserter","Juzu Bracelet","DataDisk","Matryoshka","Runic Capacitor","Fusion Hammer","Orichalcum","Letter Opener","Strange Spoon","Cauldron","Bottled Tornado","Darkstone Periapt"],"potions_floor_usage":[10,10,13,16,16,22,25,33,40,44,44,44],"damage_taken":[{"damage":4,"enemies":"Cultist","floor":1,"turns":4},{"damage":7,"enemies":"2 Louse","floor":2,"turns":4},{"damage":0,"enemies":"Small Slimes","floor":7,"turns":2},{"damage":18,"enemies":"Lagavulin","floor":8,"turns":5},{"damage":25,"enemies":"3 Sentries","floor":10,"turns":5},{"damage":2,"enemies":"3 Louse","floor":12,"turns":2},{"damage":13,"enemies":"Lagavulin","floor":13,"turns":4},{"damage":0,"enemies":"2 Fungi Beasts","floor":14,"turns":3},{"damage":14,"enemies":"The Guardian","floor":16,"turns":8},{"damage":0,"enemies":"3 Byrds","floor":18,"turns":4},{"damage":16,"enemies":"2 Thieves","floor":20,"turns":4},{"damage":7,"enemies":"Centurion and Healer","floor":21,"turns":5},{"damage":0,"enemies":"Cultist and Chosen","floor":22,"turns":5},{"damage":17,"enemies":"Book of Stabbing","floor":23,"turns":7},{"damage":41,"enemies":"Slavers","floor":25,"turns":4},{"damage":6,"enemies":"Snake Plant","floor":29,"turns":4},{"damage":35,"enemies":"Collector","floor":33,"turns":7},{"damage":18,"enemies":"Orb Walker","floor":35,"turns":3},{"damage":43,"enemies":"2 Orb Walkers","floor":40,"turns":5},{"damage":51,"enemies":"Nemesis","floor":44,"turns":4}],"seed_played":"-7526236057981239679","potions_obtained":[{"floor":1,"key":"Block Potion"},{"floor":7,"key":"Strength Potion"},{"floor":8,"key":"SkillPotion"},{"floor":10,"key":"Energy Potion"},{"floor":14,"key":"Strength Potion"},{"floor":21,"key":"LiquidBronze"},{"floor":23,"key":"Fire Potion"},{"floor":25,"key":"Block Potion"},{"floor":29,"key":"SteroidPotion"},{"floor":40,"key":"EssenceOfSteel"},{"floor":41,"key":"AttackPotion"},{"floor":41,"key":"EntropicBrew"}],"is_trial":false,"path_per_floor":["M","M","T","?","?","R","M","E","T","E","R","M","E","M","R","B",null,"M","?","M","M","M","E","R","E","T","R","?","M","R","$","R","B",null,"M","?","?","?","?","E","$","R","T"],"character_chosen":"DEFECT","items_purchased":["Defragment","Turbo","Runic Capacitor","Letter Opener","Strange Spoon","Cauldron","Sunder","Panache","Loop","Hologram"],"campfire_rested":7,"item_purchase_floors":[31,31,31,41,41,41,41,41,41,41],"current_hp_per_floor":[71,64,64,49,49,71,71,53,53,28,50,48,35,35,57,43,75,75,75,59,52,52,35,57,23,23,45,45,39,61,61,61,26,75,57,75,65,65,65,22,22,44,44,0],"gold":310,"neow_bonus":"","is_prod":false,"is_daily":false,"chose_seed":false,"campfire_upgraded":1,"win_rate":0,"timestamp":1530481554,"path_taken":["M","M","?","?","?","R","?","E","T","E","R","M","E","M","R","BOSS","M","?","M","M","M","E","R","E","T","R","?","M","R","$","R","BOSS","M","?","?","?","?","E","$","R","T","E"],"build_version":"2018-06-28","purchased_purges":0,"victory":false,"max_hp_per_floor":[75,75,75,75,75,75,75,75,75,75,75,75,75,75,75,75,75,75,75,75,75,75,75,75,75,75,75,75,75,75,75,75,75,75,75,75,75,75,75,75,75,75,75,75],"card_choices":[{"not_picked":["Storm","Steam"],"picked":"Consume","floor":1},{"not_picked":["Aggregate","Skim"],"picked":"Capacitor","floor":2},{"not_picked":["Cold Snap","Barrage"],"picked":"Ball Lightning","floor":7},{"not_picked":["Meteor Strike","Steam"],"picked":"Blizzard","floor":8},{"not_picked":["Streamline","Gash"],"picked":"Chaos","floor":10},{"not_picked":["Coolheaded","Genetic Algorithm"],"picked":"Cold Snap","floor":12},{"not_picked":["Hologram","Stack"],"picked":"Chill","floor":13},{"not_picked":["Compile Driver","Blizzard"],"picked":"Tempest","floor":14},{"not_picked":["Hyperbeam","Multi-Cast"],"picked":"Thunder Strike","floor":16},{"not_picked":["Sweeping Beam","Doom and Gloom"],"picked":"Go for the Eyes","floor":18},{"not_picked":["Streamline","Leap+1"],"picked":"Go for the Eyes","floor":20},{"not_picked":["Rip and Tear+1","Hello World"],"picked":"White Noise+1","floor":21},{"not_picked":["Scrape","Go for the Eyes"],"picked":"Cold Snap","floor":22},{"not_picked":["Fission","Meteor Strike"],"picked":"Beam Cell+1","floor":23},{"not_picked":["Storm","Gash+1"],"picked":"Consume","floor":25},{"not_picked":["Self Repair","Compile Driver"],"picked":"Doom and Gloom","floor":29},{"not_picked":["Buffer","Reboot"],"picked":"Rainbow","floor":33},{"not_picked":["Stack+1","Coolheaded"],"picked":"Loop+1","floor":35},{"not_picked":["Purity","Flash of Steel"],"picked":"Bandage Up","floor":37},{"not_picked":["Finesse","Jack Of All Trades"],"picked":"Swift Strike","floor":37},{"not_picked":["Purity","Blind"],"picked":"Dark Shackles","floor":37},{"not_picked":["Meteor Strike","Chaos"],"picked":"Turbo+1","floor":40}],"player_experience":175439,"relics_obtained":[{"floor":3,"key":"Kunai"},{"floor":8,"key":"Omamori"},{"floor":9,"key":"Blue Candle"},{"floor":10,"key":"Mercury Hourglass"},{"floor":13,"key":"Bag of Preparation"},{"floor":23,"key":"Juzu Bracelet"},{"floor":25,"key":"DataDisk"},{"floor":26,"key":"Matryoshka"},{"floor":40,"key":"Orichalcum"},{"floor":43,"key":"Bottled Tornado"},{"floor":43,"key":"Darkstone Periapt"}],"event_choices":[{"event_name":"Shining Light","player_choice":"Entered Light","floor":4,"damage_taken":0},{"event_name":"Upgrade Shrine","player_choice":"Upgraded","floor":5,"damage_taken":0},{"event_name":"The Library","player_choice":"Read","floor":19,"damage_taken":0},{"event_name":"The Joust","player_choice":"Bet on Murderer","floor":28,"damage_taken":0},{"event_name":"Winding Halls","player_choice":"Writhe","floor":36,"damage_taken":0},{"event_name":"SensoryStone","player_choice":"Memory 3","floor":37,"damage_taken":0},{"event_name":"MindBloom","player_choice":"Gold","floor":38,"damage_taken":0},{"event_name":"SecretPortal","player_choice":"Rejected Portal.","floor":39,"damage_taken":0}],"boss_relics":[{"not_picked":["Ectoplasm","Tiny House"],"picked":"Inserter"},{"not_picked":["Snecko Eye","Velvet Choker"],"picked":"Fusion Hammer"}],"items_purged_floors":[],"is_endless":false,"potions_floor_spawned":[1,7,8,10,14,21,23,25,29,40],"killed_by":"Nemesis","ascension_level":1}