{"gold_per_floor":[110,124,12,31,49,49,82,82,109,109,173,18,46,56,56,158,158,168,95,95,95,122,122,148,166,166,166,179,279,378,378,378,479,479,495,495,2,20,36,36,0,0,0,28,44,44,60,60,60,60],"floor_reached":50,"playtime":9335,"items_purged":["Strike_G"],"score":608,"play_id":"1bdbce8c-0fb0-4cc3-b4aa-50da286f9c7a","local_time":"20190210194825","is_ascension_mode":true,"campfire_choices":[{"data":"Noxious Fumes","floor":6.0,"key":"SMITH"},{"floor":8.0,"key":"REST"},{"data":"Phantasmal Killer","floor":15.0,"key":"SMITH"},{"floor":23.0,"key":"REST"},{"data":"Infinite Blades","floor":27.0,"key":"SMITH"},{"floor":32.0,"key":"REST"},{"floor":40,"key":"REST"},{"data":"Noxious Fumes","floor":42,"key":"SMITH"},{"data":"After Image","floor":46,"key":"SMITH"},{"data":"Footwork","floor":49,"key":"SMITH"}],"neow_cost":"NONE","seed_source_timestamp":0,"circlet_count":0,"master_deck":["Defend_G","Defend_G","Defend_G","Strike_G","Strike_G","Survivor","Neutralize","Predator","Terror","Infinite Blades+1","Dagger Throw","Noxious Fumes+1","Footwork","Phantasmal Killer+1","PiercingWail","PiercingWail","PiercingWail","Malaise","Calculated Gamble+1","Sucker Punch+1","Footwork+1","Bouncing Flask","Footwork+1","After Image+1","Quick Slash","Quick Slash+1","Blur+1","A Thousand Cuts","Tactician+1","Caltrops+1","Madness","Madness","Noxious Fumes+1","Venomology","Poisoned Stab+1","Dodge and Roll","Parasite","Endless Agony+1","Escape Plan+1","Backstab+1","Caltrops","Deadly Poison+1","Flying Knee+1","Quick Slash+1","After Image+1"],"special_seed":0,"relics":["Ring of the Snake","Orichalcum","Snake Skull","Tiny Chest","PreservedInsect","Mummified Hand","Astrolabe","Anchor","Nilry\u0027s Codex","Boot","Bag of Preparation","Torii","Prayer Wheel","Molten Egg 2","Sozu","Pear","Red Mask","Toxic Egg 2","Vajra"],"potions_floor_usage":[],"damage_taken":[{"damage":1.0,"enemies":"Cultist","floor":1.0,"turns":4.0},{"damage":2.0,"enemies":"Small Slimes","floor":2.0,"turns":3.0},{"damage":2.0,"enemies":"2 Louse","floor":4.0,"turns":3.0},{"damage":2.0,"enemies":"Looter","floor":5.0,"turns":4.0},{"damage":28.0,"enemies":"3 Sentries","floor":7.0,"turns":8.0},{"damage":1.0,"enemies":"Lagavulin","floor":11.0,"turns":5.0},{"damage":6.0,"enemies":"3 Sentries","floor":13.0,"turns":6.0},{"damage":0.0,"enemies":"Exordium Thugs","floor":14.0,"turns":3.0},{"damage":11.0,"enemies":"Hexaghost","floor":16.0,"turns":7.0},{"damage":21.0,"enemies":"Chosen","floor":18.0,"turns":5.0},{"damage":0.0,"enemies":"Book of Stabbing","floor":24.0,"turns":5.0},{"damage":0.0,"enemies":"Spheric Guardian","floor":25.0,"turns":4.0},{"damage":1.0,"enemies":"Snecko","floor":28.0,"turns":4.0},{"damage":1.0,"enemies":"Colosseum Slavers","floor":29.0,"turns":5.0},{"damage":1.0,"enemies":"Colosseum Nobs","floor":29.0,"turns":5.0},{"damage":29.0,"enemies":"Automaton","floor":33.0,"turns":8.0},{"damage":0.0,"enemies":"Orb Walker","floor":35.0,"turns":4.0},{"damage":17.0,"enemies":"3 Darklings","floor":38.0,"turns":5.0},{"damage":2.0,"enemies":"Writhing Mass","floor":39.0,"turns":6.0},{"damage":1,"enemies":"Giant Head","floor":44,"turns":6},{"damage":1,"enemies":"4 Shapes","floor":45,"turns":5},{"damage":0,"enemies":"Sphere and 2 Shapes","floor":47,"turns":5},{"damage":83,"enemies":"Awakened One","floor":50,"turns":9}],"seed_played":"5519956741569283206","potions_obtained":[{"floor":0.0,"key":"GhostInAJar"},{"floor":0.0,"key":"FearPotion"},{"floor":0.0,"key":"Dexterity Potion"},{"floor":5.0,"key":"Swift Potion"},{"floor":11.0,"key":"Block Potion"},{"floor":14.0,"key":"FearPotion"},{"floor":16.0,"key":"LiquidBronze"},{"floor":24.0,"key":"Strength Potion"},{"floor":28.0,"key":"Ancient Potion"},{"floor":33.0,"key":"Strength Potion"}],"is_trial":false,"path_per_floor":["M","M","$","M","M","R","E","R","T","?","E","$","E","M","R","B",null,"M","$","?","?","T","R","E","M","T","R","M","?","?","?","R","B",null,"M","?","$","M","M","R","?","R","T","E","M","R","M","?","R","B"],"character_chosen":"THE_SILENT","items_purchased":["Infinite Blades","PreservedInsect","Footwork","Pear","Noxious Fumes","Venomology"],"campfire_rested":4,"item_purchase_floors":[3,12,19,37,37,37],"current_hp_per_floor":[69,67,67,65,63,63,35,56,56,56,55,55,49,49,49,38,70,49,49,49,33,33,54,54,54,54,54,53,51,51,38,60,31,75,75,66,76,59,57,82,82,82,82,81,80,80,80,80,80,0],"gold":60,"neow_bonus":"THREE_SMALL_POTIONS","is_prod":false,"is_daily":false,"chose_seed":false,"campfire_upgraded":6,"win_rate":1,"timestamp":1549824505,"path_taken":["M","M","$","M","?","R","E","R","T","?","E","$","E","?","R","BOSS","M","$","?","?","?","R","E","M","T","R","?","?","?","?","R","BOSS","M","?","$","M","M","R","?","R","T","E","M","R","M","?","R","BOSS"],"build_version":"2019-01-23","purchased_purges":1,"victory":false,"max_hp_per_floor":[70,70,70,70,70,70,70,70,70,70,70,70,70,70,70,70,70,70,70,70,70,70,70,70,70,70,70,70,70,70,75,75,75,75,75,75,85,85,85,85,85,85,85,85,85,85,85,85,85,85],"card_choices":[{"not_picked":["Masterful Stab","Sucker Punch"],"picked":"Predator","floor":1.0},{"not_picked":["Distraction","Quick Slash"],"picked":"Terror","floor":2.0},{"not_picked":["Underhanded Strike","Dodge and Roll"],"picked":"Dagger Throw","floor":4.0},{"not_picked":["Malaise","Quick Slash"],"picked":"Noxious Fumes","floor":5.0},{"not_picked":["Heel Hook","Expertise"],"picked":"Footwork","floor":7.0},{"not_picked":["Acrobatics","Blade Dance"],"picked":"PiercingWail","floor":11.0},{"not_picked":["Phantasmal Killer","Dagger Throw"],"picked":"PiercingWail","floor":13.0},{"not_picked":["Deflect","Dodge and Roll"],"picked":"PiercingWail","floor":14.0},{"not_picked":["After Image","Venomology"],"picked":"Malaise","floor":16.0},{"not_picked":["Prepared","Flechettes"],"picked":"Bouncing Flask","floor":18.0},{"not_picked":["All Out Attack","Dagger Throw+1"],"picked":"After Image","floor":24.0},{"not_picked":["Flechettes","Dash"],"picked":"Quick Slash","floor":25.0},{"not_picked":["Flying Knee","Sucker Punch"],"picked":"Quick Slash+1","floor":28.0},{"not_picked":["Distraction","Backflip"],"picked":"Blur+1","floor":29.0},{"not_picked":["Night Terror","Tools of the Trade"],"picked":"A Thousand Cuts","floor":33.0},{"not_picked":["Quick Slash+1","Deflect+1"],"picked":"Tactician+1","floor":35.0},{"not_picked":["Dodge and Roll","Flying Knee+1"],"picked":"Caltrops+1","floor":35.0},{"not_picked":["Flechettes+1","Distraction"],"picked":"Poisoned Stab+1","floor":38.0},{"not_picked":["Deflect","Unload+1"],"picked":"Dodge and Roll","floor":38.0},{"not_picked":["Slice+1","Eviscerate+1"],"picked":"Endless Agony+1","floor":39.0},{"not_picked":["Deflect+1","Underhanded Strike+1"],"picked":"Escape Plan+1","floor":39.0},{"not_picked":["PiercingWail+1","Skewer+1"],"picked":"Backstab+1","floor":44},{"not_picked":["Underhanded Strike+1","Outmaneuver+1"],"picked":"Caltrops","floor":45},{"not_picked":["Poisoned Stab+1","Sucker Punch+1"],"picked":"Deadly Poison+1","floor":45},{"not_picked":["Outmaneuver+1","Phantasmal Killer+1"],"picked":"Flying Knee+1","floor":47},{"not_picked":["Flying Knee+1","Heel Hook+1"],"picked":"Quick Slash+1","floor":47}],"player_experience":31416,"relics_obtained":[{"floor":7.0,"key":"Orichalcum"},{"floor":9.0,"key":"Snake Skull"},{"floor":11.0,"key":"Tiny Chest"},{"floor":13.0,"key":"Mummified Hand"},{"floor":21.0,"key":"Nilry\u0027s Codex"},{"floor":22.0,"key":"Boot"},{"floor":24.0,"key":"Bag of Preparation"},{"floor":26.0,"key":"Torii"},{"floor":29.0,"key":"Prayer Wheel"},{"floor":29.0,"key":"Molten Egg 2"},{"floor":43,"key":"Toxic Egg 2"},{"floor":44,"key":"Vajra"}],"event_choices":[{"damage_healed":0.0,"max_hp_gain":0.0,"max_hp_loss":0.0,"gold_gain":0.0,"cards_transformed":["Defend_G"],"event_name":"Transmorgrifier","player_choice":"Transformed","floor":10.0,"gold_loss":0.0,"damage_taken":0.0,"cards_obtained":["Phantasmal Killer"]},{"damage_healed":0.0,"max_hp_gain":0.0,"max_hp_loss":0.0,"gold_gain":0.0,"event_name":"The Mausoleum","player_choice":"Opened","floor":20.0,"gold_loss":0.0,"damage_taken":0.0,"relics_obtained":["Anchor"]},{"damage_healed":0.0,"max_hp_gain":0.0,"max_hp_loss":0.0,"gold_gain":0.0,"event_name":"Cursed Tome","player_choice":"Obtained Book","floor":21.0,"gold_loss":0.0,"damage_taken":16.0},{"damage_healed":0.0,"max_hp_gain":0.0,"max_hp_loss":0.0,"gold_gain":0.0,"event_name":"Colosseum","player_choice":"Fight","floor":29.0,"gold_loss":0.0,"damage_taken":0.0},{"damage_healed":0.0,"max_hp_gain":0.0,"max_hp_loss":0.0,"gold_gain":0.0,"event_name":"Colosseum","player_choice":"Fought Nobs","floor":29.0,"gold_loss":0.0,"damage_taken":0.0},{"damage_healed":0.0,"max_hp_gain":0.0,"max_hp_loss":0.0,"gold_gain":99.0,"event_name":"Nest","player_choice":"Stole From Cult","floor":30.0,"gold_loss":0.0,"damage_taken":0.0},{"damage_healed":0.0,"max_hp_gain":5.0,"max_hp_loss":0.0,"gold_gain":0.0,"event_name":"Forgotten Altar","player_choice":"Shed Blood","floor":31.0,"gold_loss":0.0,"damage_taken":18.0},{"damage_healed":0.0,"max_hp_gain":0.0,"max_hp_loss":0.0,"gold_gain":0.0,"event_name":"Winding Halls","player_choice":"Embrace Madness","floor":36.0,"gold_loss":0.0,"damage_taken":9.0,"cards_obtained":["Madness","Madness"]},{"damage_healed":0,"gold_gain":0,"player_choice":"Paid","damage_taken":0,"relics_obtained":["Red Mask"],"max_hp_gain":0,"max_hp_loss":0,"event_name":"Tomb of Lord Red Mask","floor":41,"gold_loss":36},{"damage_healed":0,"gold_gain":0,"player_choice":"Copied","damage_taken":0,"max_hp_gain":0,"max_hp_loss":0,"event_name":"Duplicator","floor":48,"gold_loss":0,"cards_obtained":["After Image"]}],"is_beta":false,"boss_relics":[{"not_picked":["Coffee Dripper","Orrery"],"picked":"Astrolabe"},{"not_picked":["Fusion Hammer","HoveringKite"],"picked":"Sozu"}],"items_purged_floors":[3],"is_endless":false,"potions_floor_spawned":[4,5,11,14,16,24,28,33,38,39,47],"killed_by":"Awakened One","ascension_level":1}