{"gold_per_floor":[10,10,22,22,22,49,61,104,163,175,204,216,228,264,276,288],"floor_reached":16,"playtime":615,"items_purged":[],"score":108,"play_id":"9e2db2a3-35f1-4f50-b5b1-a2297cf9656c","local_time":"20181008000740","is_ascension_mode":false,"campfire_choices":[{"floor":7,"key":"REST"},{"floor":10,"key":"REST"},{"floor":15,"key":"REST"}],"neow_cost":"NO_GOLD","seed_source_timestamp":1322063378139735,"circlet_count":0,"master_deck":["Strike_B","Strike_B","Defend_B","Defend_B","Defend_B","Defend_B","Zap","Dualcast","Beam Cell","Creative AI","Sweeping Beam","Injury","Reboot","Conserve Battery"],"relics":["Cracked Core","Gambling Chip","MawBank","Matryoshka","Juzu Bracelet","Lantern","Golden Idol"],"potions_floor_usage":[],"damage_taken":[{"damage":7,"enemies":"2 Louse","floor":1,"turns":3},{"damage":0,"enemies":"Jaw Worm","floor":3,"turns":4},{"damage":36,"enemies":"Lagavulin","floor":6,"turns":5},{"damage":48,"enemies":"3 Sentries","floor":8,"turns":7},{"damage":7,"enemies":"Small Slimes","floor":11,"turns":4},{"damage":21,"enemies":"3 Louse","floor":14,"turns":4},{"damage":46,"enemies":"Slime Boss","floor":16,"turns":10}],"seed_played":"9090666276878846265","potions_obtained":[{"floor":6,"key":"FairyPotion"}],"is_trial":false,"path_per_floor":["M","?","M","?","$","E","R","E","T","R","M","?","?","M","R"],"character_chosen":"DEFECT","items_purchased":[],"campfire_rested":3,"item_purchase_floors":[],"current_hp_per_floor":[68,73,73,66,66,30,54,6,6,30,23,23,23,2,26,0],"gold":288,"neow_bonus":"ONE_RARE_RELIC","is_prod":false,"is_daily":false,"chose_seed":false,"campfire_upgraded":0,"win_rate":0.0,"timestamp":1538928460,"path_taken":["M","?","M","?","?","E","R","E","T","R","M","?","?","M","R","BOSS"],"build_version":"2018-10-04v2","purchased_purges":0,"victory":false,"max_hp_per_floor":[75,80,80,80,80,80,80,80,80,80,80,80,80,80,80,80],"card_choices":[{"not_picked":["Redo","Coolheaded"],"picked":"Beam Cell","floor":1},{"not_picked":["Redo","Force Field","Double Energy"],"picked":"SKIP","floor":3},{"not_picked":["Fusion","Hologram"],"picked":"Creative AI","floor":6},{"not_picked":["Barrage","Tempest","Rip and Tear"],"picked":"SKIP","floor":8},{"not_picked":["Barrage","Coolheaded"],"picked":"Sweeping Beam","floor":11},{"not_picked":["Rip and Tear","Fusion"],"picked":"Conserve Battery","floor":14}],"player_experience":13587,"relics_obtained":[{"floor":6,"key":"MawBank"},{"floor":8,"key":"Matryoshka"},{"floor":9,"key":"Juzu Bracelet"},{"floor":9,"key":"Lantern"}],"event_choices":[{"event_name":"Big Fish","player_choice":"Donut","floor":2,"damage_taken":0},{"event_name":"Golden Wing","player_choice":"Card Removal","floor":4,"damage_taken":0},{"event_name":"Golden Idol","player_choice":"Take Wound","floor":12,"damage_taken":0},{"event_name":"Living Wall","player_choice":"Change","floor":13,"damage_taken":0}],"is_beta":false,"boss_relics":[],"items_purged_floors":[],"is_endless":false,"potions_floor_spawned":[6],"killed_by":"Slime Boss","ascension_level":0}