{"gold_per_floor":[117,133,133,145,145,203,203,221,247,247,309,329,329,357,357,458,458,471,471,570,570,336,363,363,376,376,376,376,376,393,319,319,421,421,439,439,450,203,303,303,331,331,331,343,343,358,371,151,151,151],"floor_reached":51,"playtime":1791,"items_purged":["Strike_B+1"],"score":701,"play_id":"801051a8-26fc-4dd2-9b05-da10e1208f38","local_time":"20181124223407","is_ascension_mode":false,"campfire_choices":[{"data":"Dualcast","floor":10,"key":"SMITH"},{"data":"Zap","floor":13,"key":"SMITH"},{"data":"Echo Form","floor":15,"key":"SMITH"},{"floor":24,"key":"REST"},{"floor":27,"key":"REST"},{"data":"Capacitor","floor":29,"key":"SMITH"},{"data":"Echo Form","floor":32,"key":"SMITH"},{"data":"Ball Lightning","floor":40,"key":"SMITH"},{"data":"Cold Snap","floor":42,"key":"SMITH"},{"data":"Core Surge","floor":45,"key":"SMITH"},{"floor":49,"key":"REST"}],"neow_cost":"NONE","seed_source_timestamp":610828399650031,"circlet_count":0,"master_deck":["Strike_B+1","Strike_B+1","Defend_B+1","Defend_B+1","Defend_B+1","Defend_B+1","Zap+1","Dualcast+1","Cold Snap+1","Capacitor+1","Conserve Battery+1","Core Surge+1","Echo Form+1","Ball Lightning+1","Echo Form+1","Steam+1","Stack+1","Chill+1","Tempest+1","Chill+1","Rainbow+1","White Noise+1","Glacier+1","Chaos+1"],"special_seed":0,"relics":["Cracked Core","Tiny Chest","Ancient Tea Set","Potion Belt","Toxic Egg 2","Philosopher\u0027s Stone","War Paint","Cables","Gremlin Horn","Sozu","Singing Bowl","Frozen Egg 2","Kunai","DataDisk"],"potions_floor_usage":[23,50,50,50],"damage_taken":[{"damage":1.0,"enemies":"Jaw Worm","floor":1.0,"turns":4.0},{"damage":0.0,"enemies":"Cultist","floor":2.0,"turns":3.0},{"damage":0.0,"enemies":"2 Louse","floor":4.0,"turns":3.0},{"damage":15.0,"enemies":"Lagavulin","floor":6.0,"turns":10.0},{"damage":2,"enemies":"2 Fungi Beasts","floor":8,"turns":4},{"damage":8,"enemies":"3 Sentries","floor":11,"turns":9},{"damage":0,"enemies":"3 Louse","floor":12,"turns":3},{"damage":7,"enemies":"3 Sentries","floor":14,"turns":8},{"damage":18,"enemies":"Hexaghost","floor":16,"turns":11},{"damage":14,"enemies":"Shell Parasite","floor":18,"turns":5},{"damage":26,"enemies":"Slavers","floor":23,"turns":7},{"damage":0,"enemies":"Chosen","floor":25,"turns":5},{"damage":4,"enemies":"Snecko","floor":30,"turns":5},{"damage":35,"enemies":"Collector","floor":33,"turns":9},{"damage":4,"enemies":"3 Darklings","floor":35,"turns":7},{"damage":0,"enemies":"Orb Walker","floor":37,"turns":3},{"damage":12,"enemies":"Giant Head","floor":41,"turns":9},{"damage":4,"enemies":"Spire Growth","floor":44,"turns":5},{"damage":12,"enemies":"Maw","floor":46,"turns":8},{"damage":11,"enemies":"3 Darklings","floor":47,"turns":5},{"damage":3,"enemies":"Donu and Deca","floor":50,"turns":9}],"seed_played":"216179857518395248","potions_obtained":[{"floor":2.0,"key":"FocusPotion"},{"floor":8,"key":"GamblersBrew"},{"floor":14,"key":"Ancient Potion"},{"floor":16,"key":"SteroidPotion"},{"floor":30,"key":"PowerPotion"}],"is_trial":false,"path_per_floor":["M","M","?","M","$","E","?","M","T","R","?","M","R","E","R","B",null,"M","?","?","?","$","E","R","M","T","R","?","R","M","$","R","B",null,"M","?","M","$","?","R","E","R","T","M","R","M","M","$","R","B",null],"character_chosen":"DEFECT","items_purchased":["War Paint","Steam+1","Stack+1","Chill+1","Singing Bowl","DataDisk"],"campfire_rested":3,"item_purchase_floors":[22,22,22,31,38,48],"current_hp_per_floor":[74,74,67,67,67,52,52,50,50,50,42,42,42,35,35,17,75,61,47,47,47,47,21,45,45,45,69,69,69,65,65,65,30,80,76,76,76,76,76,76,64,64,64,60,60,50,41,41,66,63],"gold":151,"neow_bonus":"THREE_CARDS","is_prod":false,"is_daily":false,"chose_seed":false,"campfire_upgraded":8,"win_rate":0,"timestamp":1543098847,"path_taken":["M","M","?","M","$","E","?","?","T","R","?","M","R","E","R","BOSS","M","?","?","?","$","E","R","M","T","R","?","R","?","$","R","BOSS","M","?","?","$","?","R","E","R","T","M","R","M","M","$","R","BOSS"],"build_version":"2018-11-15","purchased_purges":1,"victory":true,"max_hp_per_floor":[75,75,75,75,75,75,75,75,75,75,75,75,75,75,75,75,75,75,80,80,80,80,80,80,80,80,80,80,80,80,80,80,80,80,80,80,80,80,80,80,80,80,80,80,80,82,84,84,84,84],"card_choices":[{"not_picked":["Streamline","Hologram"],"picked":"Cold Snap","floor":0.0},{"not_picked":["Turbo","Cold Snap","Gash"],"picked":"SKIP","floor":1.0},{"not_picked":["Hologram","Streamline"],"picked":"Capacitor","floor":2.0},{"not_picked":["Undo","Turbo"],"picked":"Conserve Battery","floor":4.0},{"not_picked":["Rebound","Steam","Streamline"],"picked":"SKIP","floor":6.0},{"not_picked":["Sweeping Beam","Rebound","Compile Driver"],"picked":"SKIP","floor":8},{"not_picked":["Conserve Battery","Glacier"],"picked":"Echo Form","floor":11},{"not_picked":["Barrage","Stack","Reprogram"],"picked":"SKIP","floor":12},{"not_picked":["White Noise","Cold Snap"],"picked":"Ball Lightning","floor":14},{"not_picked":["Hyperbeam","Meteor Strike"],"picked":"Echo Form","floor":16},{"not_picked":["Rebound","Melter","Aggregate+1"],"picked":"SKIP","floor":18},{"not_picked":["Stack+1","Core Surge"],"picked":"Chill+1","floor":23},{"not_picked":["Melter","Recycle+1","Rip and Tear"],"picked":"SKIP","floor":25},{"not_picked":["Redo+1","Cold Snap"],"picked":"Tempest+1","floor":30},{"not_picked":["Machine Learning","Creative AI"],"picked":"Rainbow+1","floor":33},{"not_picked":["Hologram+1","Gash"],"picked":"White Noise+1","floor":35},{"not_picked":["Steam+1","Ball Lightning","Hello World"],"picked":"SKIP","floor":37},{"not_picked":["Melter+1","Lockon"],"picked":"Glacier+1","floor":41},{"not_picked":["Sunder+1","Conserve Battery+1"],"picked":"Chaos+1","floor":44},{"not_picked":["Barrage","Ball Lightning","Heatsinks+1"],"picked":"Singing Bowl","floor":46},{"not_picked":["BootSequence+1","Lockon","Coolheaded+1"],"picked":"Singing Bowl","floor":47}],"player_experience":819832,"relics_obtained":[{"floor":6.0,"key":"Tiny Chest"},{"floor":9,"key":"Ancient Tea Set"},{"floor":14,"key":"Toxic Egg 2"},{"floor":23,"key":"Cables"},{"floor":26,"key":"Gremlin Horn"},{"floor":41,"key":"Frozen Egg 2"},{"floor":43,"key":"Kunai"}],"event_choices":[{"cards_removed":["Strike_B"],"damage_healed":0.0,"max_hp_gain":0.0,"max_hp_loss":0.0,"gold_gain":0.0,"event_name":"Golden Wing","player_choice":"Card Removal","floor":3.0,"gold_loss":0.0,"damage_taken":7.0},{"damage_healed":0,"gold_gain":0,"player_choice":"1 cards matched","damage_taken":0,"max_hp_gain":0,"max_hp_loss":0,"event_name":"Match and Keep!","floor":7,"gold_loss":0,"cards_obtained":["Core Surge"]},{"damage_healed":0,"gold_gain":0,"player_choice":"Searched \u00272\u0027 times","damage_taken":0,"relics_obtained":["Potion Belt"],"max_hp_gain":0,"max_hp_loss":0,"event_name":"Dead Adventurer","floor":11,"gold_loss":0},{"damage_healed":0,"gold_gain":0,"player_choice":"Shed Blood","damage_taken":19,"max_hp_gain":5,"max_hp_loss":0,"event_name":"Forgotten Altar","floor":19,"gold_loss":0},{"damage_healed":0,"gold_gain":99,"player_choice":"Stole From Cult","damage_taken":0,"max_hp_gain":0,"max_hp_loss":0,"event_name":"Nest","floor":20,"gold_loss":0},{"damage_healed":0,"gold_gain":0,"player_choice":"Ignored","damage_taken":0,"max_hp_gain":0,"max_hp_loss":0,"event_name":"Vampires","floor":21,"gold_loss":0},{"damage_healed":0,"gold_gain":0,"player_choice":"Simplicity","damage_taken":0,"max_hp_gain":0,"max_hp_loss":0,"event_name":"Back to Basics","floor":28,"gold_loss":0,"cards_upgraded":["Strike_B","Strike_B","Strike_B","Defend_B","Defend_B","Defend_B"]},{"damage_healed":0,"gold_gain":0,"player_choice":"Got Potions","damage_taken":0,"max_hp_gain":0,"max_hp_loss":0,"event_name":"Lab","floor":36,"gold_loss":0},{"damage_healed":0,"gold_gain":100,"player_choice":"Pray","damage_taken":0,"max_hp_gain":0,"max_hp_loss":0,"event_name":"Golden Shrine","floor":39,"gold_loss":0}],"is_beta":false,"boss_relics":[{"not_picked":["Runic Pyramid","Calling Bell"],"picked":"Philosopher\u0027s Stone"},{"not_picked":["Coffee Dripper","Snecko Eye"],"picked":"Sozu"}],"items_purged_floors":[48],"is_endless":false,"potions_floor_spawned":[2,8,14,16,30,35,44,46],"ascension_level":0}