{"gold_per_floor":[119,34,49,62,79,79,90,116,116,116,131,158,158,176,176,253,253,263,178,103,117,133,133,133,133,133,133,145,145,145,160,160,239,239,259,85,0,19,19,119,119,34,34,34,47,63,63,63],"floor_reached":48,"playtime":3812,"items_purged":["Strike_G"],"score":883,"play_id":"60a830bc-517a-45bc-a1c5-abf5c6e0b743","local_time":"20190209093554","is_ascension_mode":true,"campfire_choices":[{"data":"Neutralize","floor":6,"key":"SMITH"},{"floor":10,"key":"REST"},{"floor":15,"key":"REST"},{"data":"Footwork","floor":23,"key":"SMITH"},{"data":"Envenom","floor":25,"key":"SMITH"},{"data":"Riddle With Holes","floor":27,"key":"SMITH"},{"data":"Footwork","floor":29,"key":"SMITH"},{"floor":32,"key":"REST"},{"data":"A Thousand Cuts","floor":41,"key":"SMITH"},{"floor":47,"key":"REST"}],"neow_cost":"NONE","seed_source_timestamp":340279757356400,"circlet_count":0,"master_deck":["AscendersBane","Defend_G","Defend_G+1","Defend_G","Defend_G","Defend_G","Strike_G","Strike_G","Strike_G","Strike_G","Survivor+1","Neutralize+1","Poisoned Stab","Well Laid Plans","Slice","PiercingWail","Riddle With Holes+1","Deadly Poison","Finisher+1","Leg Sweep","Dodge and Roll","Envenom+1","Footwork+1","Dash","PiercingWail","Footwork+1","PiercingWail","A Thousand Cuts+1","Dash","Malaise","Dash","Noxious Fumes+1","Noxious Fumes"],"relics":["Ring of the Snake","Art of War","Ornamental Fan","Oddly Smooth Stone","War Paint","Sozu","Ninja Scroll","Bag of Marbles","Shuriken","Spirit Poop","Lizard Tail","Red Mask","Torii","Question Card"],"potions_floor_usage":[7,7,12,18,33],"damage_taken":[{"damage":2,"enemies":"Cultist","floor":1,"turns":5},{"damage":0,"enemies":"Small Slimes","floor":3,"turns":4},{"damage":0,"enemies":"Jaw Worm","floor":4,"turns":3},{"damage":0,"enemies":"2 Fungi Beasts","floor":5,"turns":4},{"damage":19,"enemies":"Large Slime","floor":7,"turns":7},{"damage":24,"enemies":"3 Sentries","floor":8,"turns":11},{"damage":6,"enemies":"Exordium Thugs","floor":11,"turns":5},{"damage":20,"enemies":"Gremlin Nob","floor":12,"turns":4},{"damage":0,"enemies":"2 Fungi Beasts","floor":14,"turns":2},{"damage":21,"enemies":"The Guardian","floor":16,"turns":13},{"damage":0,"enemies":"3 Byrds","floor":18,"turns":6},{"damage":12,"enemies":"Spheric Guardian","floor":21,"turns":7},{"damage":5,"enemies":"Snake Plant","floor":22,"turns":3},{"damage":2,"enemies":"3 Cultists","floor":28,"turns":6},{"damage":0,"enemies":"Centurion and Healer","floor":31,"turns":6},{"damage":33,"enemies":"Champ","floor":33,"turns":16},{"damage":18,"enemies":"Orb Walker","floor":35,"turns":5},{"damage":6,"enemies":"3 Darklings","floor":38,"turns":10},{"damage":2,"enemies":"Mind Bloom Boss Battle","floor":40,"turns":12},{"damage":54,"enemies":"Spire Growth","floor":45,"turns":7},{"damage":1,"enemies":"Sphere and 2 Shapes","floor":46,"turns":7},{"damage":52,"enemies":"Reptomancer","floor":48,"turns":3}],"seed_played":"4966713183462831524","potions_obtained":[{"floor":3,"key":"SkillPotion"},{"floor":5,"key":"SkillPotion"},{"floor":8,"key":"Dexterity Potion"},{"floor":11,"key":"PowerPotion"},{"floor":16,"key":"EssenceOfSteel"}],"is_trial":false,"path_per_floor":["M","$","M","M","M","R","M","E","T","R","M","E","?","M","R","B",null,"M","?","$","M","M","R","?","R","T","R","M","R","?","M","R","B",null,"M","$","?","M","?","?","R","$","T","?","M","M","R","E"],"character_chosen":"THE_SILENT","items_purchased":["Well Laid Plans","Malaise","Noxious Fumes"],"campfire_rested":4,"item_purchase_floors":[2,36,42],"current_hp_per_floor":[57,57,57,57,57,57,38,14,14,33,27,7,7,7,26,5,51,51,51,51,39,34,34,34,34,34,34,32,32,32,32,51,18,54,36,36,36,30,30,28,28,28,28,28,17,16,35,0],"gold":63,"neow_bonus":"RANDOM_COMMON_RELIC","is_prod":false,"is_daily":false,"chose_seed":false,"campfire_upgraded":6,"win_rate":0,"timestamp":1549701354,"path_taken":["M","$","?","M","M","R","M","E","T","R","M","E","?","M","R","BOSS","M","?","$","M","M","R","?","R","T","R","M","R","?","?","R","BOSS","M","$","?","M","?","?","R","?","T","?","M","?","R","E"],"build_version":"2019-01-23","purchased_purges":1,"victory":false,"max_hp_per_floor":[66,66,66,66,66,66,66,66,66,66,66,66,66,66,66,66,66,66,66,66,66,66,66,66,66,66,66,66,66,66,66,66,66,66,66,66,66,66,66,66,66,66,66,66,66,66,66,66],"card_choices":[{"not_picked":["Blur","Outmaneuver"],"picked":"Poisoned Stab","floor":1},{"not_picked":["Underhanded Strike","Deflect"],"picked":"Slice","floor":3},{"not_picked":["Dodge and Roll","Slice"],"picked":"PiercingWail","floor":4},{"not_picked":["Deflect","Deadly Poison"],"picked":"Riddle With Holes","floor":5},{"not_picked":["Caltrops","Poisoned Stab"],"picked":"Deadly Poison","floor":7},{"not_picked":["Storm of Steel","Outmaneuver"],"picked":"Finisher","floor":8},{"not_picked":["Blade Dance","Bouncing Flask"],"picked":"Leg Sweep","floor":11},{"not_picked":["Expertise","Sucker Punch"],"picked":"Dodge and Roll","floor":12},{"not_picked":["Deflect","Finisher","Bane"],"picked":"SKIP","floor":14},{"not_picked":["Storm of Steel","Venomology"],"picked":"Envenom","floor":16},{"not_picked":["Escape Plan","Dagger Spray"],"picked":"Footwork","floor":18},{"not_picked":["Finisher","Setup"],"picked":"Dash","floor":21},{"not_picked":["Sucker Punch","Terror"],"picked":"PiercingWail","floor":22},{"not_picked":["Quick Slash","Flying Knee"],"picked":"Footwork","floor":28},{"not_picked":["Flechettes","Flying Knee"],"picked":"PiercingWail","floor":31},{"not_picked":["Corpse Explosion","Doppelganger"],"picked":"A Thousand Cuts","floor":33},{"not_picked":["Poisoned Stab","Underhanded Strike"],"picked":"Dash","floor":35},{"not_picked":["Poisoned Stab","Deflect","Outmaneuver+1"],"picked":"SKIP","floor":38},{"not_picked":["Riddle With Holes","Slice"],"picked":"Dash","floor":40},{"not_picked":["Accuracy","Prepared+1","Die Die Die"],"picked":"Noxious Fumes","floor":45},{"not_picked":["Dagger Spray","Sucker Punch","Flechettes","Escape Plan"],"picked":"SKIP","floor":46}],"player_experience":491932,"relics_obtained":[{"floor":8,"key":"Ornamental Fan"},{"floor":9,"key":"Oddly Smooth Stone"},{"floor":12,"key":"War Paint"},{"floor":26,"key":"Shuriken"},{"floor":40,"key":"Torii"},{"floor":43,"key":"Question Card"}],"event_choices":[{"damage_healed":0,"gold_gain":0,"player_choice":"Grow","damage_taken":0,"max_hp_gain":0,"max_hp_loss":0,"event_name":"Living Wall","floor":13,"gold_loss":0,"cards_upgraded":["Finisher"]},{"damage_healed":0,"gold_gain":0,"player_choice":"Obtained Relic","damage_taken":0,"relics_obtained":["Ninja Scroll"],"max_hp_gain":0,"max_hp_loss":0,"event_name":"Addict","floor":19,"gold_loss":85},{"damage_healed":0,"gold_gain":0,"player_choice":"Opened","damage_taken":0,"relics_obtained":["Bag of Marbles"],"max_hp_gain":0,"max_hp_loss":0,"event_name":"The Mausoleum","floor":24,"gold_loss":0,"cards_obtained":["Writhe"]},{"cards_removed":["Writhe"],"damage_healed":0,"gold_gain":0,"player_choice":"Offered Curse","damage_taken":0,"relics_obtained":["Spirit Poop"],"max_hp_gain":0,"max_hp_loss":0,"event_name":"Bonfire Elementals","floor":30,"gold_loss":0},{"damage_healed":0,"gold_gain":0,"player_choice":"Paid","damage_taken":0,"relics_obtained":["Red Mask"],"max_hp_gain":0,"max_hp_loss":0,"event_name":"Tomb of Lord Red Mask","floor":37,"gold_loss":85},{"damage_healed":0,"gold_gain":0,"player_choice":"Ignored","damage_taken":0,"max_hp_gain":0,"max_hp_loss":0,"event_name":"The Moai Head","floor":39,"gold_loss":0},{"damage_healed":0,"gold_gain":0,"player_choice":"Fight","damage_taken":0,"max_hp_gain":0,"max_hp_loss":0,"event_name":"MindBloom","floor":40,"gold_loss":0},{"damage_healed":0,"gold_gain":0,"player_choice":"Forge","damage_taken":0,"max_hp_gain":0,"max_hp_loss":0,"event_name":"Accursed Blacksmith","floor":44,"gold_loss":0,"cards_upgraded":["Noxious Fumes"]}],"is_beta":false,"boss_relics":[{"not_picked":["Fusion Hammer","Black Star"],"picked":"Sozu"},{"not_picked":["Coffee Dripper","Snecko Eye"],"picked":"Lizard Tail"}],"items_purged_floors":[20],"is_endless":false,"potions_floor_spawned":[3,5,8,11,16,18,35,38],"killed_by":"Reptomancer","ascension_level":20}