{"gold_per_floor":[117,135,2,21,21,54,54,88,139,139,164,164,184,207,207,300,300,324,348,348,366,385,385,385],"floor_reached":24,"playtime":1823,"items_purged":[],"score":420,"play_id":"68061c51-f4d8-4b43-acba-34f3bbde056c","local_time":"20190208222807","is_ascension_mode":true,"campfire_choices":[{"data":"Skewer","floor":7.0,"key":"SMITH"},{"data":"Neutralize","floor":10.0,"key":"SMITH"},{"data":"Adrenaline","floor":12.0,"key":"SMITH"},{"floor":15.0,"key":"REST"},{"floor":23,"key":"REST"}],"neow_cost":"NONE","seed_source_timestamp":0,"circlet_count":0,"master_deck":["AscendersBane","Defend_G","Defend_G","Defend_G","Defend_G","Defend_G","Strike_G","Strike_G","Strike_G","Strike_G","Strike_G","Survivor","Neutralize+1","Infinite Blades","Poisoned Stab","Skewer+1","All Out Attack","Adrenaline+1","Crippling Poison","Footwork","Wraith Form v2","Dodge and Roll"],"special_seed":0,"relics":["Ring of the Snake","Blood Vial","Golden Idol","Mercury Hourglass","Strawberry","Cursed Key"],"potions_floor_usage":[19,21,22,22],"damage_taken":[{"damage":8.0,"enemies":"Small Slimes","floor":1.0,"turns":5.0},{"damage":0.0,"enemies":"Jaw Worm","floor":2.0,"turns":3.0},{"damage":0.0,"enemies":"Cultist","floor":4.0,"turns":3.0},{"damage":17.0,"enemies":"Lagavulin","floor":6.0,"turns":5.0},{"damage":30.0,"enemies":"Gremlin Nob","floor":8.0,"turns":4.0},{"damage":0.0,"enemies":"3 Louse","floor":11.0,"turns":3.0},{"damage":7.0,"enemies":"Looter","floor":13.0,"turns":3.0},{"damage":2.0,"enemies":"Large Slime","floor":14.0,"turns":5.0},{"damage":30.0,"enemies":"Slime Boss","floor":16.0,"turns":10.0},{"damage":23,"enemies":"2 Thieves","floor":18,"turns":4},{"damage":0,"enemies":"3 Byrds","floor":19,"turns":2},{"damage":18,"enemies":"Snake Plant","floor":21,"turns":4},{"damage":5,"enemies":"3 Cultists","floor":22,"turns":4},{"damage":37,"enemies":"Slavers","floor":24,"turns":3}],"seed_played":"-8939571646371306223","potions_obtained":[{"floor":1.0,"key":"FearPotion"},{"floor":4.0,"key":"SteroidPotion"},{"floor":14.0,"key":"Weak Potion"},{"floor":16.0,"key":"LiquidBronze"},{"floor":21,"key":"Block Potion"},{"floor":22,"key":"Fruit Juice"}],"is_trial":false,"path_per_floor":["M","M","$","M","?","E","R","E","T","R","M","R","M","M","R","B",null,"M","M","?","M","M","R","E"],"character_chosen":"THE_SILENT","items_purchased":["Skewer","Fire Potion"],"campfire_rested":2,"item_purchase_floors":[3,3],"current_hp_per_floor":[53,55,55,57,57,42,42,21,21,21,23,23,18,18,38,10,53,32,34,24,8,10,31,0],"gold":385,"neow_bonus":"RANDOM_COMMON_RELIC","is_prod":false,"is_daily":false,"chose_seed":false,"campfire_upgraded":3,"win_rate":0,"timestamp":1549661287,"path_taken":["M","M","$","M","?","E","R","E","T","R","M","R","M","M","R","BOSS","M","M","?","M","M","R","E"],"build_version":"2019-01-23","purchased_purges":0,"victory":false,"max_hp_per_floor":[66,66,66,66,60,60,60,67,67,67,67,67,67,67,67,67,67,67,67,67,67,72,72,72],"card_choices":[{"not_picked":["PiercingWail","Deflect"],"picked":"Infinite Blades","floor":1.0},{"not_picked":["Infinite Blades","Dagger Spray"],"picked":"Poisoned Stab","floor":2.0},{"not_picked":["Catalyst","Deflect"],"picked":"All Out Attack","floor":4.0},{"not_picked":["Prepared","All Out Attack","Calculated Gamble"],"picked":"SKIP","floor":6.0},{"not_picked":["Reflex","Distraction","Skewer"],"picked":"SKIP","floor":8.0},{"not_picked":["Setup","Masterful Stab"],"picked":"Adrenaline","floor":11.0},{"not_picked":["Slice","PiercingWail"],"picked":"Crippling Poison","floor":13.0},{"not_picked":["All Out Attack","Blur"],"picked":"Footwork","floor":14.0},{"not_picked":["Die Die Die","Night Terror"],"picked":"Wraith Form v2","floor":16.0},{"not_picked":["Flechettes","Deflect","Quick Slash+1"],"picked":"SKIP","floor":18},{"not_picked":["Poisoned Stab","Flying Knee"],"picked":"Dodge and Roll","floor":19},{"not_picked":["Dagger Throw","Concentrate+1","Deadly Poison"],"picked":"SKIP","floor":21},{"not_picked":["Blade Dance","Dagger Spray","Heel Hook"],"picked":"SKIP","floor":22}],"player_experience":485805,"relics_obtained":[{"floor":6.0,"key":"Mercury Hourglass"},{"floor":8.0,"key":"Strawberry"}],"event_choices":[{"damage_healed":0.0,"max_hp_gain":0.0,"max_hp_loss":6.0,"gold_gain":0.0,"event_name":"Golden Idol","player_choice":"Lose Max HP","floor":5.0,"gold_loss":0.0,"damage_taken":0.0,"relics_obtained":["Golden Idol"]},{"damage_healed":0,"gold_gain":0,"player_choice":"Damaged","damage_taken":10,"max_hp_gain":0,"max_hp_loss":0,"event_name":"Wheel of Change","floor":20,"gold_loss":0}],"is_beta":false,"boss_relics":[{"not_picked":["Coffee Dripper","Black Star"],"picked":"Cursed Key"}],"items_purged_floors":[],"is_endless":false,"potions_floor_spawned":[1,4,14,16,18,21,22],"killed_by":"Slavers","ascension_level":20}