{"gold_per_floor":[119,137,36,53,63,63,94,114,114,114,140,156,156,183,183,281,281,296,296,296,310,310,310,321,332,332,332,347,347,247,259,259,259],"floor_reached":33,"playtime":896,"items_purged":["Strike_R","Strike_R"],"score":269,"play_id":"5c40c351-85ec-45b0-8be6-93e68a05c027","local_time":"20190203212809","is_ascension_mode":false,"campfire_choices":[{"data":"Armaments","floor":6,"key":"SMITH"},{"data":"Whirlwind","floor":10,"key":"SMITH"},{"data":"True Grit","floor":13,"key":"SMITH"},{"data":"Double Tap","floor":15,"key":"SMITH"},{"data":"Barricade","floor":23,"key":"SMITH"},{"data":"Entrench","floor":27,"key":"SMITH"},{"data":"Whirlwind","floor":29,"key":"SMITH"},{"data":"Carnage","floor":32,"key":"SMITH"}],"neow_cost":"NONE","seed_source_timestamp":187689415710800,"circlet_count":0,"master_deck":["Strike_R","Strike_R","Strike_R","Defend_R","Defend_R","Defend_R","Defend_R","Bash","Whirlwind+1","Armaments+1","Heavy Blade","Shrug It Off","Carnage+1","Whirlwind+1","True Grit+1","Double Tap+1","Barricade+1","Entrench+1","Dropkick+1"],"relics":["Burning Blood","Oddly Smooth Stone","Omamori","Turnip","Mummified Hand","StoneCalendar","Busted Crown","Ancient Tea Set"],"potions_floor_usage":[16,16,16],"damage_taken":[{"damage":9,"enemies":"Jaw Worm","floor":1,"turns":4},{"damage":0,"enemies":"2 Louse","floor":2,"turns":2},{"damage":0,"enemies":"Small Slimes","floor":4,"turns":4},{"damage":7,"enemies":"Blue Slaver","floor":5,"turns":5},{"damage":34,"enemies":"Gremlin Nob","floor":7,"turns":5},{"damage":1,"enemies":"Looter","floor":8,"turns":4},{"damage":21,"enemies":"3 Sentries","floor":11,"turns":8},{"damage":2,"enemies":"Large Slime","floor":12,"turns":5},{"damage":24,"enemies":"Gremlin Nob","floor":14,"turns":5},{"damage":18,"enemies":"The Guardian","floor":16,"turns":9},{"damage":0,"enemies":"Spheric Guardian","floor":18,"turns":5},{"damage":0,"enemies":"3 Byrds","floor":21,"turns":1},{"damage":8,"enemies":"Snake Plant","floor":24,"turns":4},{"damage":10,"enemies":"Chosen and Byrds","floor":25,"turns":6},{"damage":10,"enemies":"Cultist and Chosen","floor":28,"turns":2},{"damage":6,"enemies":"Centurion and Healer","floor":31,"turns":6},{"damage":58,"enemies":"Automaton","floor":33,"turns":8}],"seed_played":"4112029162473508672","potions_obtained":[{"floor":1,"key":"AttackPotion"},{"floor":12,"key":"EssenceOfSteel"},{"floor":14,"key":"Weak Potion"},{"floor":21,"key":"Weak Potion"},{"floor":25,"key":"PowerPotion"},{"floor":28,"key":"EssenceOfSteel"}],"is_trial":false,"path_per_floor":["M","M","$","M","M","R","E","M","T","R","E","M","R","E","R","B",null,"M","?","?","M","?","R","M","M","T","R","M","R","$","M","R","B"],"character_chosen":"IRONCLAD","items_purchased":["Armaments"],"campfire_rested":0,"item_purchase_floors":[3],"current_hp_per_floor":[77,80,80,80,79,79,51,56,56,56,41,45,45,27,27,15,80,80,80,80,80,65,65,63,59,59,59,55,55,55,55,55,0],"gold":259,"neow_bonus":"RANDOM_COMMON_RELIC","is_prod":false,"is_daily":false,"chose_seed":false,"campfire_upgraded":8,"win_rate":0,"timestamp":1549200489,"path_taken":["M","M","$","M","M","R","E","M","T","R","E","M","R","E","R","BOSS","M","?","?","M","?","R","M","M","T","R","M","R","?","M","R","BOSS"],"build_version":"2019-01-23","purchased_purges":2,"victory":false,"max_hp_per_floor":[80,80,80,80,80,80,80,80,80,80,80,80,80,80,80,80,80,80,80,80,80,85,85,85,85,85,85,85,85,85,85,85,85],"card_choices":[{"not_picked":["Pummel","Twin Strike"],"picked":"Whirlwind","floor":1},{"not_picked":["Thunderclap","Seeing Red","Corruption"],"picked":"SKIP","floor":2},{"not_picked":["Thunderclap","Clash"],"picked":"Heavy Blade","floor":4},{"not_picked":["Reckless Charge","Clothesline"],"picked":"Shrug It Off","floor":5},{"not_picked":["Cleave","Feel No Pain","Clash"],"picked":"SKIP","floor":7},{"not_picked":["Body Slam","Second Wind"],"picked":"Carnage","floor":8},{"not_picked":["Havoc","Heavy Blade"],"picked":"Whirlwind","floor":11},{"not_picked":["Thunderclap","Double Tap"],"picked":"True Grit","floor":12},{"not_picked":["Rage","Clash"],"picked":"Double Tap","floor":14},{"not_picked":["Immolate","Fiend Fire"],"picked":"Barricade","floor":16},{"not_picked":["Cleave"],"picked":"SKIP","floor":18},{"not_picked":["Sever Soul+1"],"picked":"SKIP","floor":21},{"not_picked":["Burning Pact+1"],"picked":"SKIP","floor":24},{"not_picked":[],"picked":"Dropkick+1","floor":25},{"not_picked":["Entrench"],"picked":"SKIP","floor":28},{"not_picked":["Searing Blow+1"],"picked":"SKIP","floor":31}],"player_experience":184253,"relics_obtained":[{"floor":7,"key":"Omamori"},{"floor":9,"key":"Turnip"},{"floor":11,"key":"Mummified Hand"},{"floor":14,"key":"StoneCalendar"},{"floor":26,"key":"Ancient Tea Set"}],"event_choices":[{"damage_healed":0,"gold_gain":0,"player_choice":"Read","damage_taken":0,"max_hp_gain":0,"max_hp_loss":0,"event_name":"The Library","floor":19,"gold_loss":0,"cards_obtained":["Entrench"]},{"damage_healed":0,"gold_gain":0,"player_choice":"Ignored","damage_taken":0,"max_hp_gain":0,"max_hp_loss":0,"event_name":"Vampires","floor":20,"gold_loss":0},{"damage_healed":0,"gold_gain":0,"player_choice":"Shed Blood","damage_taken":20,"max_hp_gain":5,"max_hp_loss":0,"event_name":"Forgotten Altar","floor":22,"gold_loss":0}],"is_beta":false,"boss_relics":[{"not_picked":["Runic Cube","Lizard Tail"],"picked":"Busted Crown"}],"items_purged_floors":[3,30],"is_endless":false,"potions_floor_spawned":[1,12,14,21,25,28],"killed_by":"Automaton","ascension_level":0}