{"gold_per_floor":[112,127,147,222,235,235,247,247,274,289,289,300,300,316,316,316],"floor_reached":16,"playtime":851,"items_purged":[],"score":178,"play_id":"fc065131-58c8-4c7b-aa16-4f174dc61371","local_time":"20181126205141","is_ascension_mode":true,"campfire_choices":[{"floor":6,"key":"REST"},{"data":"Catalyst","floor":8,"key":"SMITH"},{"floor":11,"key":"REST"},{"data":"Deadly Poison","floor":13,"key":"SMITH"},{"floor":15,"key":"REST"}],"neow_cost":"NONE","seed_source_timestamp":539489838239128,"circlet_count":0,"master_deck":["AscendersBane","Defend_G","Defend_G","Defend_G","Defend_G","Defend_G","Strike_G","Strike_G","Strike_G","Strike_G","Strike_G","Survivor","Neutralize","Dagger Spray","Sucker Punch","Dash","Catalyst+1","Deadly Poison+1","Backflip","Deadly Poison"],"relics":["Lizard Tail","Anchor"],"potions_floor_usage":[14,16,16],"damage_taken":[{"damage":8,"enemies":"Jaw Worm","floor":1,"turns":7},{"damage":1,"enemies":"Small Slimes","floor":2,"turns":4},{"damage":0,"enemies":"Cultist","floor":3,"turns":4},{"damage":19,"enemies":"Lots of Slimes","floor":5,"turns":3},{"damage":2,"enemies":"3 Louse","floor":7,"turns":4},{"damage":61,"enemies":"Gremlin Gang","floor":10,"turns":7},{"damage":1,"enemies":"Looter","floor":12,"turns":3},{"damage":2,"enemies":"Lots of Slimes","floor":14,"turns":4},{"damage":40,"enemies":"Slime Boss","floor":16,"turns":7}],"seed_played":"9192217862373871225","potions_obtained":[{"floor":2,"key":"EssenceOfSteel"},{"floor":12,"key":"Fire Potion"},{"floor":14,"key":"Poison Potion"}],"is_trial":false,"path_per_floor":["M","M","M","?","M","R","M","R","T","M","R","M","R","M","R","B"],"character_chosen":"THE_SILENT","items_purchased":[],"campfire_rested":3,"item_purchase_floors":[],"current_hp_per_floor":[51,50,50,39,20,39,37,37,37,9,28,27,27,25,44,4],"gold":316,"neow_bonus":"BOSS_RELIC","is_prod":false,"is_daily":false,"chose_seed":false,"campfire_upgraded":2,"win_rate":0,"timestamp":1543294301,"path_taken":["M","M","M","?","M","R","M","R","T","M","R","M","R","M","R","BOSS"],"build_version":"2018-11-15","purchased_purges":0,"victory":false,"max_hp_per_floor":[66,66,66,66,66,66,66,66,66,66,66,66,66,66,66,66],"card_choices":[{"not_picked":["Deflect","Deadly Poison"],"picked":"Dagger Spray","floor":1},{"not_picked":["Poisoned Stab","Flying Knee"],"picked":"Sucker Punch","floor":2},{"not_picked":["Expertise","Accuracy"],"picked":"Dash","floor":3},{"not_picked":["Bane","Caltrops"],"picked":"Catalyst","floor":5},{"not_picked":["Concentrate","Prepared"],"picked":"Deadly Poison","floor":7},{"not_picked":["Cloak And Dagger","Distraction"],"picked":"Backflip","floor":10},{"not_picked":["Skewer","Endless Agony","Dodge and Roll"],"picked":"SKIP","floor":12},{"not_picked":["Dash","Dodge and Roll"],"picked":"Deadly Poison","floor":14}],"player_experience":160466,"relics_obtained":[{"floor":9,"key":"Anchor"}],"event_choices":[{"damage_healed":0,"gold_gain":75,"player_choice":"Gather Gold","damage_taken":11,"max_hp_gain":0,"max_hp_loss":0,"event_name":"World of Goop","floor":4,"gold_loss":0}],"is_beta":false,"boss_relics":[],"items_purged_floors":[],"is_endless":false,"potions_floor_spawned":[2,12,14],"killed_by":"Slime Boss","ascension_level":17}