{"gold_per_floor":[365,440,73,87,103,103,103,103,128,128,143,143,174,192,192,290,290,245,245,245,245,245,245,245,245,245,245,245,145,145,145,145,145,145,145,145,145,145,145,145,145,145,145,145,145,20,20,20,20,20,20,20,20,20,20],"floor_reached":56,"playtime":3632,"items_purged":["Strike_R","Strike_R","Thunderclap+1"],"score":1704,"play_id":"9eeef757-b47f-4036-8661-ad67dbb5f444","local_time":"20190210193544","is_ascension_mode":true,"campfire_choices":[{"data":"Body Slam","floor":6,"key":"SMITH"},{"data":"Body Slam","floor":8,"key":"SMITH"},{"data":"Evolve","floor":10,"key":"SMITH"},{"data":"Barricade","floor":12,"key":"SMITH"},{"data":"Bash","floor":15,"key":"SMITH"},{"floor":23,"key":"REST"},{"data":"Entrench","floor":25,"key":"SMITH"},{"data":"Power Through","floor":32,"key":"SMITH"},{"floor":42,"key":"RECALL"},{"floor":49,"key":"REST"},{"data":"Armaments","floor":52,"key":"SMITH"}],"neow_cost":"TEN_PERCENT_HP_LOSS","seed_source_timestamp":3812236785467,"circlet_count":0,"master_deck":["Defend_R","Defend_R","Defend_R","Defend_R","Bash+1","Body Slam+1","Evolve+1","Body Slam+1","Barricade+1","Shrug It Off","Offering","Entrench+1","Shrug It Off+1","Infernal Blade","Bloodletting","Power Through+1","Armaments+1","Armaments+1","Impervious","Sentinel","Feel No Pain","Burning Pact+1"],"relics":["Burning Blood","Unceasing Top","Prayer Wheel","Ectoplasm","Nilry\u0027s Codex","PreservedInsect","Ice Cream","Runic Cube","Dead Branch","Whetstone","Girya","Meat on the Bone","Pear"],"potions_floor_usage":[13,18,22,24,30,39,39,39,54,55,55],"damage_taken":[{"damage":13,"enemies":"Jaw Worm","floor":1,"turns":4},{"damage":5,"enemies":"Small Slimes","floor":4,"turns":3},{"damage":6,"enemies":"Cultist","floor":5,"turns":3},{"damage":12,"enemies":"2 Fungi Beasts","floor":11,"turns":3},{"damage":0,"enemies":"Lagavulin","floor":13,"turns":5},{"damage":13,"enemies":"3 Louse","floor":14,"turns":5},{"damage":15,"enemies":"Slime Boss","floor":16,"turns":7},{"damage":23,"enemies":"2 Thieves","floor":18,"turns":3},{"damage":22,"enemies":"Shell Parasite","floor":21,"turns":5},{"damage":0,"enemies":"Snecko","floor":22,"turns":5},{"damage":10,"enemies":"Book of Stabbing","floor":24,"turns":3},{"damage":6,"enemies":"Cultist and Chosen","floor":28,"turns":4},{"damage":6,"enemies":"Centurion and Healer","floor":30,"turns":5},{"damage":5,"enemies":"Chosen and Byrds","floor":31,"turns":5},{"damage":9,"enemies":"Collector","floor":33,"turns":4},{"damage":9,"enemies":"3 Darklings","floor":35,"turns":11},{"damage":9,"enemies":"Mind Bloom Boss Battle","floor":36,"turns":5},{"damage":6,"enemies":"Orb Walker","floor":38,"turns":5},{"damage":17,"enemies":"Sphere and 2 Shapes","floor":39,"turns":6},{"damage":16,"enemies":"Reptomancer","floor":40,"turns":8},{"damage":15,"enemies":"Nemesis","floor":44,"turns":5},{"damage":0,"enemies":"4 Shapes","floor":45,"turns":5},{"damage":20,"enemies":"Transient","floor":48,"turns":5},{"damage":15,"enemies":"Time Eater","floor":50,"turns":5},{"damage":6,"enemies":"Shield and Spear","floor":54,"turns":5},{"damage":63,"enemies":"The Heart","floor":55,"turns":7}],"seed_played":"5708857149915981550","potions_obtained":[{"floor":5,"key":"Block Potion"},{"floor":11,"key":"LiquidBronze"},{"floor":16,"key":"GamblersBrew"},{"floor":21,"key":"BloodPotion"},{"floor":24,"key":"EssenceOfSteel"},{"floor":28,"key":"BloodPotion"},{"floor":30,"key":"Energy Potion"},{"floor":31,"key":"EssenceOfSteel"},{"floor":40,"key":"Explosive Potion"},{"floor":44,"key":"Poison Potion"},{"floor":45,"key":"SneckoOil"},{"floor":54,"key":"GamblersBrew"}],"is_trial":false,"path_per_floor":["M","?","$","M","M","R","?","R","T","R","M","R","E","M","R","B",null,"M","?","?","M","M","R","E","R","T","T","M","$","M","M","R","B",null,"M","?","$","M","M","E","?","R","T","E","M","$","$","M","R","B",null,"R","$","E","B",null],"character_chosen":"IRONCLAD","items_purchased":["Unceasing Top"],"campfire_rested":2,"item_purchase_floors":[3],"current_hp_per_floor":[65,54,54,55,55,55,55,55,55,55,49,49,55,48,48,39,64,47,31,31,15,28,49,45,45,45,45,45,45,52,53,53,50,67,64,61,61,61,50,40,40,40,40,31,49,49,49,47,68,59,69,69,69,79,34],"gold":20,"neow_bonus":"TWO_FIFTY_GOLD","is_prod":false,"is_daily":false,"chose_seed":false,"campfire_upgraded":8,"win_rate":0,"timestamp":1549794944,"path_taken":["M","?","$","M","M","R","?","R","T","R","M","R","E","?","R","BOSS","M","?","?","M","M","R","E","R","T","?","M","$","M","M","R","BOSS","M","?","$","M","M","E","?","R","T","E","?","?","$","M","R","BOSS","R","$","E","BOSS"],"build_version":"2019-01-23","purchased_purges":3,"victory":true,"max_hp_per_floor":[72,72,72,72,72,72,72,72,72,72,72,72,72,72,72,72,72,72,72,72,72,72,72,72,72,72,72,72,72,72,72,72,72,72,72,72,72,72,72,72,72,72,72,72,72,72,72,72,72,72,72,72,72,82,82],"card_choices":[{"not_picked":["Wild Strike","Cleave"],"picked":"Thunderclap","floor":1},{"not_picked":["Clothesline","Intimidate"],"picked":"Body Slam","floor":4},{"not_picked":["Wild Strike","Armaments"],"picked":"Evolve","floor":5},{"not_picked":["Twin Strike","Flex"],"picked":"Barricade","floor":11},{"not_picked":["Flex","Fire Breathing","Clothesline"],"picked":"SKIP","floor":13},{"not_picked":["Sword Boomerang","Perfected Strike"],"picked":"Shrug It Off","floor":14},{"not_picked":["Clash","Spot Weakness","Sever Soul"],"picked":"SKIP","floor":14},{"not_picked":["Exhume","Juggernaut"],"picked":"Offering","floor":16},{"not_picked":["True Grit+1","Iron Wave"],"picked":"Entrench","floor":18},{"not_picked":["Disarm","Whirlwind+1"],"picked":"Shrug It Off+1","floor":18},{"not_picked":["Infernal Blade","Iron Wave"],"picked":"Power Through","floor":21},{"not_picked":["Anger","Limit Break"],"picked":"Armaments","floor":21},{"not_picked":["Warcry","Rampage","Flex"],"picked":"SKIP","floor":22},{"not_picked":["Clash","Wild Strike+1","Intimidate"],"picked":"SKIP","floor":22},{"not_picked":["Carnage","Blood for Blood","Searing Blow+1"],"picked":"SKIP","floor":24},{"not_picked":["Reckless Charge","Iron Wave","Clash+1"],"picked":"SKIP","floor":28},{"not_picked":["Clash+1","Clothesline","Havoc"],"picked":"SKIP","floor":28},{"not_picked":["Wild Strike","Rampage"],"picked":"Armaments+1","floor":30},{"not_picked":["Anger","Twin Strike+1","Pommel Strike+1"],"picked":"SKIP","floor":30},{"not_picked":["Anger","Rampage","Dual Wield"],"picked":"SKIP","floor":31},{"not_picked":["Flex","Dark Embrace","Headbutt+1"],"picked":"SKIP","floor":31},{"not_picked":["Berserk","Fiend Fire"],"picked":"Impervious","floor":33},{"not_picked":["Warcry","Sword Boomerang","Body Slam"],"picked":"SKIP","floor":35},{"not_picked":["Intimidate+1","Iron Wave+1","Flex+1"],"picked":"SKIP","floor":35},{"not_picked":["Pommel Strike+1","Inflame"],"picked":"Sentinel","floor":36},{"not_picked":["Intimidate+1","Pommel Strike+1"],"picked":"Feel No Pain","floor":38},{"not_picked":["Iron Wave","Intimidate","Rupture"],"picked":"SKIP","floor":38},{"not_picked":["Heavy Blade+1","Clash+1","Thunderclap"],"picked":"SKIP","floor":39},{"not_picked":["Sentinel","True Grit+1","Anger"],"picked":"SKIP","floor":39},{"not_picked":["True Grit","Seeing Red"],"picked":"Burning Pact+1","floor":40},{"not_picked":["Twin Strike+1","Cleave","Berserk"],"picked":"SKIP","floor":44},{"not_picked":["Perfected Strike+1","Heavy Blade","Whirlwind"],"picked":"SKIP","floor":45},{"not_picked":["Havoc+1","Heavy Blade","Twin Strike+1"],"picked":"SKIP","floor":45},{"not_picked":["Anger+1","Sword Boomerang+1","Perfected Strike+1"],"picked":"SKIP","floor":48},{"not_picked":["Iron Wave","Whirlwind+1","Wild Strike"],"picked":"SKIP","floor":48},{"not_picked":["Iron Wave+1","Immolate","Sentinel"],"picked":"SKIP","floor":54}],"player_experience":854231,"relics_obtained":[{"floor":13,"key":"Prayer Wheel"},{"floor":19,"key":"Nilry\u0027s Codex"},{"floor":24,"key":"PreservedInsect"},{"floor":26,"key":"Ice Cream"},{"floor":36,"key":"Dead Branch"},{"floor":40,"key":"Whetstone"},{"floor":43,"key":"Girya"},{"floor":44,"key":"Meat on the Bone"},{"floor":54,"key":"Pear"}],"event_choices":[{"damage_healed":0,"gold_gain":75,"player_choice":"Gather Gold","damage_taken":11,"max_hp_gain":0,"max_hp_loss":0,"event_name":"World of Goop","floor":2,"gold_loss":0},{"damage_healed":0,"gold_gain":0,"cards_transformed":["Strike_R"],"player_choice":"Transformed","damage_taken":0,"max_hp_gain":0,"max_hp_loss":0,"event_name":"Transmorgrifier","floor":7,"gold_loss":0,"cards_obtained":["Body Slam"]},{"damage_healed":0,"gold_gain":0,"player_choice":"Obtained Book","damage_taken":16,"max_hp_gain":0,"max_hp_loss":0,"event_name":"Cursed Tome","floor":19,"gold_loss":0},{"damage_healed":0,"gold_gain":0,"cards_transformed":["Strike_R","Strike_R"],"player_choice":"Became Test Subject","damage_taken":0,"max_hp_gain":0,"max_hp_loss":0,"event_name":"Drug Dealer","floor":20,"gold_loss":0,"cards_obtained":["Infernal Blade","Bloodletting"]},{"damage_healed":0,"gold_gain":0,"player_choice":"Fight","damage_taken":0,"max_hp_gain":0,"max_hp_loss":0,"event_name":"MindBloom","floor":36,"gold_loss":0},{"damage_healed":0,"gold_gain":0,"player_choice":"Ignored","damage_taken":0,"max_hp_gain":0,"max_hp_loss":0,"event_name":"Mysterious Sphere","floor":41,"gold_loss":0}],"is_beta":false,"boss_relics":[{"not_picked":["Philosopher\u0027s Stone","Tiny House"],"picked":"Ectoplasm"},{"not_picked":["Astrolabe","Runic Pyramid"],"picked":"Runic Cube"}],"items_purged_floors":[3,29,46],"is_endless":false,"potions_floor_spawned":[5,11,16,21,24,28,30,31,35,40,44,45,54],"ascension_level":7}