{"gold_per_floor":[117,134,134,153,153,153,169,169,196,215,16,35,55,71,71,71],"floor_reached":16,"playtime":934,"items_purged":[],"score":182,"play_id":"96a2bd60-475e-4954-98ee-80c052fe658e","local_time":"20181221212340","is_ascension_mode":true,"campfire_choices":[{"data":"Dagger Throw","floor":6,"key":"SMITH"},{"data":"Noxious Fumes","floor":15,"key":"SMITH"}],"neow_cost":"NONE","seed_source_timestamp":385625539398605,"circlet_count":0,"master_deck":["AscendersBane","Defend_G","Defend_G","Defend_G","Defend_G","Strike_G","Strike_G","Strike_G","Strike_G","Survivor+1","Neutralize","Sucker Punch","Dagger Throw+1","Infinite Blades","Cloak And Dagger+1","Caltrops","Noxious Fumes+1","Dagger Spray"],"relics":["Empty Cage","Golden Idol","PreservedInsect","War Paint"],"potions_floor_usage":[10,13,14,16],"damage_taken":[{"damage":7,"enemies":"Small Slimes","floor":1,"turns":4},{"damage":1,"enemies":"Cultist","floor":2,"turns":5},{"damage":0,"enemies":"2 Louse","floor":4,"turns":3},{"damage":4,"enemies":"Red Slaver","floor":7,"turns":5},{"damage":8,"enemies":"Exordium Wildlife","floor":10,"turns":6},{"damage":7,"enemies":"2 Fungi Beasts","floor":12,"turns":4},{"damage":1,"enemies":"Exordium Thugs","floor":13,"turns":4},{"damage":7,"enemies":"Large Slime","floor":14,"turns":5},{"damage":36,"enemies":"The Guardian","floor":16,"turns":2}],"seed_played":"5434680291041801475","potions_obtained":[{"floor":4,"key":"Block Potion"},{"floor":8,"key":"SkillPotion"},{"floor":10,"key":"Poison Potion"},{"floor":13,"key":"Poison Potion"}],"is_trial":false,"path_per_floor":["M","M","?","M","$","R","M","?","T","M","$","M","M","M","R","B"],"character_chosen":"THE_SILENT","items_purchased":["Caltrops","War Paint"],"campfire_rested":0,"item_purchase_floors":[11,11],"current_hp_per_floor":[52,51,51,51,51,51,47,47,47,39,39,32,31,24,24,0],"gold":71,"neow_bonus":"BOSS_RELIC","is_prod":false,"is_daily":false,"chose_seed":false,"campfire_upgraded":2,"win_rate":0,"timestamp":1545456220,"path_taken":["M","M","?","M","$","R","M","?","T","?","?","M","M","M","R","BOSS"],"build_version":"2018-12-20","purchased_purges":0,"victory":false,"max_hp_per_floor":[66,66,60,60,60,60,60,60,60,60,60,60,60,60,60,60],"card_choices":[{"not_picked":["Slice","Infinite Blades"],"picked":"Sucker Punch","floor":1},{"not_picked":["Acrobatics","Leg Sweep","Riddle With Holes"],"picked":"SKIP","floor":2},{"not_picked":["Bane","Blade Dance"],"picked":"Dagger Throw","floor":4},{"not_picked":["Skewer","Bane"],"picked":"Infinite Blades","floor":7},{"not_picked":["Sucker Punch","Unload"],"picked":"Cloak And Dagger","floor":10},{"not_picked":["Heel Hook","Poisoned Stab"],"picked":"Noxious Fumes","floor":12},{"not_picked":["Deflect","Bane"],"picked":"Dagger Spray","floor":13},{"not_picked":["Deflect","Backstab","Flying Knee"],"picked":"SKIP","floor":14}],"player_experience":180338,"relics_obtained":[{"floor":9,"key":"PreservedInsect"}],"event_choices":[{"damage_healed":0,"gold_gain":0,"player_choice":"Lose Max HP","damage_taken":0,"relics_obtained":["Golden Idol"],"max_hp_gain":0,"max_hp_loss":6,"event_name":"Golden Idol","floor":3,"gold_loss":0},{"damage_healed":0,"gold_gain":0,"player_choice":"Got Potions","damage_taken":0,"max_hp_gain":0,"max_hp_loss":0,"event_name":"Lab","floor":8,"gold_loss":0}],"is_beta":false,"boss_relics":[],"items_purged_floors":[],"is_endless":false,"potions_floor_spawned":[4,10,13],"killed_by":"The Guardian","ascension_level":18}