{"gold_per_floor":[118,132,148,223,234,234,234,267,267,267,294,10,10,35,35,111,111,124,99,109,24,24,24,49,66,66,93,121,137,137,149,149,226,226,241,259,259,259,136,167,167,185,231,231,231,265,24,50,50,50],"floor_reached":51,"playtime":5185,"items_purged":["Strike_R","Strike_R"],"score":1384,"play_id":"f06dd108-8482-44c6-bbf6-d96e2f65b961","local_time":"20190202101353","is_ascension_mode":true,"campfire_choices":[{"data":"Body Slam","floor":7,"key":"SMITH"},{"data":"Bash","floor":10,"key":"SMITH"},{"data":"True Grit","floor":13,"key":"SMITH"},{"floor":15,"key":"REST"},{"data":"Limit Break","floor":23,"key":"SMITH"},{"data":"Offering","floor":30,"key":"SMITH"},{"data":"Shockwave","floor":32,"key":"SMITH"},{"floor":41,"key":"REST"},{"data":"Juggernaut","floor":44,"key":"SMITH"},{"floor":49,"key":"REST"}],"neow_cost":"NONE","seed_source_timestamp":42114336970200,"circlet_count":0,"master_deck":["AscendersBane","Strike_R","Strike_R","Strike_R","Defend_R","Defend_R","Defend_R","Defend_R","Bash+1","Shrug It Off","Body Slam+1","Cleave","Limit Break+1","Heavy Blade","Shockwave+1","Metallicize","True Grit+1","Iron Wave","Immolate","Offering+1","Clothesline+1","Shrug It Off+1","Disarm+1","Corruption","Juggernaut+1","Entrench","Mind Blast","Barricade","Burning Pact","Inflame","Shrug It Off"],"relics":["Burning Blood","Bag of Preparation","Sundial","Matryoshka","Du-Vu Doll","Sozu","Anchor","Unceasing Top","Gambling Chip","War Paint","Letter Opener","Red Mask","Snecko Eye","PreservedInsect","Pear","Centennial Puzzle","Thread and Needle","Bag of Marbles","Ornamental Fan"],"potions_floor_usage":[5,11,16,33,33],"damage_taken":[{"damage":8,"enemies":"Jaw Worm","floor":1,"turns":5},{"damage":0,"enemies":"2 Louse","floor":2,"turns":3},{"damage":7,"enemies":"Small Slimes","floor":3,"turns":3},{"damage":0,"enemies":"3 Louse","floor":5,"turns":3},{"damage":38,"enemies":"Lagavulin","floor":8,"turns":9},{"damage":27,"enemies":"3 Sentries","floor":11,"turns":7},{"damage":33,"enemies":"Lagavulin","floor":14,"turns":6},{"damage":20,"enemies":"Slime Boss","floor":16,"turns":9},{"damage":6,"enemies":"3 Byrds","floor":18,"turns":5},{"damage":6,"enemies":"Shell Parasite","floor":20,"turns":6},{"damage":8,"enemies":"Slavers","floor":24,"turns":3},{"damage":6,"enemies":"Cultist and Chosen","floor":25,"turns":3},{"damage":6,"enemies":"Gremlin Leader","floor":27,"turns":6},{"damage":0,"enemies":"Masked Bandits","floor":28,"turns":2},{"damage":3,"enemies":"3 Cultists","floor":29,"turns":5},{"damage":6,"enemies":"Snecko","floor":31,"turns":2},{"damage":24,"enemies":"Collector","floor":33,"turns":8},{"damage":6,"enemies":"Orb Walker","floor":35,"turns":2},{"damage":0,"enemies":"3 Darklings","floor":36,"turns":2},{"damage":53,"enemies":"Reptomancer","floor":40,"turns":6},{"damage":0,"enemies":"Transient","floor":42,"turns":5},{"damage":6,"enemies":"Nemesis","floor":46,"turns":3},{"damage":0,"enemies":"Giant Head","floor":48,"turns":5},{"damage":38,"enemies":"Awakened One","floor":50,"turns":12}],"seed_played":"-8783365276941927669","potions_obtained":[{"floor":2,"key":"SpeedPotion"},{"floor":8,"key":"Regen Potion"},{"floor":11,"key":"FearPotion"},{"floor":16,"key":"Block Potion"}],"is_trial":false,"path_per_floor":["M","M","M","?","M","?","R","E","T","R","E","$","R","E","R","B",null,"M","$","M","?","?","R","E","M","T","E","?","M","R","M","R","B",null,"M","M","?","?","$","E","R","M","T","R","?","E","$","E","R","B",null],"character_chosen":"IRONCLAD","items_purchased":["Metallicize","True Grit","Explosive Potion","Iron Wave","Shrug It Off","Shrug It Off","Inflame","Shrug It Off","Bag of Marbles"],"campfire_rested":3,"item_purchase_floors":[12,12,12,12,19,39,47,47,47],"current_hp_per_floor":[70,76,75,64,70,75,75,43,43,43,37,37,37,10,35,21,69,69,69,69,69,69,69,67,67,67,67,73,76,76,76,76,58,78,78,84,81,71,71,24,48,54,64,64,64,64,64,70,91,59],"gold":50,"neow_bonus":"THREE_CARDS","is_prod":false,"is_daily":false,"chose_seed":false,"campfire_upgraded":7,"win_rate":0,"timestamp":1549098833,"path_taken":["M","M","M","?","M","?","R","E","T","R","E","$","R","E","R","BOSS","M","$","M","?","?","R","E","M","T","E","?","?","R","M","R","BOSS","M","M","?","?","$","E","R","M","T","R","?","E","$","E","R","BOSS"],"build_version":"2019-01-23","purchased_purges":2,"victory":true,"max_hp_per_floor":[80,80,80,80,80,85,85,85,85,85,85,85,85,85,85,85,85,85,85,85,85,85,85,85,85,85,85,85,85,85,85,85,85,85,85,85,81,81,81,81,81,81,91,91,91,91,91,91,91,91],"card_choices":[{"not_picked":["Power Through","Clothesline"],"picked":"Shrug It Off","floor":0},{"not_picked":["Blood for Blood","Thunderclap"],"picked":"Body Slam","floor":1},{"not_picked":["Clothesline","Clash"],"picked":"Cleave","floor":2},{"not_picked":["Dropkick","Rage","Warcry"],"picked":"SKIP","floor":3},{"not_picked":["Reckless Charge","Blood for Blood"],"picked":"Limit Break","floor":5},{"not_picked":["Clothesline","Cleave"],"picked":"Heavy Blade","floor":8},{"not_picked":["Second Wind","Dropkick"],"picked":"Shockwave","floor":11},{"not_picked":["Heavy Blade","Clothesline"],"picked":"Immolate","floor":14},{"not_picked":["Reaper","Feed"],"picked":"Offering","floor":16},{"not_picked":["Pummel","Warcry"],"picked":"Clothesline+1","floor":18},{"not_picked":["Havoc","Clothesline","Rupture"],"picked":"SKIP","floor":20},{"not_picked":["Havoc","Fire Breathing","Pummel"],"picked":"SKIP","floor":24},{"not_picked":["Searing Blow","Combust+1"],"picked":"Corruption","floor":25},{"not_picked":["Sword Boomerang","Wild Strike","Perfected Strike"],"picked":"SKIP","floor":27},{"not_picked":["Sword Boomerang","Dropkick","Pommel Strike"],"picked":"SKIP","floor":29},{"not_picked":["Ghostly Armor","Power Through","Rampage"],"picked":"SKIP","floor":31},{"not_picked":["Double Tap","Berserk"],"picked":"Juggernaut","floor":33},{"not_picked":["Wild Strike","Pommel Strike"],"picked":"Entrench","floor":35},{"not_picked":["Blood for Blood","True Grit","Anger+1"],"picked":"SKIP","floor":36},{"not_picked":["PanicButton","Blind"],"picked":"Mind Blast","floor":38},{"not_picked":["Armaments","Anger"],"picked":"Barricade","floor":40},{"not_picked":["Pommel Strike","Armaments","Heavy Blade"],"picked":"SKIP","floor":42},{"not_picked":["Twin Strike","Seeing Red"],"picked":"Burning Pact","floor":46},{"not_picked":["Flex","True Grit","Blood for Blood"],"picked":"SKIP","floor":48}],"player_experience":287022,"relics_obtained":[{"floor":8,"key":"Bag of Preparation"},{"floor":9,"key":"Sundial"},{"floor":11,"key":"Matryoshka"},{"floor":14,"key":"Du-Vu Doll"},{"floor":24,"key":"Unceasing Top"},{"floor":26,"key":"Gambling Chip"},{"floor":26,"key":"War Paint"},{"floor":27,"key":"Letter Opener"},{"floor":28,"key":"Red Mask"},{"floor":40,"key":"PreservedInsect"},{"floor":43,"key":"Pear"},{"floor":43,"key":"Centennial Puzzle"},{"floor":46,"key":"Thread and Needle"},{"floor":48,"key":"Ornamental Fan"}],"event_choices":[{"damage_healed":0,"gold_gain":75,"player_choice":"Gather Gold","damage_taken":11,"max_hp_gain":0,"max_hp_loss":0,"event_name":"World of Goop","floor":4,"gold_loss":0},{"damage_healed":0,"gold_gain":0,"player_choice":"Donut","damage_taken":0,"max_hp_gain":5,"max_hp_loss":0,"event_name":"Big Fish","floor":6,"gold_loss":0},{"damage_healed":0,"gold_gain":0,"player_choice":"Obtained Relic","damage_taken":0,"relics_obtained":["Anchor"],"max_hp_gain":0,"max_hp_loss":0,"event_name":"Addict","floor":21,"gold_loss":85},{"damage_healed":0,"gold_gain":0,"player_choice":"Read","damage_taken":0,"max_hp_gain":0,"max_hp_loss":0,"event_name":"The Library","floor":22,"gold_loss":0,"cards_obtained":["Disarm"]},{"damage_healed":0,"gold_gain":0,"player_choice":"Fought Bandits","damage_taken":0,"max_hp_gain":0,"max_hp_loss":0,"event_name":"Masked Bandits","floor":28,"gold_loss":0},{"damage_healed":0,"gold_gain":0,"player_choice":"Max HP","damage_taken":0,"max_hp_gain":0,"max_hp_loss":4,"event_name":"Winding Halls","floor":37,"gold_loss":0},{"damage_healed":0,"gold_gain":0,"player_choice":"Memory 3","damage_taken":10,"max_hp_gain":0,"max_hp_loss":0,"event_name":"SensoryStone","floor":38,"gold_loss":0},{"cards_removed":["Shrug It Off"],"damage_healed":0,"gold_gain":0,"player_choice":"Removed Skill","damage_taken":0,"max_hp_gain":0,"max_hp_loss":0,"event_name":"Falling","floor":45,"gold_loss":0}],"is_beta":false,"boss_relics":[{"not_picked":["Black Star","Eternal Feather"],"picked":"Sozu"},{"not_picked":["Orrery","Coffee Dripper"],"picked":"Snecko Eye"}],"items_purged_floors":[12,39],"is_endless":false,"potions_floor_spawned":[2,8,11,16,24,27,28,31,33,42,46,48],"ascension_level":13}