{"gold_per_floor":[113,113,128,141,83,83,118,129,177,177],"floor_reached":10,"playtime":326,"items_purged":[],"score":133,"play_id":"3d98971f-06e0-4050-839f-66caee8e9c5c","local_time":"20190210231435","is_ascension_mode":true,"campfire_choices":[{"data":"Clothesline","floor":6,"key":"SMITH"}],"neow_cost":"NONE","seed_source_timestamp":269732486185700,"circlet_count":0,"master_deck":["AscendersBane","Strike_R","Strike_R","Strike_R","Strike_R","Strike_R","Defend_R","Defend_R","Defend_R","Defend_R","Bash+1","True Grit","Perfected Strike","Shrug It Off","Clothesline+1","Fiend Fire"],"relics":["Burning Blood","NeowsBlessing","Bottled Lightning","Blood Vial"],"potions_floor_usage":[10],"damage_taken":[{"damage":0,"enemies":"Small Slimes","floor":1,"turns":1},{"damage":0,"enemies":"Cultist","floor":3,"turns":1},{"damage":0,"enemies":"2 Louse","floor":4,"turns":1},{"damage":60,"enemies":"3 Sentries","floor":7,"turns":12},{"damage":9,"enemies":"Blue Slaver","floor":8,"turns":4},{"damage":30,"enemies":"Lagavulin","floor":10,"turns":5}],"seed_played":"3767503115070256051","potions_obtained":[{"floor":3,"key":"Poison Potion"},{"floor":8,"key":"LiquidBronze"}],"is_trial":false,"path_per_floor":["M","?","M","M","$","R","E","M","T","E"],"character_chosen":"IRONCLAD","items_purchased":["Clothesline"],"campfire_rested":0,"item_purchase_floors":[5],"current_hp_per_floor":[74,74,75,75,75,75,21,18,18,0],"gold":177,"neow_bonus":"THREE_ENEMY_KILL","is_prod":false,"is_daily":false,"chose_seed":false,"campfire_upgraded":1,"win_rate":0,"timestamp":1549858475,"path_taken":["M","?","M","?","$","R","E","M","T","E"],"build_version":"2019-01-23","purchased_purges":0,"victory":false,"max_hp_per_floor":[75,75,75,75,75,75,75,75,75,75],"card_choices":[{"not_picked":["Rage","Warcry"],"picked":"True Grit","floor":1},{"not_picked":["Warcry","Sword Boomerang"],"picked":"Perfected Strike","floor":3},{"not_picked":["Sword Boomerang","Armaments"],"picked":"Shrug It Off","floor":4},{"not_picked":["Pommel Strike","Thunderclap"],"picked":"Fiend Fire","floor":7},{"not_picked":["Wild Strike","Dropkick","Sentinel"],"picked":"SKIP","floor":8}],"player_experience":447037,"relics_obtained":[{"floor":7,"key":"Bottled Lightning"},{"floor":9,"key":"Blood Vial"}],"event_choices":[{"damage_healed":0,"gold_gain":0,"player_choice":"Upgraded","damage_taken":0,"max_hp_gain":0,"max_hp_loss":0,"event_name":"Upgrade Shrine","floor":2,"gold_loss":0,"cards_upgraded":["Bash"]}],"is_beta":false,"boss_relics":[],"items_purged_floors":[],"is_endless":false,"potions_floor_spawned":[3,8],"killed_by":"Lagavulin","ascension_level":19}