{"gold_per_floor":[215,225,56,71,246,246,279,297,297,5000,5015,5035,5035,5046,5046,5141,5141,5141,5141,5056,5011,5011,5011,5011,5011,5011,3540,3540,3540,3540,3540,3540,3540,3540,3540,3540,2394,2394,2394,2394,2394,2394,2394,2394,1236,1236,1236,317,317,317,317,317,3821,3821,3821],"floor_reached":56,"playtime":3469,"items_purged":["Blizzard","Doubt","Tempest","Sadistic Nature"],"score":1311,"play_id":"cffdcd1d-5c68-4703-8df6-1d719f9927a7","local_time":"20190210064125","is_ascension_mode":false,"campfire_choices":[{"data":"Go for the Eyes","floor":6.0,"key":"SMITH"},{"floor":13,"key":"RECALL"},{"data":"Seek","floor":15,"key":"SMITH"},{"data":"Redo","floor":25,"key":"SMITH"},{"floor":30,"key":"REST"},{"floor":32,"key":"DIG"},{"data":"Redo","floor":40,"key":"SMITH"},{"floor":49,"key":"REST"},{"data":"Reboot","floor":52,"key":"SMITH"}],"neow_cost":"NONE","seed_source_timestamp":0,"circlet_count":0,"master_deck":["Zap","Dualcast","Ball Lightning+1","Doom and Gloom+1","Go for the Eyes+1","Skim","Sweeping Beam","Redo+1","Ball Lightning","Static Discharge","Seek+1","Genetic Algorithm","Secret Technique","Deep Breath","Scrape+1","Sunder+1","Leap","Beam Cell+1","Go for the Eyes+1","All For One+1","Tempest","Redo+1","Sweeping Beam+1","Static Discharge+1","Fusion+1","PanicButton","Sadistic Nature","Gash+1","Rebound+1","Reboot+1","Leap","Hello World","Turbo","Undo","Conserve Battery","Thunder Strike+1","Tempest","Sunder+1","Fusion","Cold Snap+1","Tempest","Hologram","Sweeping Beam+1","Echo Form","Hologram+1","Conserve Battery+1","Mind Blast+1","Melter+1","Rebound+1","Steam Power","Defragment","Parasite","Aggregate+1","Double Energy+1","BootSequence","Glacier+1","Compile Driver+1","Loop","Skim","Scrape+1","Seek+1","Thinking Ahead+1","Dark Shackles+1","Loop","Glacier+1","Ball Lightning+1","Beam Cell+1","Leap+1","Jack Of All Trades+1","Compile Driver+1","Chrysalis+1","Multi-Cast+1","Turbo+1","Static Discharge","Creative AI"],"special_seed":0,"relics":["Cracked Core","Bottled Lightning","Molten Egg 2","HandDrill","Darkstone Periapt","Pantograph","Ectoplasm","Torii","Question Card","Kunai","Dodecahedron","Pen Nib","Medical Kit","Shovel","Smiling Mask","Bottled Flame","Nunchaku","Pandora\u0027s Box","Incense Burner","Pear","Mercury Hourglass","Regal Pillow","Bottled Tornado","Sling","Vajra","Toxic Egg 2","Whetstone","Gremlin Horn","OrangePellets","Sundial"],"potions_floor_usage":[12,16,18,19,23,23,28,28,29,36,42,44,44,50,55,55,55],"damage_taken":[{"damage":0.0,"enemies":"Small Slimes","floor":1.0,"turns":3.0},{"damage":0.0,"enemies":"2 Louse","floor":2.0,"turns":2.0},{"damage":1.0,"enemies":"Cultist","floor":4.0,"turns":3.0},{"damage":30.0,"enemies":"Lagavulin","floor":7.0,"turns":6.0},{"damage":2.0,"enemies":"Blue Slaver","floor":8.0,"turns":3.0},{"damage":27,"enemies":"Gremlin Gang","floor":11,"turns":4},{"damage":18,"enemies":"Exordium Thugs","floor":12,"turns":3},{"damage":13,"enemies":"Blue Slaver","floor":14,"turns":3},{"damage":26,"enemies":"The Guardian","floor":16,"turns":9},{"damage":2,"enemies":"3 Byrds","floor":18,"turns":4},{"damage":24,"enemies":"Colosseum Slavers","floor":19,"turns":3},{"damage":14,"enemies":"Colosseum Nobs","floor":19,"turns":4},{"damage":6,"enemies":"2 Thieves","floor":21,"turns":3},{"damage":16,"enemies":"Snake Plant","floor":22,"turns":4},{"damage":3,"enemies":"Book of Stabbing","floor":23,"turns":5},{"damage":30,"enemies":"Centurion and Healer","floor":24,"turns":5},{"damage":0,"enemies":"Snecko","floor":28,"turns":5},{"damage":16,"enemies":"Slavers","floor":29,"turns":2},{"damage":20,"enemies":"Book of Stabbing","floor":31,"turns":4},{"damage":37,"enemies":"Automaton","floor":33,"turns":9},{"damage":19,"enemies":"3 Shapes","floor":35,"turns":3},{"damage":23,"enemies":"3 Darklings","floor":36,"turns":5},{"damage":0,"enemies":"Writhing Mass","floor":38,"turns":2},{"damage":16,"enemies":"4 Shapes","floor":41,"turns":3},{"damage":0,"enemies":"Spire Growth","floor":42,"turns":4},{"damage":14,"enemies":"Maw","floor":44,"turns":5},{"damage":56,"enemies":"Time Eater","floor":50,"turns":9},{"damage":16,"enemies":"Shield and Spear","floor":54,"turns":5},{"damage":56,"enemies":"The Heart","floor":55,"turns":7}],"seed_played":"186465547304100886","potions_obtained":[{"floor":1.0,"key":"PowerPotion"},{"floor":7.0,"key":"SkillPotion"},{"floor":16,"key":"Block Potion"},{"floor":18,"key":"Dexterity Potion"},{"floor":19,"key":"Poison Potion"},{"floor":22,"key":"FocusPotion"},{"floor":28,"key":"Weak Potion"},{"floor":33,"key":"GamblersBrew"},{"floor":35,"key":"Swift Potion"},{"floor":42,"key":"SkillPotion"}],"is_trial":false,"path_per_floor":["M","M","$","M","?","R","E","M","T","$","M","M","R","M","R","B",null,"M","?","?","M","M","E","M","R","T","$","M","E","R","E","R","B",null,"M","M","$","M","?","R","M","M","T","M","$","?","?","$","R","B",null,"R","$","E","B",null],"character_chosen":"DEFECT","items_purchased":["Doom and Gloom","Go for the Eyes","Skim","Static Discharge","Seek","Genetic Algorithm","HandDrill","Darkstone Periapt","Pantograph","Secret Technique","Deep Breath","Scrape+1","Sunder+1","Ancient Potion","EssenceOfSteel","Pen Nib","Medical Kit","Shovel","PanicButton","Sadistic Nature","Gash+1","Rebound+1","Reboot","Leap","Hello World","Energy Potion","Weak Potion","Incense Burner","Pear","SkillPotion","EssenceOfSteel","Mind Blast+1","Melter+1","Rebound+1","Tempest","Steam Power","Defragment","Regal Pillow","Bottled Tornado","Sling","Sadistic Nature","Compile Driver+1","Loop","Energy Potion","Block Potion","Skim","Scrape+1","Vajra","Toxic Egg 2","Thinking Ahead+1","Dark Shackles+1","Loop","Glacier+1","Ball Lightning+1","Beam Cell+1","Leap+1","Jack Of All Trades+1","Compile Driver+1","Chrysalis+1","Multi-Cast+1","Turbo+1","Static Discharge","Whetstone","Gremlin Horn","OrangePellets","FocusPotion"],"campfire_rested":2,"item_purchase_floors":[3,3,3,10,10,10,10,10,10,10,10,10,10,10,10,27,27,27,27,27,27,27,27,27,27,27,27,37,37,37,37,37,37,37,37,37,37,45,45,45,45,45,45,45,45,45,45,48,48,48,48,48,48,48,48,48,53,53,53,53,53,53,53,53,53,53],"current_hp_per_floor":[75,75,75,74,74,74,44,42,42,42,60,42,42,29,29,28,75,73,35,35,29,13,73,43,43,43,43,43,27,49,29,29,17,75,56,33,43,49,49,49,33,33,33,19,19,19,19,19,61,30,91,91,91,75,35],"gold":3821,"neow_bonus":"HUNDRED_GOLD","is_prod":false,"is_daily":false,"chose_seed":false,"campfire_upgraded":5,"win_rate":0,"timestamp":1549752085,"path_taken":["M","M","$","M","?","R","E","M","T","$","M","M","R","M","R","BOSS","M","?","?","M","M","E","M","R","T","$","M","E","R","E","R","BOSS","M","M","$","M","?","R","M","?","T","M","$","?","?","$","R","BOSS","R","$","E","BOSS"],"build_version":"2019-01-23","purchased_purges":4,"victory":true,"max_hp_per_floor":[75,75,75,75,75,75,75,75,75,75,75,75,75,75,75,75,75,75,75,75,75,75,75,75,75,75,75,75,75,75,75,75,75,75,75,75,85,91,91,91,91,91,91,91,91,91,91,91,91,91,91,91,91,91,91],"card_choices":[{"not_picked":["Chill","Doom and Gloom"],"picked":"Blizzard","floor":1.0},{"not_picked":["Beam Cell","Stack"],"picked":"Ball Lightning","floor":2.0},{"not_picked":["Beam Cell","Turbo"],"picked":"Sweeping Beam","floor":4.0},{"not_picked":["Steam","Sweeping Beam"],"picked":"Redo","floor":7.0},{"not_picked":["Beam Cell","Redo"],"picked":"Ball Lightning","floor":8.0},{"not_picked":["Auto Shields","Capacitor"],"picked":"Leap","floor":11},{"not_picked":["Meteor Strike+1","Coolheaded"],"picked":"Beam Cell+1","floor":12},{"not_picked":["Streamline+1","Genetic Algorithm"],"picked":"Go for the Eyes+1","floor":14},{"not_picked":["Thunder Strike+1","Multi-Cast"],"picked":"All For One+1","floor":16},{"not_picked":["Chaos+1","Melter+1"],"picked":"Tempest","floor":18},{"not_picked":["Steam","Scrape+1"],"picked":"Redo","floor":19},{"not_picked":["Beam Cell+1","Undo","Ball Lightning+1"],"picked":"Capacitor","floor":21},{"not_picked":["Skim","Tempest","Leap"],"picked":"Sweeping Beam+1","floor":22},{"not_picked":["Glacier+1","Sunder+1","Stack+1"],"picked":"Static Discharge+1","floor":23},{"not_picked":["Leap","Barrage+1","Glacier+1"],"picked":"Fusion+1","floor":24},{"not_picked":["Coolheaded","Cold Snap+1","Glacier+1"],"picked":"Turbo","floor":28},{"not_picked":["All For One+1","Darkness","Reprogram"],"picked":"Undo","floor":29},{"not_picked":["Coolheaded","Beam Cell+1","Barrage+1"],"picked":"Conserve Battery","floor":31},{"not_picked":["Machine Learning","Creative AI","Buffer"],"picked":"Thunder Strike+1","floor":33},{"not_picked":["Conserve Battery","Tempest","FTL+1"],"picked":"Hologram+1","floor":35},{"not_picked":["Beam Cell+1","Stack","Chaos"],"picked":"Conserve Battery+1","floor":36},{"not_picked":["Rebound+1","Reinforced Body","Compile Driver+1"],"picked":"Aggregate+1","floor":38},{"not_picked":["Amplify","Barrage+1","Conserve Battery+1"],"picked":"Double Energy+1","floor":41},{"not_picked":["Gash+1","Force Field","Go for the Eyes+1"],"picked":"BootSequence","floor":42},{"not_picked":["Redo+1","Leap","Reprogram"],"picked":"Glacier+1","floor":44},{"not_picked":["Gash+1","Hyperbeam+1","Sweeping Beam+1"],"picked":"Creative AI","floor":54}],"player_experience":40190,"relics_obtained":[{"floor":7.0,"key":"Bottled Lightning"},{"floor":9.0,"key":"Molten Egg 2"},{"floor":19,"key":"Torii"},{"floor":19,"key":"Question Card"},{"floor":23,"key":"Dodecahedron"},{"floor":29,"key":"Smiling Mask"},{"floor":31,"key":"Bottled Flame"},{"floor":32,"key":"Nunchaku"},{"floor":43,"key":"Mercury Hourglass"},{"floor":54,"key":"Sundial"}],"event_choices":[{"damage_healed":0.0,"max_hp_gain":0.0,"max_hp_loss":0.0,"gold_gain":175.0,"event_name":"Liars Game","player_choice":"AGREE","floor":5.0,"gold_loss":0.0,"damage_taken":0.0,"cards_obtained":["Doubt"]},{"damage_healed":0,"gold_gain":0,"player_choice":"Fight","damage_taken":0,"max_hp_gain":0,"max_hp_loss":0,"event_name":"Colosseum","floor":19,"gold_loss":0},{"damage_healed":0,"gold_gain":0,"player_choice":"Fought Nobs","damage_taken":0,"max_hp_gain":0,"max_hp_loss":0,"event_name":"Colosseum","floor":19,"gold_loss":0},{"damage_healed":0,"gold_gain":0,"player_choice":"Obtained Relic","damage_taken":0,"relics_obtained":["Kunai"],"max_hp_gain":0,"max_hp_loss":0,"event_name":"Addict","floor":20,"gold_loss":85},{"damage_healed":0,"gold_gain":0,"player_choice":"Ignored","damage_taken":0,"max_hp_gain":0,"max_hp_loss":0,"event_name":"NoteForYourself","floor":39,"gold_loss":0},{"cards_removed":["Capacitor"],"damage_healed":0,"gold_gain":0,"player_choice":"Removed Power","damage_taken":0,"max_hp_gain":0,"max_hp_loss":0,"event_name":"Falling","floor":46,"gold_loss":0},{"damage_healed":0,"gold_gain":0,"player_choice":"Copied","damage_taken":0,"max_hp_gain":0,"max_hp_loss":0,"event_name":"Duplicator","floor":47,"gold_loss":0,"cards_obtained":["Seek"]}],"is_beta":false,"boss_relics":[{"not_picked":["Calling Bell","Eternal Feather"],"picked":"Ectoplasm"},{"not_picked":["White Beast Statue","Runic Pyramid"],"picked":"Pandora\u0027s Box"}],"items_purged_floors":[10,27,37,45],"is_endless":false,"potions_floor_spawned":[1,7,16,18,19,22,28,33,35,42],"ascension_level":0}