{"gold_per_floor":[118,133,133,151,163,163,182,198,225,225,190,190,201,221,221,298,298,310,323,167,167,185,185,185],"floor_reached":24,"playtime":2690,"items_purged":["Heel Hook"],"score":384,"play_id":"79e71bd3-71dc-4bf0-b54b-e6914ad63c25","local_time":"20181227170320","is_ascension_mode":true,"campfire_choices":[{"floor":6.0,"key":"REST"},{"floor":15.0,"key":"REST"},{"data":"A Thousand Cuts","floor":23,"key":"SMITH"}],"neow_cost":"NONE","seed_source_timestamp":886612842098322,"circlet_count":0,"master_deck":["AscendersBane","Survivor","Neutralize","Sucker Punch","Deadly Poison","Flying Knee","Noxious Fumes","Footwork","Dagger Throw","Blade Dance","Dagger Spray","Quick Slash","A Thousand Cuts+1","Catalyst","Bane","Cloak And Dagger","Envenom","Leg Sweep","Finisher","Accuracy","Dodge and Roll","Predator","Well Laid Plans","Writhe","PiercingWail+1"],"special_seed":0,"relics":["Snecko Eye","War Paint","Gremlin Horn","Pandora\u0027s Box","Potion Belt"],"potions_floor_usage":[],"damage_taken":[{"damage":0.0,"enemies":"Small Slimes","floor":1.0,"turns":4.0},{"damage":2.0,"enemies":"2 Louse","floor":2.0,"turns":4.0},{"damage":2.0,"enemies":"Jaw Worm","floor":4.0,"turns":4.0},{"damage":13.0,"enemies":"3 Louse","floor":5.0,"turns":3.0},{"damage":9.0,"enemies":"Blue Slaver","floor":7.0,"turns":4.0},{"damage":2.0,"enemies":"Looter","floor":8.0,"turns":4.0},{"damage":10.0,"enemies":"Exordium Thugs","floor":13.0,"turns":4.0},{"damage":1.0,"enemies":"2 Fungi Beasts","floor":14.0,"turns":3.0},{"damage":17.0,"enemies":"Slime Boss","floor":16.0,"turns":11.0},{"damage":6,"enemies":"3 Byrds","floor":18,"turns":4},{"damage":1,"enemies":"Chosen","floor":19,"turns":5},{"damage":26,"enemies":"Snake Plant","floor":22,"turns":6},{"damage":34,"enemies":"Centurion and Healer","floor":24,"turns":5}],"seed_played":"1646010717161215861","potions_obtained":[{"floor":1.0,"key":"Strength Potion"},{"floor":2.0,"key":"Dexterity Potion"},{"floor":14.0,"key":"GhostInAJar"},{"floor":16.0,"key":"SpeedPotion"},{"floor":19,"key":"SpeedPotion"},{"floor":22,"key":"Dexterity Potion"}],"is_trial":false,"path_per_floor":["M","M","?","M","M","R","M","M","T","?","?","?","M","M","R","B",null,"M","M","$","?","M","R","M"],"character_chosen":"THE_SILENT","items_purchased":["Well Laid Plans"],"campfire_rested":2,"item_purchase_floors":[20],"current_hp_per_floor":[59,57,50,48,35,54,45,43,43,43,59,33,23,22,41,24,56,50,49,49,49,23,23,0],"gold":185,"neow_bonus":"BOSS_RELIC","is_prod":false,"is_daily":false,"chose_seed":false,"campfire_upgraded":1,"win_rate":0,"timestamp":1545959000,"path_taken":["M","M","?","M","M","R","M","M","T","?","?","?","M","M","R","BOSS","M","M","$","?","M","R","M"],"build_version":"2018-12-20","purchased_purges":1,"victory":false,"max_hp_per_floor":[66,66,66,66,66,66,66,66,66,66,66,66,66,66,66,66,66,66,66,66,66,66,66,66],"card_choices":[{"not_picked":["Masterful Stab","Accuracy"],"picked":"Sucker Punch","floor":1.0},{"not_picked":["Deflect","Outmaneuver"],"picked":"Deadly Poison","floor":2.0},{"not_picked":["Slice","Cloak And Dagger"],"picked":"Flying Knee","floor":4.0},{"not_picked":["PiercingWail","Slice"],"picked":"Noxious Fumes","floor":5.0},{"not_picked":["Calculated Gamble","Outmaneuver"],"picked":"Footwork","floor":7.0},{"not_picked":["Blur","Footwork"],"picked":"Dagger Throw","floor":8.0},{"not_picked":["Accuracy","Venomology"],"picked":"Dagger Spray","floor":13.0},{"not_picked":["Underhanded Strike","PiercingWail"],"picked":"Quick Slash","floor":14.0},{"not_picked":["Doppelganger","Envenom"],"picked":"A Thousand Cuts","floor":16.0},{"not_picked":["Prepared","Flechettes"],"picked":"Dodge and Roll","floor":18},{"not_picked":["Reflex","Acrobatics"],"picked":"Predator","floor":19},{"not_picked":["Deadly Poison","Cloak And Dagger"],"picked":"PiercingWail+1","floor":22}],"player_experience":230760,"relics_obtained":[{"floor":9.0,"key":"War Paint"}],"event_choices":[{"cards_removed":["Strike_G"],"damage_healed":0.0,"max_hp_gain":0.0,"max_hp_loss":0.0,"gold_gain":0.0,"event_name":"Golden Wing","player_choice":"Card Removal","floor":3.0,"gold_loss":0.0,"damage_taken":7.0},{"damage_healed":0.0,"max_hp_gain":0.0,"max_hp_loss":0.0,"gold_gain":0.0,"cards_transformed":["Strike_G"],"event_name":"Living Wall","player_choice":"Change","floor":10.0,"gold_loss":0.0,"damage_taken":0.0,"cards_obtained":["Blade Dance"]},{"damage_healed":16.0,"max_hp_gain":0.0,"max_hp_loss":0.0,"gold_gain":0.0,"event_name":"The Cleric","player_choice":"Healed","floor":11.0,"gold_loss":35.0,"damage_taken":0.0},{"damage_healed":0.0,"max_hp_gain":0.0,"max_hp_loss":0.0,"gold_gain":0.0,"event_name":"Scrap Ooze","player_choice":"Success","floor":12.0,"gold_loss":0.0,"damage_taken":26.0,"relics_obtained":["Gremlin Horn"]},{"damage_healed":0,"gold_gain":0,"player_choice":"Opened","damage_taken":0,"relics_obtained":["Potion Belt"],"max_hp_gain":0,"max_hp_loss":0,"event_name":"The Mausoleum","floor":21,"gold_loss":0,"cards_obtained":["Writhe"]}],"is_beta":false,"boss_relics":[{"not_picked":["Black Star","Tiny House"],"picked":"Pandora\u0027s Box"}],"items_purged_floors":[20],"is_endless":false,"potions_floor_spawned":[1,2,14,16,19,22],"killed_by":"Centurion and Healer","ascension_level":20}