{"gold_per_floor":[114,114,131,151,151,151,181,181,181,181,106,106,132,157,157,253,253,267,133,151,166,184,184,184,184,208,238,265,283,298,36,36,140,140,155,61,74,84,49,49,81,81,149,149,149,177,194,214,214,214],"floor_reached":51,"playtime":5239,"items_purged":["Strike_G","Strike_G"],"score":1116,"play_id":"3bd943a8-d52e-4dca-82e3-ed3860583e06","local_time":"20190124180007","is_ascension_mode":true,"campfire_choices":[{"data":"Cloak And Dagger","floor":6,"key":"SMITH"},{"floor":8,"key":"REST"},{"data":"Neutralize","floor":10,"key":"SMITH"},{"data":"Blade Dance","floor":12,"key":"SMITH"},{"data":"Madness","floor":15,"key":"SMITH"},{"data":"After Image","floor":23,"key":"SMITH"},{"data":"A Thousand Cuts","floor":25,"key":"SMITH"},{"data":"Footwork","floor":32,"key":"SMITH"},{"data":"Footwork","floor":40,"key":"SMITH"}],"neow_cost":"NONE","seed_source_timestamp":149814312312500,"circlet_count":0,"master_deck":["Defend_G+1","Defend_G+1","Defend_G+1","Defend_G+1","Defend_G+1","Survivor+1","Neutralize+1","Madness+1","Dagger Spray+1","Quick Slash+1","Cloak And Dagger+1","Blade Dance+1","A Thousand Cuts+1","Footwork+1","Slice+1","Cloak And Dagger+1","After Image+1","Malaise+1","Backstab+1","PiercingWail+1","Night Terror+1","Leg Sweep+1","Blade Dance+1","Footwork+1","Dodge and Roll+1","Backflip+1"],"relics":["Ring of the Snake","WingedGreaves","Mercury Hourglass","Calipers","Shuriken","Blue Candle","Anchor","Coffee Dripper","Dream Catcher","Bottled Tornado","Matryoshka","Toxic Egg 2","Empty Cage","Sundial","Bag of Preparation","Gremlin Horn","Mark of the Bloom","Molten Egg 2"],"potions_floor_usage":[13,16,22,33,33,33,33,33,33,38,41,50,50],"damage_taken":[{"damage":0,"enemies":"Small Slimes","floor":1,"turns":4},{"damage":3,"enemies":"Jaw Worm","floor":3,"turns":5},{"damage":4,"enemies":"Cultist","floor":4,"turns":4},{"damage":27,"enemies":"Lagavulin","floor":7,"turns":9},{"damage":0,"enemies":"Gremlin Nob","floor":13,"turns":2},{"damage":0,"enemies":"3 Sentries","floor":14,"turns":5},{"damage":0,"enemies":"Slime Boss","floor":16,"turns":5},{"damage":7,"enemies":"2 Thieves","floor":18,"turns":3},{"damage":0,"enemies":"Chosen","floor":20,"turns":3},{"damage":0,"enemies":"Sentry and Sphere","floor":21,"turns":3},{"damage":4,"enemies":"Snecko","floor":22,"turns":4},{"damage":0,"enemies":"Book of Stabbing","floor":27,"turns":4},{"damage":0,"enemies":"Gremlin Leader","floor":28,"turns":4},{"damage":0,"enemies":"Snake Plant","floor":29,"turns":4},{"damage":0,"enemies":"Centurion and Healer","floor":30,"turns":4},{"damage":0,"enemies":"Champ","floor":33,"turns":8},{"damage":0,"enemies":"3 Darklings","floor":35,"turns":2},{"damage":0,"enemies":"3 Shapes","floor":37,"turns":3},{"damage":1,"enemies":"Transient","floor":38,"turns":5},{"damage":0,"enemies":"Nemesis","floor":41,"turns":5},{"damage":0,"enemies":"Reptomancer","floor":46,"turns":4},{"damage":0,"enemies":"4 Shapes","floor":47,"turns":1},{"damage":0,"enemies":"Maw","floor":48,"turns":6},{"damage":0,"enemies":"Time Eater","floor":50,"turns":15}],"seed_played":"2414533663867608294","potions_obtained":[{"floor":7,"key":"FearPotion"},{"floor":13,"key":"Explosive Potion"},{"floor":20,"key":"Ancient Potion"},{"floor":22,"key":"Strength Potion"},{"floor":28,"key":"Fire Potion"},{"floor":30,"key":"EntropicBrew"},{"floor":33,"key":"Dexterity Potion"},{"floor":41,"key":"Block Potion"},{"floor":48,"key":"SpeedPotion"}],"is_trial":false,"path_per_floor":["M","?","M","M","T","R","E","R","T","R","$","R","E","E","R","B",null,"M","$","M","M","M","R","?","R","T","E","E","M","M","$","R","B",null,"M","$","M","M","$","R","E","?","T","?","R","E","M","M","R","B",null],"character_chosen":"THE_SILENT","items_purchased":["Footwork","Toxic Egg 2","Blade Dance+1","FearPotion","Footwork"],"campfire_rested":1,"item_purchase_floors":[19,31,36,36,39],"current_hp_per_floor":[70,52,49,45,45,45,18,39,39,39,39,39,39,39,39,39,70,63,63,63,63,59,59,59,59,59,59,59,59,59,59,59,59,70,70,70,70,69,69,69,69,69,69,69,69,69,69,69,69,69],"gold":214,"neow_bonus":"RANDOM_COLORLESS","is_prod":false,"is_daily":false,"chose_seed":false,"campfire_upgraded":8,"win_rate":1,"timestamp":1548349207,"path_taken":["M","?","M","M","?","R","E","R","T","R","?","R","E","E","R","BOSS","M","$","M","?","M","R","?","R","T","E","E","?","M","$","R","BOSS","M","$","M","?","$","R","E","?","T","?","R","E","M","M","R","BOSS"],"build_version":"2019-01-23","purchased_purges":2,"victory":true,"max_hp_per_floor":[70,70,70,70,70,70,70,70,70,70,70,70,70,70,70,70,70,70,70,70,70,70,70,70,70,70,70,70,70,70,70,70,70,70,70,70,70,70,70,70,70,70,70,70,70,70,70,70,70,70],"card_choices":[{"not_picked":["PiercingWail","Dagger Throw"],"picked":"Dagger Spray","floor":1},{"not_picked":["Choke","Tactician"],"picked":"Quick Slash","floor":3},{"not_picked":["Distraction","Sucker Punch"],"picked":"Cloak And Dagger","floor":4},{"not_picked":["Flying Knee","Expertise"],"picked":"Blade Dance","floor":7},{"not_picked":["Bane","Underhanded Strike"],"picked":"Die Die Die","floor":13},{"not_picked":["Underhanded Strike","Deadly Poison","Flying Knee"],"picked":"SKIP","floor":14},{"not_picked":["Glass Knife","Burst"],"picked":"A Thousand Cuts","floor":16},{"not_picked":["Riddle With Holes","Skewer+1","Noxious Fumes"],"picked":"SKIP","floor":18},{"not_picked":["Predator+1","Flying Knee"],"picked":"Slice+1","floor":20},{"not_picked":["Noxious Fumes","Reflex"],"picked":"Cloak And Dagger+1","floor":21},{"not_picked":["Dagger Spray","Caltrops"],"picked":"After Image","floor":22},{"not_picked":["Bouncing Flask","Outmaneuver","Bane"],"picked":"SKIP","floor":27},{"not_picked":["Acrobatics","Tactician+1"],"picked":"Malaise","floor":28},{"not_picked":["Caltrops+1","Expertise"],"picked":"Backstab+1","floor":29},{"not_picked":["Bouncing Flask","Catalyst+1"],"picked":"PiercingWail","floor":30},{"not_picked":["Corpse Explosion+1","Phantasmal Killer+1"],"picked":"Night Terror+1","floor":33},{"not_picked":["Outmaneuver+1","Expertise+1"],"picked":"Leg Sweep+1","floor":35},{"not_picked":["Deadly Poison+1","Bane","Flying Knee+1"],"picked":"SKIP","floor":37},{"not_picked":["Heel Hook","Sucker Punch","Prepared+1"],"picked":"SKIP","floor":38},{"not_picked":["Calculated Gamble+1","Dagger Throw+1","All Out Attack"],"picked":"SKIP","floor":41},{"not_picked":["Underhanded Strike+1","Reflex+1","Eviscerate"],"picked":"SKIP","floor":46},{"not_picked":["Slice+1","Crippling Poison+1"],"picked":"Dodge and Roll+1","floor":47},{"not_picked":["Dagger Spray+1","Poisoned Stab+1"],"picked":"Backflip+1","floor":48}],"player_experience":59042,"relics_obtained":[{"floor":5,"key":"Mercury Hourglass"},{"floor":7,"key":"Calipers"},{"floor":9,"key":"Shuriken"},{"floor":13,"key":"Blue Candle"},{"floor":14,"key":"Anchor"},{"floor":26,"key":"Dream Catcher"},{"floor":27,"key":"Bottled Tornado"},{"floor":28,"key":"Matryoshka"},{"floor":41,"key":"Sundial"},{"floor":43,"key":"Bag of Preparation"},{"floor":43,"key":"Gremlin Horn"},{"floor":46,"key":"Molten Egg 2"}],"event_choices":[{"damage_healed":0,"gold_gain":0,"player_choice":"Success","damage_taken":18,"relics_obtained":["WingedGreaves"],"max_hp_gain":0,"max_hp_loss":0,"event_name":"Scrap Ooze","floor":2,"gold_loss":0},{"cards_removed":["Strike_G"],"damage_healed":0,"gold_gain":0,"player_choice":"Offered Basic","damage_taken":0,"max_hp_gain":0,"max_hp_loss":0,"event_name":"Bonfire Elementals","floor":24,"gold_loss":0},{"cards_removed":["Die Die Die"],"damage_healed":0,"gold_gain":0,"player_choice":"Removed Attack","damage_taken":0,"max_hp_gain":0,"max_hp_loss":0,"event_name":"Falling","floor":42,"gold_loss":0},{"damage_healed":0,"gold_gain":0,"player_choice":"Upgrade","damage_taken":0,"relics_obtained":["Mark of the Bloom"],"max_hp_gain":0,"max_hp_loss":0,"event_name":"MindBloom","floor":44,"gold_loss":0,"cards_upgraded":["Defend_G","Defend_G","Defend_G","Defend_G","Defend_G","Survivor","Dagger Spray","Quick Slash","Malaise","PiercingWail"]}],"is_beta":false,"boss_relics":[{"not_picked":["Busted Crown","HoveringKite"],"picked":"Coffee Dripper"},{"not_picked":["Astrolabe","White Beast Statue"],"picked":"Empty Cage"}],"items_purged_floors":[11,19],"is_endless":false,"potions_floor_spawned":[7,13,20,22,28,30,33,41,48],"ascension_level":1}