{"gold_per_floor":[114,124,138,163,178,210,210,230,307,322,322,356,9,184,184,309,309,332,352,374,289,291,291,55,55,99,120,120,137,139,164,164,180],"floor_reached":33,"playtime":1631,"items_purged":["Strike_B"],"score":282,"play_id":"d758c1b8-9ef8-471b-b174-efed50aa3fb8","local_time":"20190117185247","is_ascension_mode":true,"campfire_choices":[{"data":"Zap","floor":7,"key":"SMITH"},{"floor":11,"key":"REST"},{"floor":15,"key":"REST"},{"floor":23,"key":"REST"},{"floor":25,"key":"REST"},{"data":"Defragment","floor":28,"key":"SMITH"},{"floor":32,"key":"REST"}],"neow_cost":"","seed_source_timestamp":694255410038626,"circlet_count":0,"master_deck":["Strike_B","Strike_B","Strike_B","Defend_B","Defend_B","Defend_B","Defend_B","Zap+1","Dualcast","White Noise","Melter","Melter","Streamline","Leap","Electrodynamics","Glacier","Barrage","Streamline","Self Repair","Go for the Eyes","Thunder Strike","ReplayGash","Defragment+1","Tempest","FIFO Queue","Beam Cell","Loop","Storm","hubris:Fate","Gash"],"relics":["Cracked Core","Nunchaku","infinitespire:Midas Blood","Sundial","ReplayTheSpireMod:Ninjato","hubris:HerbalPaste","hubris:RGBLights","Sozu","hubris:MysteriousPyramids","Runic Capacitor","hubris:CrystalStatue"],"potions_floor_usage":[6,12,14,33,33],"damage_taken":[{"damage":0,"enemies":"Cultist","floor":1,"turns":4},{"damage":3,"enemies":"Jaw Worm","floor":2,"turns":6},{"damage":2,"enemies":"Small Slimes","floor":3,"turns":3},{"damage":20,"enemies":"Gremlin Gang","floor":5,"turns":4},{"damage":10,"enemies":"Gremlin Nob","floor":6,"turns":3},{"damage":0,"enemies":"Large Slime","floor":8,"turns":3},{"damage":13,"enemies":"Red Slaver","floor":10,"turns":3},{"damage":22,"enemies":"Lagavulin","floor":12,"turns":5},{"damage":6,"enemies":"Gremlin Nob","floor":14,"turns":3},{"damage":24,"enemies":"Fading Forest","floor":16,"turns":11},{"damage":7,"enemies":"Shell Parasite","floor":18,"turns":6},{"damage":19,"enemies":"Chosen","floor":19,"turns":6},{"damage":45,"enemies":"Shelled Parasite and Fungi","floor":20,"turns":6},{"damage":3,"enemies":"Snake Plant","floor":26,"turns":5},{"damage":29,"enemies":"Snake Plant","floor":27,"turns":4},{"damage":10,"enemies":"Cultist and Chosen","floor":29,"turns":4},{"damage":32,"enemies":"Centurion and Healer","floor":31,"turns":5},{"damage":80,"enemies":"Automaton","floor":33,"turns":6}],"seed_played":"-9174008263028454201","potions_obtained":[{"floor":1,"key":"SpeedPotion"},{"floor":5,"key":"FearPotion"},{"floor":8,"key":"SkillPotion"},{"floor":12,"key":"Poison Potion"},{"floor":14,"key":"Dexterity Potion"},{"floor":16,"key":"Elixir"}],"is_trial":false,"path_per_floor":["M","M","M","?","M","E","R","M","T","M","R","E","$","E","R","B",null,"M","M","M","?","?","R","$","R","MIM","M","R","M","?","M","R","B"],"character_chosen":"DEFECT","items_purchased":["hubris:HerbalPaste","Self Repair","FIFO Queue","Runic Capacitor"],"campfire_rested":5,"item_purchase_floors":[13,13,24,24],"current_hp_per_floor":[70,67,65,65,45,35,35,35,35,22,43,21,21,27,48,44,70,70,58,26,26,13,35,35,57,67,51,51,47,29,10,32,0],"gold":180,"neow_bonus":"","is_prod":false,"is_daily":false,"chose_seed":false,"campfire_upgraded":2,"win_rate":0,"timestamp":1547722367,"path_taken":["M","M","M","?","M","E","R","M","T","M","R","E","?","E","R","BOSS","M","M","M","?","?","R","$","R","MIM","M","R","M","?","?","R","BOSS"],"build_version":"2019-01-10","purchased_purges":1,"victory":false,"max_hp_per_floor":[70,70,70,70,70,70,70,70,70,70,70,70,70,70,70,70,70,70,70,70,70,75,75,75,75,75,75,75,75,75,75,75,75],"card_choices":[{"not_picked":["Cold Snap","Conserve Battery"],"picked":"White Noise","floor":1},{"not_picked":["Coolheaded","BasicCrystalCard"],"picked":"Melter","floor":2},{"not_picked":["Conserve Battery","Chill"],"picked":"Melter","floor":3},{"not_picked":["Conserve Battery","Rebound"],"picked":"Streamline","floor":4},{"not_picked":["Go for the Eyes","Steam"],"picked":"Leap","floor":5},{"not_picked":["Heatsinks","Ball Lightning"],"picked":"Electrodynamics","floor":6},{"not_picked":["ReplaySolidLightProjector","Chaos"],"picked":"Glacier","floor":8},{"not_picked":["Redo","Steam"],"picked":"Barrage","floor":10},{"not_picked":["Capacitor","Rebound"],"picked":"Streamline","floor":12},{"not_picked":["Coolheaded","Panic Button"],"picked":"Go for the Eyes","floor":14},{"not_picked":["Reboot","All For One"],"picked":"Thunder Strike","floor":16},{"not_picked":["Panic Button","Scrape"],"picked":"ReplayGash","floor":18},{"not_picked":["FIFO Queue","Sunder"],"picked":"Defragment","floor":19},{"not_picked":["Conserve Battery","Turbo"],"picked":"Tempest","floor":20},{"not_picked":["Leap+1","Go for the Eyes+1"],"picked":"Beam Cell","floor":26},{"not_picked":["Tempest","Thunder Strike"],"picked":"Loop","floor":27},{"not_picked":["Barrage","Turbo"],"picked":"Storm","floor":29},{"not_picked":["ReplayTheSpireMod:Chaos Vortex","infinitespire:Collect"],"picked":"hubris:Fate","floor":30},{"not_picked":["Redo+1","Stack"],"picked":"Gash","floor":31}],"player_experience":121964,"relics_obtained":[{"floor":4,"key":"Nunchaku"},{"floor":6,"key":"infinitespire:Midas Blood"},{"floor":9,"key":"Sundial"},{"floor":12,"key":"ReplayTheSpireMod:Ninjato"},{"floor":14,"key":"hubris:RGBLights"},{"floor":26,"key":"hubris:CrystalStatue"}],"event_choices":[{"damage_healed":0,"gold_gain":0,"player_choice":"Obtained Relic","damage_taken":0,"relics_obtained":["hubris:MysteriousPyramids"],"max_hp_gain":0,"max_hp_loss":0,"event_name":"Addict","floor":21,"gold_loss":85},{"damage_healed":0,"gold_gain":0,"player_choice":"Shed Blood","damage_taken":18,"max_hp_gain":5,"max_hp_loss":0,"event_name":"Forgotten Altar","floor":22,"gold_loss":0}],"is_beta":false,"boss_relics":[{"not_picked":["beaked:MawFillet","Tiny House"],"picked":"Sozu"}],"items_purged_floors":[13],"is_endless":false,"potions_floor_spawned":[1,5,8,12,14,16,18,20,27],"killed_by":"Automaton","ascension_level":1}