{"gold_per_floor":[113,213,6,6,23,23,49,49,49,62,78,18,36,36,36,131,131,145,145,161,86,86],"floor_reached":22,"playtime":1413,"items_purged":["Normality"],"score":258,"play_id":"5458bf20-00e6-4818-ad65-639ec3db3f32","local_time":"20180813202049","is_ascension_mode":true,"campfire_choices":[{"data":"Genetic Algorithm","floor":6.0,"key":"SMITH"},{"floor":8.0,"key":"REST"},{"floor":15.0,"key":"REST"}],"neow_cost":"NONE","seed_source_timestamp":5273577276489,"circlet_count":0,"master_deck":["Strike_B","Strike_B","Strike_B","Defend_B","Defend_B","Zap","Dualcast","Genetic Algorithm+1","Coolheaded","Leap","Conserve Battery","Chill","Ball Lightning","Reinforced Body","Rainbow","Ball Lightning"],"special_seed":0,"relics":["Cracked Core","ClockworkSouvenir","Symbiotic Virus","The Courier","Bottled Flame","Nuclear Battery"],"potions_floor_usage":[16,16,18],"damage_taken":[{"damage":0.0,"enemies":"2 Louse","floor":1.0,"turns":2.0},{"damage":1.0,"enemies":"Cultist","floor":5.0,"turns":3.0},{"damage":59.0,"enemies":"Gremlin Nob","floor":7.0,"turns":6.0},{"damage":0.0,"enemies":"Jaw Worm","floor":10.0,"turns":3.0},{"damage":1.0,"enemies":"Blue Slaver","floor":11.0,"turns":3.0},{"damage":0.0,"enemies":"Red Slaver","floor":13.0,"turns":3.0},{"damage":32,"enemies":"Hexaghost","floor":16,"turns":10},{"damage":25,"enemies":"3 Byrds","floor":18,"turns":5},{"damage":1,"enemies":"Spheric Guardian","floor":20,"turns":4},{"damage":43,"enemies":"3 Cultists","floor":22,"turns":4}],"seed_played":"-4126753595673387196","potions_obtained":[{"floor":7.0,"key":"Strength Potion"},{"floor":11.0,"key":"FearPotion"},{"floor":13.0,"key":"SteroidPotion"},{"floor":16,"key":"SkillPotion"},{"floor":18,"key":"Strength Potion"}],"is_trial":false,"path_per_floor":["M","?","$","?","M","R","E","R","T","M","M","$","M","?","R","B",null,"M","?","M","?"],"character_chosen":"DEFECT","items_purchased":["ClockworkSouvenir"],"campfire_rested":2,"item_purchase_floors":[3],"current_hp_per_floor":[68,68,68,68,67,67,8,30,30,30,29,29,29,29,51,19,61,36,36,35,35,0],"gold":86,"neow_bonus":"TRANSFORM_CARD","is_prod":false,"is_daily":false,"chose_seed":false,"campfire_upgraded":1,"win_rate":0,"timestamp":1534206049,"path_taken":["M","?","$","?","M","R","E","R","T","M","M","$","M","?","R","BOSS","M","?","?","?","M"],"build_version":"2018-08-09","purchased_purges":1,"victory":false,"max_hp_per_floor":[75,75,75,75,75,75,75,75,75,75,75,75,75,75,75,75,75,75,75,75,75,75],"card_choices":[{"not_picked":["Sweeping Beam","Loop"],"picked":"Coolheaded","floor":1.0},{"not_picked":["Barrage","Genetic Algorithm"],"picked":"Leap","floor":5.0},{"not_picked":["Reprogram","Undo"],"picked":"Conserve Battery","floor":7.0},{"not_picked":["Streamline","Compile Driver"],"picked":"Chill","floor":10.0},{"not_picked":["Turbo","Leap"],"picked":"Ball Lightning","floor":11.0},{"not_picked":["Chill","Double Energy"],"picked":"Reinforced Body","floor":13.0},{"not_picked":["All For One","Amplify"],"picked":"Rainbow","floor":16},{"not_picked":["Compile Driver","Turbo"],"picked":"Ball Lightning","floor":18},{"not_picked":["Steam","Reinforced Body","Melter+1"],"picked":"SKIP","floor":20}],"player_experience":686504,"relics_obtained":[{"floor":7.0,"key":"The Courier"},{"floor":9.0,"key":"Bottled Flame"}],"event_choices":[{"event_name":"Golden Shrine","player_choice":"Pray","floor":2.0,"damage_taken":0.0},{"event_name":"Accursed Blacksmith","player_choice":"Rummage","floor":4.0,"damage_taken":0.0},{"event_name":"Golden Wing","player_choice":"Ignored","floor":14.0,"damage_taken":0.0},{"event_name":"Purifier","player_choice":"One Purge","floor":19,"damage_taken":0},{"event_name":"Beggar","player_choice":"Gave Gold","floor":21,"damage_taken":0}],"is_beta":false,"boss_relics":[{"not_picked":["Snecko Eye","Sozu"],"picked":"Nuclear Battery"}],"items_purged_floors":[12],"is_endless":false,"potions_floor_spawned":[7,11,13,16,18],"killed_by":"3 Cultists","ascension_level":8}