{"gold_per_floor":[119,42,59,71,91,117,134,168,253,265,307,329,341,363,375,387],"floor_reached":16,"playtime":1130,"items_purged":[],"score":177,"play_id":"3000fd70-48f0-49f8-a284-907e9a5dfd27","local_time":"20181122122459","is_ascension_mode":true,"campfire_choices":[{"floor":13,"key":"REST"},{"data":"Reflex","floor":15,"key":"SMITH"}],"neow_cost":"NONE","seed_source_timestamp":163214278040412,"circlet_count":0,"master_deck":["AscendersBane","Defend_G","Defend_G","Defend_G","Defend_G","Defend_G","Strike_G","Strike_G","Strike_G","Strike_G","Strike_G","Survivor","Neutralize","Poisoned Stab","Reflex+1","Tactician","Choke","Infinite Blades","All Out Attack","Poisoned Stab","Expertise","Quick Slash","Backflip","Underhanded Strike"],"relics":["HoveringKite","Mango","MawBank","Frozen Egg 2","FossilizedHelix","Odd Mushroom"],"potions_floor_usage":[6,8,16],"damage_taken":[{"damage":5,"enemies":"Jaw Worm","floor":1,"turns":6},{"damage":0,"enemies":"2 Louse","floor":3,"turns":4},{"damage":5,"enemies":"Small Slimes","floor":4,"turns":5},{"damage":8,"enemies":"Looter","floor":5,"turns":3},{"damage":22,"enemies":"Gremlin Nob","floor":6,"turns":4},{"damage":11,"enemies":"3 Louse","floor":7,"turns":3},{"damage":7,"enemies":"3 Sentries","floor":8,"turns":6},{"damage":6,"enemies":"The Mushroom Lair","floor":11,"turns":3},{"damage":0,"enemies":"2 Fungi Beasts","floor":12,"turns":2},{"damage":0,"enemies":"Blue Slaver","floor":14,"turns":2},{"damage":39,"enemies":"Hexaghost","floor":16,"turns":9}],"seed_played":"2930378395474903083","potions_obtained":[{"floor":1,"key":"Poison Potion"},{"floor":4,"key":"Strength Potion"},{"floor":7,"key":"Block Potion"},{"floor":11,"key":"Poison Potion"}],"is_trial":false,"path_per_floor":["M","$","M","M","M","E","M","E","T","?","?","M","R","M","R","B"],"character_chosen":"THE_SILENT","items_purchased":["Reflex"],"campfire_rested":1,"item_purchase_floors":[2],"current_hp_per_floor":[58,58,58,53,45,37,26,19,19,19,13,13,38,38,38,0],"gold":387,"neow_bonus":"BOSS_RELIC","is_prod":false,"is_daily":false,"chose_seed":false,"campfire_upgraded":1,"win_rate":0,"timestamp":1542918299,"path_taken":["M","$","M","M","M","E","M","E","T","?","?","M","R","M","R","BOSS"],"build_version":"2018-11-15","purchased_purges":0,"victory":false,"max_hp_per_floor":[70,70,70,70,70,84,84,84,84,84,84,84,84,84,84,84],"card_choices":[{"not_picked":["Deflect","Noxious Fumes"],"picked":"Poisoned Stab","floor":1},{"not_picked":["Outmaneuver","Concentrate"],"picked":"Tactician","floor":3},{"not_picked":["Outmaneuver","Flying Knee"],"picked":"Choke","floor":4},{"not_picked":["Outmaneuver","Setup"],"picked":"Infinite Blades","floor":5},{"not_picked":["Bouncing Flask","Setup"],"picked":"All Out Attack","floor":6},{"not_picked":["Prepared","Bane"],"picked":"Poisoned Stab","floor":7},{"not_picked":["Skewer","Quick Slash"],"picked":"Expertise","floor":8},{"not_picked":["Riddle With Holes","Concentrate"],"picked":"Quick Slash","floor":11},{"not_picked":["Unload","Cloak And Dagger"],"picked":"Backflip","floor":12},{"not_picked":["Flying Knee","Dagger Spray"],"picked":"Underhanded Strike","floor":14}],"player_experience":103128,"relics_obtained":[{"floor":6,"key":"Mango"},{"floor":8,"key":"MawBank"},{"floor":9,"key":"Frozen Egg 2"},{"floor":11,"key":"Odd Mushroom"}],"event_choices":[{"damage_healed":0,"gold_gain":0,"player_choice":"Searched \u00271\u0027 times","damage_taken":0,"relics_obtained":["FossilizedHelix"],"max_hp_gain":0,"max_hp_loss":0,"event_name":"Dead Adventurer","floor":10,"gold_loss":0},{"damage_healed":0,"gold_gain":0,"player_choice":"Fought Mushrooms","damage_taken":0,"max_hp_gain":0,"max_hp_loss":0,"event_name":"Mushrooms","floor":11,"gold_loss":0}],"is_beta":false,"boss_relics":[],"items_purged_floors":[],"is_endless":false,"potions_floor_spawned":[1,4,7,11],"killed_by":"Hexaghost","ascension_level":11}