{"gold_per_floor":[112,122,134,84,84,84,122,122,147,147,73,93,159,12,12,140,140,153,127,146,71,87,125,150,150,150,150,165,165,178,178,178,178],"floor_reached":33,"playtime":1293,"items_purged":["Strike_G"],"score":275,"play_id":"a2e3cc9a-7636-4651-a081-527ec645c9d0","local_time":"20181117145713","is_ascension_mode":false,"campfire_choices":[{"data":"Neutralize","floor":6.0,"key":"SMITH"},{"data":"Terror","floor":8.0,"key":"SMITH"},{"data":"Cloak And Dagger","floor":10.0,"key":"SMITH"},{"data":"Accuracy","floor":15.0,"key":"SMITH"},{"data":"Footwork","floor":25.0,"key":"SMITH"},{"data":"Accuracy","floor":27.0,"key":"SMITH"},{"data":"A Thousand Cuts","floor":29.0,"key":"SMITH"},{"floor":32,"key":"REST"}],"neow_cost":"NONE","seed_source_timestamp":2923161118453126,"circlet_count":0,"master_deck":["Defend_G","Defend_G+1","Defend_G","Defend_G","Strike_G","Strike_G","Survivor+1","Neutralize+1","Choke","Terror+1","Flying Knee","Cloak And Dagger+1","Accuracy+1","Backflip","Storm of Steel","Accuracy+1","Blade Dance","Footwork+1","A Thousand Cuts+1","Dash"],"special_seed":0,"relics":["Ring of the Snake","Golden Idol","Blood Vial","Bag of Marbles","Tiny Chest","War Paint","Empty Cage","Strawberry","Anchor"],"potions_floor_usage":[],"damage_taken":[{"damage":2.0,"enemies":"Small Slimes","floor":1.0,"turns":4.0},{"damage":0.0,"enemies":"Jaw Worm","floor":2.0,"turns":3.0},{"damage":0.0,"enemies":"Cultist","floor":3.0,"turns":2.0},{"damage":21.0,"enemies":"3 Sentries","floor":7.0,"turns":10.0},{"damage":0.0,"enemies":"Looter","floor":12.0,"turns":3.0},{"damage":9.0,"enemies":"Lagavulin","floor":13.0,"turns":7.0},{"damage":16.0,"enemies":"The Guardian","floor":16.0,"turns":13.0},{"damage":1.0,"enemies":"Chosen","floor":18.0,"turns":5.0},{"damage":3.0,"enemies":"3 Byrds","floor":20.0,"turns":6.0},{"damage":9.0,"enemies":"Shelled Parasite and Fungi","floor":22.0,"turns":6.0},{"damage":28.0,"enemies":"Slavers","floor":23.0,"turns":9.0},{"damage":7.0,"enemies":"Chosen and Byrds","floor":24.0,"turns":5.0},{"damage":1.0,"enemies":"Snecko","floor":28.0,"turns":5.0},{"damage":11.0,"enemies":"Shelled Parasite and Fungi","floor":30.0,"turns":4.0},{"damage":58,"enemies":"Collector","floor":33,"turns":7}],"seed_played":"-6549157964497806745","potions_obtained":[{"floor":1.0,"key":"FearPotion"},{"floor":3.0,"key":"FearPotion"},{"floor":13.0,"key":"Strength Potion"},{"floor":18.0,"key":"SkillPotion"},{"floor":20.0,"key":"Weak Potion"},{"floor":30.0,"key":"SkillPotion"}],"is_trial":false,"path_per_floor":["M","M","M","?","?","R","E","R","T","R","$","M","E","$","R","B",null,"M","$","M","$","M","E","M","R","T","R","M","R","M","?","R","B"],"character_chosen":"THE_SILENT","items_purchased":["Accuracy","War Paint","Blade Dance"],"campfire_rested":1,"item_purchase_floors":[11,14,19],"current_hp_per_floor":[75,75,75,75,56,56,35,35,35,35,35,37,30,30,30,16,77,76,76,74,74,67,48,43,43,43,43,44,44,35,35,60,4],"gold":178,"neow_bonus":"TEN_PERCENT_HP_BONUS","is_prod":false,"is_daily":false,"chose_seed":false,"campfire_upgraded":7,"win_rate":0,"timestamp":1542466633,"path_taken":["M","M","M","?","?","R","E","R","T","R","$","M","E","$","R","BOSS","M","$","M","$","M","E","M","R","T","R","M","R","M","?","R","BOSS"],"build_version":"2018-11-15","purchased_purges":1,"victory":false,"max_hp_per_floor":[77,77,77,77,77,77,77,77,77,77,77,77,77,77,77,77,77,77,77,77,77,77,84,84,84,84,84,84,84,84,84,84,84],"card_choices":[{"not_picked":["Skewer","Heel Hook"],"picked":"Choke","floor":1.0},{"not_picked":["Outmaneuver","Bouncing Flask"],"picked":"Terror","floor":2.0},{"not_picked":["Flechettes","Escape Plan"],"picked":"Flying Knee","floor":3.0},{"not_picked":["Poisoned Stab","PiercingWail"],"picked":"Cloak And Dagger","floor":7.0},{"not_picked":["Poisoned Stab","Skewer","Underhanded Strike"],"picked":"SKIP","floor":12.0},{"not_picked":["Poisoned Stab","Malaise"],"picked":"Backflip","floor":13.0},{"not_picked":["Unload","Glass Knife"],"picked":"Storm of Steel","floor":16.0},{"not_picked":["Infinite Blades","All Out Attack"],"picked":"Accuracy","floor":18.0},{"not_picked":["Sucker Punch","Flying Knee"],"picked":"Footwork","floor":20.0},{"not_picked":["Flying Knee+1","PiercingWail"],"picked":"A Thousand Cuts","floor":22.0},{"not_picked":["Bane+1","Flying Knee","Blade Dance"],"picked":"SKIP","floor":23.0},{"not_picked":["Bane","Tactician","Acrobatics+1"],"picked":"SKIP","floor":24.0},{"not_picked":["Outmaneuver","Poisoned Stab+1"],"picked":"Dash","floor":28.0},{"not_picked":["Underhanded Strike","Dagger Spray","Poisoned Stab"],"picked":"SKIP","floor":30.0}],"player_experience":792697,"relics_obtained":[{"floor":7.0,"key":"Blood Vial"},{"floor":9.0,"key":"Bag of Marbles"},{"floor":13.0,"key":"Tiny Chest"},{"floor":23.0,"key":"Strawberry"},{"floor":26.0,"key":"Anchor"}],"event_choices":[{"cards_removed":["Strike_G"],"damage_healed":0.0,"max_hp_gain":0.0,"max_hp_loss":0.0,"gold_gain":0.0,"event_name":"The Cleric","player_choice":"Card Removal","floor":4.0,"gold_loss":50.0,"damage_taken":0.0},{"damage_healed":0.0,"max_hp_gain":0.0,"max_hp_loss":0.0,"gold_gain":0.0,"event_name":"Golden Idol","player_choice":"Take Damage","floor":5.0,"gold_loss":0.0,"damage_taken":19.0,"relics_obtained":["Golden Idol"]},{"damage_healed":0,"gold_gain":0,"player_choice":"Ignored","damage_taken":0,"max_hp_gain":0,"max_hp_loss":0,"event_name":"The Mausoleum","floor":31,"gold_loss":0}],"is_beta":false,"boss_relics":[{"not_picked":["Calling Bell","Busted Crown"],"picked":"Empty Cage"}],"items_purged_floors":[21],"is_endless":false,"potions_floor_spawned":[1,3,13,18,20,30],"killed_by":"Collector","ascension_level":0}