{"gold_per_floor":[109,89,99,113,38,38,52,52,86,96,110,110,140,215,215,315,315,333,333,89,107,107,107,126,203,256,256,275,294,294,234,234,339,339,372,413,413],"floor_reached":37,"playtime":2395,"items_purged":["Strike_R","Strike_R"],"score":721,"play_id":"f0fb2193-a142-4983-ade3-2da98cfd6024","local_time":"20190118005102","is_ascension_mode":false,"campfire_choices":[{"data":"Bash","floor":6,"key":"SMITH"},{"data":"Pommel Strike","floor":8,"key":"SMITH"},{"data":"Flame Barrier","floor":12,"key":"SMITH"},{"floor":15,"key":"REST"},{"floor":23,"key":"REST"},{"data":"Demonic Infusion","floor":27,"key":"SMITH"},{"floor":30,"key":"REST"},{"floor":32,"key":"REST"}],"neow_cost":"","seed_source_timestamp":714986038122477,"circlet_count":0,"master_deck":["Strike_R","Strike_R","Strike_R","Defend_R","Defend_R","Defend_R","Defend_R","Bash+1","Good Instincts","Heavy Blade","Combust","Flame Barrier+1","Pommel Strike+1","Cleave","Metallicize","Demonic Infusion+1","Thunderclap+1","Forethought","Impervious","Run Through","Shockwave","Shockwave+1","Berserk","Inflame+1"],"relics":["Burning Blood","ReplayTheSpireMod:Lightbulb","hubris:FunFungus","Mark of Pain","hubris:TenFootPole","Question Card","Smiling Mask","infinitespire:EvilPickle","beaked:MawFillet","ReplayTheSpireMod:Spearhead"],"potions_floor_usage":[13,13,16,29,33],"damage_taken":[{"damage":2,"enemies":"Small Slimes","floor":1,"turns":3},{"damage":1,"enemies":"Cultist","floor":3,"turns":3},{"damage":8,"enemies":"Jaw Worm","floor":4,"turns":4},{"damage":7,"enemies":"Blue Slaver","floor":7,"turns":4},{"damage":37,"enemies":"2 Fungi Beasts","floor":9,"turns":14},{"damage":1,"enemies":"2 Fungi Beasts","floor":10,"turns":3},{"damage":11,"enemies":"Gremlin Gang","floor":11,"turns":3},{"damage":18,"enemies":"Lagavulin","floor":13,"turns":5},{"damage":18,"enemies":"The Guardian","floor":16,"turns":12},{"damage":35,"enemies":"2 Thieves","floor":18,"turns":4},{"damage":5,"enemies":"3 Byrds","floor":21,"turns":4},{"damage":18,"enemies":"Shelled Parasite and Fungi","floor":24,"turns":5},{"damage":25,"enemies":"Snake Plant","floor":28,"turns":5},{"damage":15,"enemies":"3 Cultists","floor":29,"turns":5},{"damage":45,"enemies":"Pondfish","floor":33,"turns":13},{"damage":32,"enemies":"3 Shapes","floor":35,"turns":5},{"damage":39,"enemies":"3 Darklings","floor":36,"turns":5}],"seed_played":"-2379845070980738434","potions_obtained":[{"floor":2,"key":"LifebloodPotion"},{"floor":3,"key":"GamblersBrew"},{"floor":7,"key":"Swift Potion"},{"floor":13,"key":"SpeedPotion"},{"floor":18,"key":"Block Potion"},{"floor":24,"key":"Dexterity Potion"},{"floor":36,"key":"Weak Potion"}],"is_trial":false,"path_per_floor":["M","?","M","M","$","R","M","R","MIM","M","M","R","E","?","R","B",null,"M","?","$","M","$","R","M","T","T","R","M","M","R","?","R","B",null,"M","M","M"],"character_chosen":"IRONCLAD","items_purchased":["ReplayTheSpireMod:Lightbulb","Impervious"],"campfire_rested":4,"item_purchase_floors":[0,20],"current_hp_per_floor":[75,75,80,78,78,78,77,77,46,51,46,46,34,23,47,37,80,52,36,36,37,37,61,49,49,49,49,31,23,47,47,71,38,80,56,26,0],"gold":413,"neow_bonus":"","is_prod":false,"is_daily":false,"chose_seed":false,"campfire_upgraded":4,"win_rate":0,"timestamp":1547743862,"path_taken":["M","?","?","M","$","R","M","R","MIM","M","M","R","E","?","R","BOSS","M","?","$","?","$","R","M","?","T","R","M","M","R","?","R","BOSS","M","M","M"],"build_version":"2019-01-10","purchased_purges":2,"victory":false,"max_hp_per_floor":[80,80,80,80,80,80,80,80,80,80,80,80,80,80,80,80,80,80,80,80,80,80,80,80,80,80,80,80,80,80,80,80,80,80,80,80,80],"card_choices":[{"not_picked":["Body Slam","Burning Pact"],"picked":"Heavy Blade","floor":1},{"not_picked":["hubris:CleavingFinish","Sever Soul"],"picked":"Combust","floor":3},{"not_picked":["Bloodletting","Defy Death"],"picked":"Flame Barrier","floor":4},{"not_picked":["True Grit","Headbutt"],"picked":"Pommel Strike","floor":7},{"not_picked":["Body Slam","Replay:Undeath\u0027s Touch"],"picked":"Cleave","floor":9},{"not_picked":["ReplayTheSpireMod:Muscle Training","Cleave"],"picked":"Metallicize","floor":10},{"not_picked":["Body Slam","Sword Boomerang","Dual Wield"],"picked":"SKIP","floor":11},{"not_picked":["Wild Strike","Cleave","Replay:Undeath\u0027s Touch"],"picked":"SKIP","floor":13},{"not_picked":["Replay:Many Hands","Brutality"],"picked":"Demonic Infusion","floor":16},{"not_picked":["Spot Weakness","Twin Strike"],"picked":"Thunderclap+1","floor":18},{"not_picked":["Bloodletting+1","Replay:Undeath\u0027s Touch"],"picked":"Run Through","floor":21},{"not_picked":["Warcry","Headbutt"],"picked":"Shockwave","floor":24},{"not_picked":["Uppercut","Wild Strike","Immolate","Metallicize"],"picked":"SKIP","floor":28},{"not_picked":["Clash","ReplayTheSpireMod:Strike From Hell+1","Feel No Pain+1"],"picked":"Shockwave+1","floor":29},{"not_picked":["Eclipse","Brutality","Juggernaut"],"picked":"Berserk","floor":33},{"not_picked":["Clash+1","Body Slam","Armaments"],"picked":"Inflame+1","floor":35},{"not_picked":["Sword Boomerang","Defy Death","Replay:Undeath\u0027s Touch+1","Headbutt+1"],"picked":"SKIP","floor":36}],"player_experience":130507,"relics_obtained":[{"floor":13,"key":"hubris:FunFungus"},{"floor":25,"key":"Question Card"},{"floor":26,"key":"Smiling Mask"}],"event_choices":[{"damage_healed":0,"gold_gain":0,"player_choice":"Bought 1 Potion","damage_taken":0,"max_hp_gain":0,"max_hp_loss":0,"event_name":"The Woman in Blue","floor":2,"gold_loss":0},{"damage_healed":0,"gold_gain":75,"player_choice":"Gather Gold","damage_taken":11,"max_hp_gain":0,"max_hp_loss":0,"event_name":"World of Goop","floor":14,"gold_loss":0},{"damage_healed":0,"gold_gain":0,"player_choice":"CARD ","damage_taken":16,"max_hp_gain":0,"max_hp_loss":0,"event_name":"Knowing Skull","floor":19,"potions_obtained":[],"gold_loss":0,"cards_obtained":["Forethought"]}],"is_beta":false,"boss_relics":[{"not_picked":["Painkiller Herb","Kintsugi"],"picked":"Mark of Pain"},{"not_picked":["Black Star","ReplayTheSpireMod:DimensionalGlitch"],"picked":"beaked:MawFillet"}],"items_purged_floors":[5,20],"is_endless":false,"potions_floor_spawned":[3,7,13,18,24,28,36],"killed_by":"4 Shapes","ascension_level":0}