{"gold_per_floor":[112,112,127,145,145,145,145,155,155,155,80,80,80,99,99,227,227],"floor_reached":17,"playtime":688,"items_purged":["Defend_B"],"score":170,"play_id":"2a617264-a40d-4840-b4dd-6d5cbbf2aecd","local_time":"20180806165105","is_ascension_mode":false,"campfire_choices":[{"data":"Ball Lightning","floor":6.0,"key":"SMITH"},{"data":"Zap","floor":13.0,"key":"SMITH"},{"data":"Fission","floor":15.0,"key":"SMITH"}],"neow_cost":"NONE","seed_source_timestamp":0,"circlet_count":0,"master_deck":["Strike_B","Strike_B","Strike_B","Defend_B","Defend_B","Defend_B","Zap+1","Dualcast","Ball Lightning+1","Turbo","Fission+1","Injury","Tempest","Thunder Strike"],"special_seed":0,"relics":["Cracked Core","NeowsBlessing","Emotion Chip","Pear","Matryoshka","Golden Idol","Black Star"],"potions_floor_usage":[],"damage_taken":[{"damage":0.0,"enemies":"2 Louse","floor":1.0,"turns":1.0},{"damage":0.0,"enemies":"Cultist","floor":3.0,"turns":1.0},{"damage":0.0,"enemies":"Small Slimes","floor":4.0,"turns":1.0},{"damage":8.0,"enemies":"Red Slaver","floor":8.0,"turns":3.0},{"damage":3.0,"enemies":"2 Fungi Beasts","floor":14.0,"turns":3.0},{"damage":39.0,"enemies":"The Guardian","floor":16.0,"turns":10.0}],"seed_played":"-321202642547161242","potions_obtained":[{"floor":3.0,"key":"SteroidPotion"},{"floor":4.0,"key":"SneckoOil"},{"floor":14.0,"key":"FocusPotion"}],"is_trial":false,"path_per_floor":["M","?","M","M","?","R","?","M","T","T","$","?","R","M","R","B"],"character_chosen":"DEFECT","items_purchased":[],"campfire_rested":0,"item_purchase_floors":[],"current_hp_per_floor":[75,80,80,80,80,80,80,72,82,82,82,82,82,79,79,40,40],"gold":227,"neow_bonus":"THREE_ENEMY_KILL","is_prod":false,"is_daily":false,"chose_seed":false,"campfire_upgraded":3,"win_rate":0,"timestamp":1533588665,"path_taken":["M","?","?","M","?","R","?","M","T","?","$","?","R","M","R","BOSS"],"build_version":"2018-08-02","purchased_purges":1,"victory":false,"max_hp_per_floor":[75,80,80,80,80,80,80,80,90,90,90,90,90,90,90,90,90],"card_choices":[{"not_picked":["Hello World","Storm"],"picked":"Ball Lightning","floor":1.0},{"not_picked":["Gash","Stack"],"picked":"Turbo","floor":3.0},{"not_picked":["Sweeping Beam","Coolheaded","Compile Driver"],"picked":"SKIP","floor":4.0},{"not_picked":["Leap","Turbo"],"picked":"Fission","floor":8.0},{"not_picked":["Compile Driver","Stack"],"picked":"Tempest","floor":14.0},{"not_picked":["Meteor Strike","Amplify"],"picked":"Thunder Strike","floor":16.0}],"player_experience":648466,"relics_obtained":[{"floor":9.0,"key":"Pear"},{"floor":10.0,"key":"Matryoshka"}],"event_choices":[{"event_name":"Big Fish","player_choice":"Donut","floor":2.0,"damage_taken":0.0},{"event_name":"Living Wall","player_choice":"Forget","floor":5.0,"damage_taken":0.0},{"event_name":"WeMeetAgain","player_choice":"Potion","floor":7.0,"damage_taken":0.0},{"event_name":"Golden Idol","player_choice":"Take Wound","floor":12.0,"damage_taken":0.0}],"is_beta":false,"boss_relics":[{"not_picked":["Sozu","White Beast Statue"],"picked":"Black Star"}],"items_purged_floors":[11],"is_endless":false,"potions_floor_spawned":[3,4,14],"ascension_level":0}