{"gold_per_floor":[115,89,102,117,132,161,161,191,191,207,217,217,292,308,308,408,408],"floor_reached":17,"playtime":504,"items_purged":[],"score":169,"play_id":"eb4eaab9-509e-43bf-bd72-89df59253093","local_time":"20181104005233","is_ascension_mode":false,"campfire_choices":[{"data":"Dualcast","floor":7,"key":"SMITH"},{"data":"Zap","floor":12,"key":"SMITH"},{"data":"Biased Cognition","floor":15,"key":"SMITH"}],"neow_cost":"NONE","seed_source_timestamp":1750163917492896,"circlet_count":0,"master_deck":["Strike_B","Strike_B","Strike_B","Strike_B","Defend_B","Defend_B","Defend_B","Defend_B","Zap+1","Dualcast+1","Biased Cognition+1","BootSequence","Conserve Battery","Auto Shields","Coolheaded","Conserve Battery","Ball Lightning"],"special_seed":0,"relics":["Cracked Core","Symbiotic Virus","Pantograph","Letter Opener","Cursed Key"],"potions_floor_usage":[16],"damage_taken":[{"damage":6.0,"enemies":"Jaw Worm","floor":1.0,"turns":3.0},{"damage":0.0,"enemies":"2 Louse","floor":3.0,"turns":2.0},{"damage":0.0,"enemies":"Cultist","floor":4.0,"turns":3.0},{"damage":4.0,"enemies":"Large Slime","floor":5.0,"turns":7.0},{"damage":17,"enemies":"Lagavulin","floor":6,"turns":9},{"damage":8,"enemies":"3 Sentries","floor":8,"turns":9},{"damage":2,"enemies":"Blue Slaver","floor":10,"turns":3},{"damage":0,"enemies":"3 Louse","floor":11,"turns":3},{"damage":0,"enemies":"Lots of Slimes","floor":14,"turns":3},{"damage":1,"enemies":"The Guardian","floor":16,"turns":8}],"seed_played":"-1380396754713956762","potions_obtained":[{"floor":5.0,"key":"Strength Potion"},{"floor":10,"key":"Strength Potion"},{"floor":14,"key":"FearPotion"}],"is_trial":false,"path_per_floor":["M","$","M","M","M","E","R","E","T","M","M","R","?","M","R","B",null],"character_chosen":"DEFECT","items_purchased":["Conserve Battery"],"campfire_rested":0,"item_purchase_floors":[2],"current_hp_per_floor":[69,69,69,69,65,48,48,40,40,38,38,38,27,27,27,51,51],"gold":408,"neow_bonus":"ONE_RANDOM_RARE_CARD","is_prod":false,"is_daily":false,"chose_seed":false,"campfire_upgraded":3,"win_rate":0,"timestamp":1541292753,"path_taken":["M","$","M","M","M","E","R","E","T","M","M","R","?","M","R","BOSS"],"build_version":"2018-11-01","purchased_purges":0,"victory":false,"max_hp_per_floor":[75,75,75,75,75,75,75,75,75,75,75,75,75,75,75,75,75],"card_choices":[{"not_picked":["Sweeping Beam","Beam Cell"],"picked":"BootSequence","floor":1.0},{"not_picked":["Loop","Scrape","Cold Snap"],"picked":"SKIP","floor":3.0},{"not_picked":["Aggregate","Compile Driver"],"picked":"Auto Shields","floor":4.0},{"not_picked":["Hello World","Compile Driver","Double Energy"],"picked":"SKIP","floor":5.0},{"not_picked":["Sweeping Beam","Amplify","Gash"],"picked":"SKIP","floor":6},{"not_picked":["Leap","White Noise"],"picked":"Coolheaded","floor":8},{"not_picked":["Streamline","Redo"],"picked":"Conserve Battery","floor":10},{"not_picked":["Rebound","Scrape","Turbo"],"picked":"SKIP","floor":11},{"not_picked":["Darkness","Conserve Battery"],"picked":"Ball Lightning","floor":14}],"player_experience":759373,"relics_obtained":[{"floor":6,"key":"Symbiotic Virus"},{"floor":8,"key":"Pantograph"},{"floor":9,"key":"Letter Opener"}],"event_choices":[{"damage_healed":0,"gold_gain":75,"player_choice":"Gather Gold","damage_taken":11,"max_hp_gain":0,"max_hp_loss":0,"event_name":"World of Goop","floor":13,"gold_loss":0}],"is_beta":false,"boss_relics":[{"not_picked":["Lizard Tail","Busted Crown"],"picked":"Cursed Key"}],"items_purged_floors":[],"is_endless":false,"potions_floor_spawned":[5,10,14],"ascension_level":0}