{"gold_per_floor":[117,117,131,143,143,143,172,121,121,121,134,161,161,111,111,208,208,219,239,253,253,253,253,273,273,323,358,368,382,382,399,399,495,495,509,509,523,260,276,290,220,230,256,267,267,96,109,123,123,123],"floor_reached":51,"playtime":1738,"items_purged":["Decay","Defend_B"],"score":708,"play_id":"7b114575-4ffb-423d-8d08-a2241c9d60af","local_time":"20181123220732","is_ascension_mode":false,"campfire_choices":[{"data":"Zap","floor":6.0,"key":"SMITH"},{"data":"Rainbow","floor":10.0,"key":"SMITH"},{"data":"Go for the Eyes","floor":13.0,"key":"SMITH"},{"data":"1","floor":15.0,"key":"LIFT"},{"data":"2","floor":23.0,"key":"LIFT"},{"data":"3","floor":25.0,"key":"LIFT"},{"floor":30.0,"key":"REST"},{"data":"Buffer","floor":32.0,"key":"SMITH"},{"floor":49,"key":"REST"}],"neow_cost":"NONE","seed_source_timestamp":522770259339454,"circlet_count":0,"master_deck":["Strike_B","Strike_B","Strike_B","Defend_B","Defend_B","Defend_B","Zap+1","Dualcast+1","Go for the Eyes+1","Rainbow+1","Coolheaded","Cold Snap","Conserve Battery","Thunder Strike+1","Rebound+1","Conserve Battery","Beam Cell+1","Auto Shields","Sweeping Beam+1","Ball Lightning+1","Buffer+1","Electrodynamics","Conserve Battery","Ball Lightning+1","Echo Form","Force Field","Tempest+1","Glacier","Steam","Hologram","Parasite","Stack+1","Force Field","Capacitor+1","Hologram+1"],"special_seed":0,"relics":["Cracked Core","Calipers","Girya","Molten Egg 2","Nloth\u0027s Gift","Ancient Tea Set","Sundial","Sozu","Vajra"],"potions_floor_usage":[50],"damage_taken":[{"damage":0.0,"enemies":"Small Slimes","floor":1.0,"turns":3.0},{"damage":1.0,"enemies":"Cultist","floor":3.0,"turns":3.0},{"damage":0.0,"enemies":"2 Louse","floor":4.0,"turns":2.0},{"damage":2.0,"enemies":"Lagavulin","floor":7.0,"turns":6.0},{"damage":0.0,"enemies":"Lots of Slimes","floor":11.0,"turns":4.0},{"damage":16.0,"enemies":"Gremlin Nob","floor":12.0,"turns":4.0},{"damage":16.0,"enemies":"Slime Boss","floor":16.0,"turns":7.0},{"damage":0.0,"enemies":"Shell Parasite","floor":18.0,"turns":7.0},{"damage":12.0,"enemies":"Spheric Guardian","floor":19.0,"turns":6.0},{"damage":2.0,"enemies":"3 Cultists","floor":20.0,"turns":6.0},{"damage":4.0,"enemies":"Centurion and Healer","floor":24.0,"turns":9.0},{"damage":31.0,"enemies":"Slavers","floor":27.0,"turns":6.0},{"damage":2.0,"enemies":"Snake Plant","floor":28.0,"turns":4.0},{"damage":0.0,"enemies":"3 Cultists","floor":29.0,"turns":4.0},{"damage":0.0,"enemies":"Centurion and Healer","floor":31.0,"turns":5.0},{"damage":43.0,"enemies":"Collector","floor":33.0,"turns":10.0},{"damage":0.0,"enemies":"3 Shapes","floor":35.0,"turns":6.0},{"damage":0.0,"enemies":"Orb Walker","floor":37.0,"turns":3.0},{"damage":7,"enemies":"3 Darklings","floor":39,"turns":4},{"damage":21,"enemies":"Jaw Worm Horde","floor":40,"turns":5},{"damage":17,"enemies":"Writhing Mass","floor":42,"turns":7},{"damage":0,"enemies":"4 Shapes","floor":44,"turns":6},{"damage":0,"enemies":"Sphere and 2 Shapes","floor":47,"turns":5},{"damage":5,"enemies":"Spire Growth","floor":48,"turns":7},{"damage":33,"enemies":"Awakened One","floor":50,"turns":10}],"seed_played":"-7997485417787174352","potions_obtained":[{"floor":12.0,"key":"FairyPotion"},{"floor":16.0,"key":"SteroidPotion"},{"floor":18.0,"key":"Dexterity Potion"},{"floor":28.0,"key":"Weak Potion"}],"is_trial":false,"path_per_floor":["M","?","M","M","$","R","E","$","T","R","M","E","R","?","R","B",null,"M","M","M","$","?","R","M","R","T","E","M","M","R","M","R","B",null,"M","?","M","$","M","M","$","M","T","M","?","$","M","M","R","B",null],"character_chosen":"DEFECT","items_purchased":["Conserve Battery","Echo Form","Force Field","Steam","Hologram","Force Field"],"campfire_rested":2,"item_purchase_floors":[8,38,38,41,41,46],"current_hp_per_floor":[75,75,74,74,74,74,72,72,72,72,72,56,56,56,56,40,75,75,63,61,61,61,61,57,57,57,26,24,24,46,46,46,3,75,75,75,75,75,68,47,47,30,30,30,30,30,30,25,47,14],"gold":123,"neow_bonus":"UPGRADE_CARD","is_prod":false,"is_daily":false,"chose_seed":false,"campfire_upgraded":4,"win_rate":0,"timestamp":1543010852,"path_taken":["M","?","M","M","$","R","E","$","T","R","?","E","R","?","R","BOSS","M","M","M","$","?","R","M","R","T","E","?","M","R","?","R","BOSS","M","?","M","$","M","M","?","M","T","?","?","$","?","M","R","BOSS"],"build_version":"2018-11-15","purchased_purges":2,"victory":true,"max_hp_per_floor":[75,75,75,75,75,75,75,75,75,75,75,75,75,75,75,75,75,75,75,75,75,75,75,75,75,75,75,75,75,75,75,75,75,75,75,75,75,75,75,75,75,75,75,75,75,75,75,75,75,75],"card_choices":[{"not_picked":["Hologram","Turbo"],"picked":"Go for the Eyes","floor":1.0},{"not_picked":["Turbo","Recycle"],"picked":"Rainbow","floor":3.0},{"not_picked":["Lockon","Leap"],"picked":"Coolheaded","floor":4.0},{"not_picked":["Fusion","Beam Cell"],"picked":"Cold Snap","floor":7.0},{"not_picked":["Double Energy","Streamline","Reprogram"],"picked":"SKIP","floor":11.0},{"not_picked":["Cold Snap","Recycle"],"picked":"Thunder Strike","floor":12.0},{"not_picked":["Steam","Skim"],"picked":"Rebound+1","floor":17.0},{"not_picked":["Recycle+1","Redo"],"picked":"Conserve Battery","floor":18.0},{"not_picked":["Creative AI","Recycle+1","White Noise"],"picked":"SKIP","floor":19.0},{"not_picked":["Hologram","Reprogram+1"],"picked":"Beam Cell+1","floor":20.0},{"not_picked":["Undo","Genetic Algorithm"],"picked":"Auto Shields","floor":24.0},{"not_picked":["Hyperbeam+1","Machine Learning"],"picked":"Sweeping Beam+1","floor":27.0},{"not_picked":["Streamline+1","Barrage+1"],"picked":"Ball Lightning+1","floor":28.0},{"not_picked":["Reprogram+1","Melter+1"],"picked":"Buffer","floor":29.0},{"not_picked":["Recycle","Biased Cognition","Beam Cell+1"],"picked":"SKIP","floor":31.0},{"not_picked":["Multi-Cast","Amplify"],"picked":"Electrodynamics","floor":33.0},{"not_picked":["Beam Cell+1","Turbo"],"picked":"Conserve Battery","floor":35.0},{"not_picked":["Seek","Streamline+1"],"picked":"Ball Lightning+1","floor":37.0},{"not_picked":["FTL+1","Recycle+1"],"picked":"Tempest+1","floor":39},{"not_picked":["Leap+1","Steam+1"],"picked":"Glacier","floor":40},{"not_picked":["Ball Lightning+1","Doom and Gloom+1","Redo+1"],"picked":"SKIP","floor":42},{"not_picked":["Redo+1","Rebound+1"],"picked":"Stack+1","floor":44},{"not_picked":["Biased Cognition","Stack"],"picked":"Capacitor+1","floor":47},{"not_picked":["All For One+1","Leap"],"picked":"Hologram+1","floor":48}],"player_experience":816697,"relics_obtained":[{"floor":7.0,"key":"Calipers"},{"floor":9.0,"key":"Girya"},{"floor":12.0,"key":"Molten Egg 2"},{"floor":26.0,"key":"Ancient Tea Set"},{"floor":27.0,"key":"Sundial"},{"floor":43,"key":"Vajra"}],"event_choices":[{"damage_healed":0.0,"max_hp_gain":0.0,"max_hp_loss":0.0,"gold_gain":0.0,"event_name":"The Woman in Blue","player_choice":"Bought 0 Potions","floor":2.0,"gold_loss":0.0,"damage_taken":0.0},{"cards_removed":["Strike_B"],"damage_healed":0.0,"max_hp_gain":0.0,"max_hp_loss":0.0,"gold_gain":0.0,"event_name":"The Cleric","player_choice":"Card Removal","floor":14.0,"gold_loss":50.0,"damage_taken":0.0},{"damage_healed":0.0,"max_hp_gain":0.0,"max_hp_loss":0.0,"gold_gain":0.0,"event_name":"N\u0027loth","player_choice":"Traded Relic","floor":22.0,"relics_lost":["Orrery"],"gold_loss":0.0,"damage_taken":0.0,"relics_obtained":["Nloth\u0027s Gift"]},{"damage_healed":0.0,"max_hp_gain":0.0,"max_hp_loss":0.0,"gold_gain":0.0,"event_name":"Wheel of Change","player_choice":"Cursed","floor":36.0,"gold_loss":0.0,"damage_taken":0.0,"cards_obtained":["Decay"]},{"damage_healed":0,"gold_gain":0,"player_choice":"Got Potions","damage_taken":0,"max_hp_gain":0,"max_hp_loss":0,"event_name":"Lab","floor":45,"gold_loss":0}],"is_beta":false,"boss_relics":[{"not_picked":["Calling Bell","Runic Pyramid"],"picked":"Orrery"},{"not_picked":["White Beast Statue","Inserter"],"picked":"Sozu"}],"items_purged_floors":[38,46],"is_endless":false,"potions_floor_spawned":[12,16,18,27,28,29,39,40,42,47],"ascension_level":0}