{"gold_per_floor":[113,113,113,127,127,158,158,189,189,34,34,34,50,50,50,155,155,175,187,203,52,65,65,78,78,105,105,134,134,148,166,166,166],"floor_reached":33,"playtime":1077,"items_purged":[],"score":275,"play_id":"2817ad38-2471-496c-ac50-9ae7d3f752e0","local_time":"20181121235933","is_ascension_mode":false,"campfire_choices":[{"data":"Dualcast","floor":7,"key":"SMITH"},{"data":"Zap","floor":11,"key":"SMITH"},{"data":"Go for the Eyes","floor":12,"key":"SMITH"},{"data":"Defend_B","floor":15,"key":"SMITH"},{"data":"Thunder Strike","floor":23,"key":"SMITH"},{"floor":25,"key":"REST"},{"data":"Defend_B","floor":27,"key":"SMITH"},{"data":"Defend_B","floor":32,"key":"SMITH"}],"neow_cost":"NONE","seed_source_timestamp":357494000457580,"circlet_count":0,"master_deck":["Strike_B+1","Strike_B","Strike_B","Strike_B","Defend_B+1","Defend_B+1","Defend_B+1","Defend_B","Zap+1","Dualcast+1","Go for the Eyes+1","Ball Lightning+1","Thunder Strike+1","Glacier+1","Loop+1","Steam+1","Stack+1","Fusion+1"],"relics":["Cracked Core","Meat on the Bone","WingedGreaves","Toxic Egg 2","Whetstone","Black Star","DataDisk","Bag of Marbles","Nunchaku","Dead Branch"],"potions_floor_usage":[18,22,29,30,33,33],"damage_taken":[{"damage":0,"enemies":"Cultist","floor":1,"turns":4},{"damage":2,"enemies":"Small Slimes","floor":4,"turns":4},{"damage":30,"enemies":"3 Sentries","floor":6,"turns":9},{"damage":21,"enemies":"Lagavulin","floor":8,"turns":7},{"damage":1,"enemies":"Jaw Worm","floor":13,"turns":2},{"damage":21,"enemies":"Hexaghost","floor":16,"turns":9},{"damage":20,"enemies":"2 Thieves","floor":18,"turns":4},{"damage":16,"enemies":"Chosen","floor":19,"turns":5},{"damage":15,"enemies":"Snecko","floor":20,"turns":5},{"damage":0,"enemies":"Cultist and Chosen","floor":22,"turns":5},{"damage":1,"enemies":"Centurion and Healer","floor":24,"turns":7},{"damage":34,"enemies":"Slavers","floor":28,"turns":6},{"damage":11,"enemies":"Colosseum Slavers","floor":29,"turns":4},{"damage":8,"enemies":"Snake Plant","floor":30,"turns":5},{"damage":0,"enemies":"Shelled Parasite and Fungi","floor":31,"turns":7},{"damage":42,"enemies":"Automaton","floor":33,"turns":12}],"seed_played":"-3862715454312256101","potions_obtained":[{"floor":6,"key":"Swift Potion"},{"floor":13,"key":"Strength Potion"},{"floor":20,"key":"Fire Potion"},{"floor":24,"key":"GamblersBrew"},{"floor":28,"key":"SkillPotion"},{"floor":31,"key":"SkillPotion"}],"is_trial":false,"path_per_floor":["M","$","$","M","$","E","R","E","T","$","R","R","M","?","R","B",null,"M","M","M","$","M","R","M","R","T","R","E","?","M","M","R","B"],"character_chosen":"DEFECT","items_purchased":["Whetstone","DataDisk"],"campfire_rested":1,"item_purchase_floors":[10,21],"current_hp_per_floor":[82,82,82,80,80,50,50,41,41,41,41,41,52,52,52,43,82,62,46,43,43,43,43,42,66,66,66,44,45,49,49,49,7],"gold":166,"neow_bonus":"TEN_PERCENT_HP_BONUS","is_prod":false,"is_daily":false,"chose_seed":false,"campfire_upgraded":7,"win_rate":0,"timestamp":1542844773,"path_taken":["M","?","$","M","$","E","R","E","T","$","R","R","M","?","R","BOSS","M","?","M","$","M","R","M","R","T","R","E","?","M","M","R","BOSS"],"build_version":"2018-11-15","purchased_purges":0,"victory":false,"max_hp_per_floor":[82,82,82,82,82,82,82,82,82,82,82,82,82,82,82,82,82,82,82,82,82,82,82,82,82,82,82,82,82,82,82,82,82],"card_choices":[{"not_picked":["Rebound","Cold Snap"],"picked":"Go for the Eyes","floor":1},{"not_picked":["Melter","Sweeping Beam"],"picked":"Ball Lightning","floor":4},{"not_picked":["Stack","Barrage","Amplify"],"picked":"SKIP","floor":6},{"not_picked":["White Noise","Double Energy","Go for the Eyes"],"picked":"SKIP","floor":8},{"not_picked":["Turbo+1","Beam Cell","Sweeping Beam"],"picked":"SKIP","floor":13},{"not_picked":["Amplify+1","Biased Cognition"],"picked":"Thunder Strike","floor":16},{"not_picked":["Gash","Rebound","Sweeping Beam"],"picked":"SKIP","floor":18},{"not_picked":["Gash","Beam Cell","Heatsinks"],"picked":"SKIP","floor":19},{"not_picked":["Steam Power+1","Cold Snap"],"picked":"Glacier+1","floor":20},{"not_picked":["Cold Snap","Steam+1"],"picked":"Loop+1","floor":22},{"not_picked":["Barrage","Reboot+1"],"picked":"Steam+1","floor":24},{"not_picked":["Lockon","Gash","Turbo+1"],"picked":"SKIP","floor":28},{"not_picked":["Steam+1","Skim+1"],"picked":"Stack+1","floor":30},{"not_picked":["Consume+1","Coolheaded+1"],"picked":"Fusion+1","floor":31}],"player_experience":813579,"relics_obtained":[{"floor":6,"key":"Meat on the Bone"},{"floor":8,"key":"WingedGreaves"},{"floor":9,"key":"Toxic Egg 2"},{"floor":26,"key":"Bag of Marbles"},{"floor":28,"key":"Nunchaku"},{"floor":28,"key":"Dead Branch"}],"event_choices":[{"damage_healed":0,"gold_gain":0,"player_choice":"Ignored","damage_taken":0,"max_hp_gain":0,"max_hp_loss":0,"event_name":"NoteForYourself","floor":14,"gold_loss":0},{"damage_healed":0,"gold_gain":0,"player_choice":"Fight","damage_taken":0,"max_hp_gain":0,"max_hp_loss":0,"event_name":"Colosseum","floor":29,"gold_loss":0},{"damage_healed":0,"gold_gain":0,"player_choice":"Fled From Nobs","damage_taken":0,"max_hp_gain":0,"max_hp_loss":0,"event_name":"Colosseum","floor":29,"gold_loss":0}],"is_beta":false,"boss_relics":[{"not_picked":["Lizard Tail","FrozenCore"],"picked":"Black Star"}],"items_purged_floors":[],"is_endless":false,"potions_floor_spawned":[6,13,20,24,28,31],"killed_by":"Automaton","ascension_level":0}