{"gold_per_floor":[110,38,38,38,56,56,88,108,131,131,131,142,142,157,157,255,255,273,273,68,86,97,128,128,128],"floor_reached":25,"playtime":1470,"items_purged":["Strike_R"],"score":394,"play_id":"899e4650-ff22-469e-a94e-36fdb07fe552","local_time":"20190201125234","is_ascension_mode":true,"campfire_choices":[{"data":"Searing Blow","floor":6,"key":"SMITH"},{"data":"Searing Blow+1","floor":11,"key":"SMITH"},{"data":"Searing Blow+2","floor":15,"key":"SMITH"},{"floor":24,"key":"REST"}],"neow_cost":"NONE","seed_source_timestamp":394226786794400,"circlet_count":0,"master_deck":["AscendersBane","Strike_R","Strike_R","Strike_R","Defend_R","Defend_R","Defend_R+1","Defend_R","Bash","Inflame+1","Searing Blow+3","Fiend Fire","Heavy Blade","Pommel Strike","Double Tap","Feel No Pain","Combust","Flame Barrier"],"relics":["Burning Blood","NeowsBlessing","PreservedInsect","Ancient Tea Set","Happy Flower","Runic Cube","Bottled Flame","Potion Belt"],"potions_floor_usage":[12,16,16,22],"damage_taken":[{"damage":0,"enemies":"Jaw Worm","floor":1,"turns":1},{"damage":0,"enemies":"Cultist","floor":5,"turns":1},{"damage":0,"enemies":"3 Sentries","floor":7,"turns":2},{"damage":0,"enemies":"Small Slimes","floor":8,"turns":3},{"damage":2,"enemies":"Exordium Thugs","floor":12,"turns":4},{"damage":7,"enemies":"3 Louse","floor":14,"turns":5},{"damage":45,"enemies":"Hexaghost","floor":16,"turns":7},{"damage":11,"enemies":"Spheric Guardian","floor":18,"turns":3},{"damage":18,"enemies":"Shell Parasite","floor":21,"turns":3},{"damage":24,"enemies":"Snake Plant","floor":22,"turns":2},{"damage":31,"enemies":"Slavers","floor":23,"turns":5},{"damage":37,"enemies":"Book of Stabbing","floor":25,"turns":4}],"seed_played":"3528866121862710081","potions_obtained":[{"floor":5,"key":"SkillPotion"},{"floor":12,"key":"Poison Potion"},{"floor":14,"key":"EssenceOfSteel"}],"is_trial":false,"path_per_floor":["M","$","?","?","M","R","E","M","T","?","R","M","T","M","R","B",null,"M","T","$","M","M","E","R","E"],"character_chosen":"IRONCLAD","items_purchased":["Inflame","Combust","SkillPotion"],"campfire_rested":1,"item_purchase_floors":[2,20,20],"current_hp_per_floor":[78,78,71,71,77,77,80,80,80,64,64,68,68,67,67,28,67,62,62,62,50,32,7,31,0],"gold":128,"neow_bonus":"THREE_ENEMY_KILL","is_prod":false,"is_daily":false,"chose_seed":false,"campfire_upgraded":3,"win_rate":0,"timestamp":1549021954,"path_taken":["M","$","?","?","?","R","E","M","T","?","R","M","?","M","R","BOSS","M","?","$","?","M","E","R","E"],"build_version":"2019-01-23","purchased_purges":1,"victory":false,"max_hp_per_floor":[80,80,80,80,80,80,80,80,80,80,80,80,80,80,80,80,80,80,80,80,80,80,80,80,80],"card_choices":[{"not_picked":["Clash","Havoc","Bloodletting"],"picked":"SKIP","floor":1},{"not_picked":["Flex","Iron Wave"],"picked":"Searing Blow","floor":5},{"not_picked":["Thunderclap","True Grit"],"picked":"Fiend Fire","floor":7},{"not_picked":["Clothesline","Flex"],"picked":"Heavy Blade","floor":8},{"not_picked":["Dual Wield","Rampage","Iron Wave"],"picked":"SKIP","floor":12},{"not_picked":["Flex","Sword Boomerang"],"picked":"Pommel Strike","floor":14},{"not_picked":["Immolate","Berserk"],"picked":"Double Tap","floor":16},{"not_picked":["Body Slam","Clash"],"picked":"Feel No Pain","floor":18},{"not_picked":["Heavy Blade","Clash","Carnage"],"picked":"SKIP","floor":21},{"not_picked":["Sever Soul","Cleave+1"],"picked":"Flame Barrier","floor":22},{"not_picked":["Pommel Strike","Perfected Strike","Dual Wield"],"picked":"SKIP","floor":23}],"player_experience":259247,"relics_obtained":[{"floor":7,"key":"PreservedInsect"},{"floor":9,"key":"Ancient Tea Set"},{"floor":13,"key":"Happy Flower"},{"floor":19,"key":"Bottled Flame"},{"floor":23,"key":"Potion Belt"}],"event_choices":[{"cards_removed":["Strike_R"],"damage_healed":0,"gold_gain":0,"player_choice":"Card Removal","damage_taken":7,"max_hp_gain":0,"max_hp_loss":0,"event_name":"Golden Wing","floor":3,"gold_loss":0},{"damage_healed":0,"gold_gain":0,"player_choice":"Ignored","damage_taken":0,"max_hp_gain":0,"max_hp_loss":0,"event_name":"WeMeetAgain","floor":4,"gold_loss":0},{"damage_healed":0,"gold_gain":0,"player_choice":"Entered Light","damage_taken":16,"max_hp_gain":0,"max_hp_loss":0,"event_name":"Shining Light","floor":10,"gold_loss":0,"cards_upgraded":["Defend_R","Inflame"]}],"is_beta":false,"boss_relics":[{"not_picked":["Coffee Dripper","Fusion Hammer"],"picked":"Runic Cube"}],"items_purged_floors":[20],"is_endless":false,"potions_floor_spawned":[5,12,14],"killed_by":"Book of Stabbing","ascension_level":12}