{"path_per_floor":["M","M","$","M","M","R","?","E","T","R","E","R","?","M","R","B",null,"M","M","M","?","$","R","E","?","T","E","M","M","R","M","R"],"character_chosen":"THE_SILENT","items_purchased":["Adrenaline","Quick Slash","Bandage Up","Bird Faced Urn","Flying Knee"],"gold_per_floor":[112,129,16,30,41,41,141,173,226,226,259,259,289,302,302,402,402,416,427,437,437,33,33,61,61,111,138,155,171,171,189,189,189],"floor_reached":33,"campfire_rested":3,"playtime":1729,"item_purchase_floors":[],"current_hp_per_floor":[77,74,74,74,65,65,65,23,23,46,35,58,58,58,58,12,77,72,67,62,55,55,55,49,49,49,47,46,49,49,51,74,7],"items_purged":[],"gold":189,"score":312,"play_id":"a1dbe3bd-26fd-425e-952b-ca6ae83e786e","local_time":"20180607182443","is_prod":false,"is_daily":false,"chose_seed":false,"is_ascension_mode":true,"campfire_upgraded":4,"win_rate":0,"timestamp":1528392283,"campfire_choices":[{"data":"Neutralize","floor":6.0,"key":"SMITH"},{"floor":10.0,"key":"REST"},{"floor":12.0,"key":"REST"},{"data":"Die Die Die","floor":15.0,"key":"SMITH"},{"data":"Dagger Spray","floor":23.0,"key":"SMITH"},{"data":"Underhanded Strike","floor":30,"key":"SMITH"},{"floor":32,"key":"REST"}],"path_taken":["M","M","$","?","?","R","?","E","T","R","E","R","?","M","R","BOSS","M","?","M","?","$","R","E","?","T","E","?","M","R","M","R","BOSS"],"build_version":"2018-05-31","seed_source_timestamp":588595843881289,"purchased_purges":0,"victory":false,"master_deck":["Defend_G","Defend_G","Defend_G","Strike_G","Strike_G","Strike_G","Strike_G","Survivor","Neutralize+1","Dagger Spray+1","Prepared","Adrenaline+1","Quick Slash","Acrobatics","Deadly Poison","Die Die Die+1","Underhanded Strike+1","Quick Slash","Tools of the Trade","Bullet Time+1","Unload+1","Dagger Throw+1","Cloak And Dagger+1","Crippling Poison+1","Bandage Up+1","Flying Knee","Dodge and Roll+1","Backstab+1","Bouncing Flask+1"],"max_hp_per_floor":[77,77,77,77,77,77,77,77,77,77,77,77,77,77,77,77,77,77,77,77,77,77,77,77,77,77,77,77,77,77,77,77,77],"relics":["Ring of the Snake","Lantern","Tiny Chest","Orichalcum","Astrolabe","Bird Faced Urn","War Paint","Pen Nib","Bag of Preparation"],"card_choices":[{"not_picked":["Prepared","Cloak And Dagger"],"picked":"Dagger Spray","floor":1.0},{"not_picked":["Flying Knee","All Out Attack"],"picked":"Prepared","floor":2.0},{"not_picked":["Blade Dance","Dagger Throw"],"picked":"Acrobatics","floor":4.0},{"not_picked":["Acrobatics","PiercingWail"],"picked":"Deadly Poison","floor":5.0},{"not_picked":["Flying Knee","Dagger Spray"],"picked":"Die Die Die","floor":8.0},{"not_picked":["Corpse Explosion","Flying Knee"],"picked":"Underhanded Strike","floor":11.0},{"not_picked":["Bane","Dagger Spray"],"picked":"Quick Slash","floor":14.0},{"not_picked":["Die Die Die","Tactician"],"picked":"Tools of the Trade","floor":16.0},{"not_picked":["Backflip","PiercingWail"],"picked":"Cloak And Dagger+1","floor":18.0},{"not_picked":["Poisoned Stab+1","Blur+1"],"picked":"Crippling Poison+1","floor":19.0},{"not_picked":["Catalyst","Deadly Poison","Blur"],"picked":"SKIP","floor":20.0},{"not_picked":["Sucker Punch","Dagger Throw","Unload"],"picked":"SKIP","floor":24.0},{"not_picked":["Poisoned Stab","Cloak And Dagger","Riddle With Holes"],"picked":"SKIP","floor":27.0},{"not_picked":["Masterful Stab","Setup"],"picked":"Dodge and Roll+1","floor":28},{"not_picked":["Outmaneuver","Tools of the Trade"],"picked":"Backstab+1","floor":29},{"not_picked":["Predator+1","Dagger Throw"],"picked":"Bouncing Flask+1","floor":31}],"player_experience":321265,"potions_floor_usage":[],"damage_taken":[{"damage":0.0,"enemies":"Cultist","floor":1.0,"turns":5.0},{"damage":3.0,"enemies":"Small Slimes","floor":2.0,"turns":3.0},{"damage":0.0,"enemies":"Jaw Worm","floor":4.0,"turns":3.0},{"damage":9.0,"enemies":"Exordium Thugs","floor":5.0,"turns":3.0},{"damage":42.0,"enemies":"Gremlin Nob","floor":8.0,"turns":5.0},{"damage":11.0,"enemies":"3 Sentries","floor":11.0,"turns":6.0},{"damage":0.0,"enemies":"Looter","floor":14.0,"turns":2.0},{"damage":46.0,"enemies":"Slime Boss","floor":16.0,"turns":15.0},{"damage":5.0,"enemies":"3 Byrds","floor":18.0,"turns":3.0},{"damage":5.0,"enemies":"2 Thieves","floor":19.0,"turns":3.0},{"damage":5.0,"enemies":"Snecko","floor":20.0,"turns":3.0},{"damage":12.0,"enemies":"Gremlin Leader","floor":24.0,"turns":6.0},{"damage":10.0,"enemies":"Book of Stabbing","floor":27.0,"turns":4.0},{"damage":9,"enemies":"Slaver and Parasite","floor":28,"turns":4},{"damage":5,"enemies":"Cultist and Chosen","floor":29,"turns":4},{"damage":6,"enemies":"Snake Plant","floor":31,"turns":4},{"damage":93,"enemies":"Champ","floor":33,"turns":9}],"relics_obtained":[{"floor":8.0,"key":"Lantern"},{"floor":9.0,"key":"Tiny Chest"},{"floor":11.0,"key":"Orichalcum"},{"floor":24.0,"key":"War Paint"},{"floor":26.0,"key":"Pen Nib"},{"floor":27.0,"key":"Bag of Preparation"}],"event_choices":[{"event_name":"Golden Shrine","player_choice":"Pray","floor":7.0,"damage_taken":0.0},{"event_name":"Dead Adventurer","player_choice":"Searched \u00271\u0027 times","floor":13.0,"damage_taken":0.0},{"event_name":"Wheel of Change","player_choice":"Damage","floor":21.0,"damage_taken":0.0},{"event_name":"Beggar","player_choice":"Ignored","floor":25.0,"damage_taken":0.0}],"boss_relics":[],"items_purged_floors":[],"potions_floor_spawned":[2,11,18,19,20,28,31],"seed_played":"-5107851973401362821","killed_by":"Champ","ascension_level":1,"potions_obtained":[{"floor":2.0,"key":"FairyPotion"},{"floor":11.0,"key":"LiquidBronze"},{"floor":18.0,"key":"LiquidBronze"},{"floor":20.0,"key":"SkillPotion"},{"floor":28,"key":"EssenceOfSteel"},{"floor":31,"key":"EssenceOfSteel"}],"is_trial":false}