{"gold_per_floor":[114,114,133,143,159,178,178,194,219,246,246,277,277,452,452,548,548,567,578,578,595,609,609,640,316,342,367,383,410,410,410,410,514,514,526,526,526,212,230,230,230,248,271,281,281,298,298,0,0,0],"floor_reached":51,"playtime":1756,"items_purged":["Doubt"],"score":767,"play_id":"d868e8b7-0bfc-4c74-ba0e-28e6362b1513","local_time":"20181128175518","is_ascension_mode":false,"campfire_choices":[{"data":"Zap","floor":7.0,"key":"SMITH"},{"data":"Dualcast","floor":11.0,"key":"SMITH"},{"data":"Echo Form","floor":13.0,"key":"SMITH"},{"data":"Ball Lightning","floor":15.0,"key":"SMITH"},{"floor":23,"key":"REST"},{"data":"Thunder Strike","floor":30,"key":"SMITH"},{"floor":32,"key":"REST"},{"data":"Echo Form","floor":40,"key":"SMITH"},{"data":"Conserve Battery","floor":45,"key":"SMITH"},{"data":"Coolheaded","floor":47,"key":"SMITH"},{"floor":49,"key":"REST"}],"neow_cost":"NONE","seed_source_timestamp":939752539977471,"circlet_count":0,"master_deck":["Strike_B","Defend_B","Defend_B","Defend_B","Defend_B","Zap+1","Dualcast+1","Coolheaded+1","Conserve Battery+1","Ball Lightning+1","Echo Form+1","Chill","Conserve Battery","Thunder Strike+1","Core Surge+1","Tempest+1","Steam Power+1","Cold Snap+1","Steam+1","Echo Form+1","Rainbow+1","Ball Lightning+1","Discovery+1","Madness+1","Defragment+1","Chaos+1"],"special_seed":0,"relics":["Cracked Core","Ancient Tea Set","Centennial Puzzle","PreservedInsect","Astrolabe","Juzu Bracelet","Toxic Egg 2","Oddly Smooth Stone","Singing Bowl","Thread and Needle","Philosopher\u0027s Stone","FossilizedHelix","Strawberry","Red Mask"],"potions_floor_usage":[29,50,50,50],"damage_taken":[{"damage":0.0,"enemies":"Cultist","floor":1.0,"turns":4.0},{"damage":1.0,"enemies":"Jaw Worm","floor":3.0,"turns":4.0},{"damage":1.0,"enemies":"2 Louse","floor":4.0,"turns":3.0},{"damage":4.0,"enemies":"Large Slime","floor":5.0,"turns":5.0},{"damage":2.0,"enemies":"Blue Slaver","floor":6.0,"turns":4.0},{"damage":1.0,"enemies":"Looter","floor":8.0,"turns":3.0},{"damage":18.0,"enemies":"3 Sentries","floor":10.0,"turns":7.0},{"damage":24.0,"enemies":"Gremlin Nob","floor":12.0,"turns":4.0},{"damage":18.0,"enemies":"Hexaghost","floor":16.0,"turns":10.0},{"damage":1.0,"enemies":"Chosen","floor":18.0,"turns":4.0},{"damage":1.0,"enemies":"Shell Parasite","floor":19.0,"turns":4.0},{"damage":21.0,"enemies":"3 Cultists","floor":21.0,"turns":5.0},{"damage":18,"enemies":"Snake Plant","floor":22,"turns":3},{"damage":0,"enemies":"Gremlin Leader","floor":24,"turns":3},{"damage":7,"enemies":"Book of Stabbing","floor":27,"turns":4},{"damage":0,"enemies":"Snecko","floor":28,"turns":5},{"damage":32,"enemies":"Slavers","floor":29,"turns":3},{"damage":3,"enemies":"Automaton","floor":33,"turns":6},{"damage":0,"enemies":"Orb Walker","floor":35,"turns":3},{"damage":3,"enemies":"3 Darklings","floor":39,"turns":5},{"damage":0,"enemies":"Transient","floor":42,"turns":5},{"damage":0,"enemies":"Writhing Mass","floor":44,"turns":7},{"damage":9,"enemies":"3 Darklings","floor":46,"turns":5},{"damage":6,"enemies":"Donu and Deca","floor":50,"turns":6}],"seed_played":"-9208813278434788032","potions_obtained":[{"floor":3.0,"key":"SteroidPotion"},{"floor":8.0,"key":"Ancient Potion"},{"floor":12.0,"key":"SpeedPotion"},{"floor":16.0,"key":"AttackPotion"},{"floor":20.0,"key":"Fruit Juice"},{"floor":20.0,"key":"Fruit Juice"},{"floor":20.0,"key":"SneckoOil"},{"floor":28,"key":"Dexterity Potion"},{"floor":33,"key":"FocusPotion"}],"is_trial":false,"path_per_floor":["M","$","M","M","M","M","R","M","T","E","R","E","R","?","R","B",null,"M","M","?","M","M","R","E","$","T","E","M","E","R","$","R","B",null,"M","?","?","$","M","R","?","M","T","M","R","M","R","?","R","B",null],"character_chosen":"DEFECT","items_purchased":["Toxic Egg 2","FossilizedHelix"],"campfire_rested":3,"item_purchase_floors":[25,38],"current_hp_per_floor":[75,75,74,73,69,67,67,66,66,48,48,24,24,24,24,6,75,74,73,83,62,44,69,69,69,69,62,64,32,32,32,58,55,87,87,87,76,76,73,73,73,75,82,84,84,75,75,75,98,92],"gold":0,"neow_bonus":"THREE_CARDS","is_prod":false,"is_daily":false,"chose_seed":false,"campfire_upgraded":8,"win_rate":0,"timestamp":1543427718,"path_taken":["M","$","?","M","M","M","R","M","T","E","R","E","R","?","R","BOSS","M","M","?","M","M","R","E","$","T","E","M","E","R","?","R","BOSS","M","?","?","$","M","R","?","M","T","M","R","M","R","?","R","BOSS"],"build_version":"2018-11-15","purchased_purges":1,"victory":true,"max_hp_per_floor":[75,75,75,75,75,75,75,75,75,75,75,75,75,75,75,75,75,75,75,85,85,85,85,85,85,85,85,87,87,87,87,87,87,87,87,87,87,87,87,87,87,89,96,98,98,98,98,98,98,98],"card_choices":[{"not_picked":["Stack","Cold Snap"],"picked":"Coolheaded","floor":0.0},{"not_picked":["Go for the Eyes","Steam"],"picked":"Conserve Battery","floor":1.0},{"not_picked":["Conserve Battery","Lockon"],"picked":"Ball Lightning","floor":3.0},{"not_picked":["Redo","Leap","Coolheaded"],"picked":"SKIP","floor":4.0},{"not_picked":["Coolheaded","Leap"],"picked":"Echo Form","floor":5.0},{"not_picked":["Double Energy","Storm","Leap"],"picked":"SKIP","floor":6.0},{"not_picked":["Rebound","Melter","Hologram"],"picked":"SKIP","floor":8.0},{"not_picked":["Ball Lightning","Reboot"],"picked":"Chill","floor":10.0},{"not_picked":["Reinforced Body","Compile Driver"],"picked":"Conserve Battery","floor":12.0},{"not_picked":["Seek","All For One"],"picked":"Thunder Strike","floor":16.0},{"not_picked":["Streamline","Genetic Algorithm","Rebound"],"picked":"SKIP","floor":18.0},{"not_picked":["Recycle","Genetic Algorithm","Coolheaded"],"picked":"SKIP","floor":19.0},{"not_picked":["Meteor Strike","Streamline","Cold Snap"],"picked":"SKIP","floor":21.0},{"not_picked":["Self Repair","Rebound","Consume"],"picked":"SKIP","floor":22},{"not_picked":["Skim+1","Steam"],"picked":"Cold Snap+1","floor":24},{"not_picked":["Core Surge","Self Repair"],"picked":"Steam+1","floor":27},{"not_picked":["Leap+1","Compile Driver","Cold Snap+1"],"picked":"Singing Bowl","floor":28},{"not_picked":["Barrage","Redo+1"],"picked":"Echo Form","floor":29},{"not_picked":["Machine Learning","Thunder Strike"],"picked":"Rainbow+1","floor":33},{"not_picked":["Compile Driver","Cold Snap+1"],"picked":"Ball Lightning+1","floor":35},{"not_picked":["Flash of Steel","Bandage Up+1"],"picked":"Discovery+1","floor":36},{"not_picked":["BootSequence+1","Compile Driver+1"],"picked":"Defragment+1","floor":39},{"not_picked":["Aggregate+1","Cold Snap+1","Rebound+1"],"picked":"Singing Bowl","floor":42},{"not_picked":["Blizzard","Redo+1","Conserve Battery+1"],"picked":"Singing Bowl","floor":44},{"not_picked":["Streamline+1","Scrape"],"picked":"Chaos+1","floor":46}],"player_experience":832159,"relics_obtained":[{"floor":9.0,"key":"Ancient Tea Set"},{"floor":10.0,"key":"Centennial Puzzle"},{"floor":12.0,"key":"PreservedInsect"},{"floor":24,"key":"Juzu Bracelet"},{"floor":26,"key":"Oddly Smooth Stone"},{"floor":27,"key":"Singing Bowl"},{"floor":29,"key":"Thread and Needle"},{"floor":43,"key":"Strawberry"}],"event_choices":[{"damage_healed":0.0,"max_hp_gain":0.0,"max_hp_loss":0.0,"gold_gain":175.0,"event_name":"Liars Game","player_choice":"AGREE","floor":14.0,"gold_loss":0.0,"damage_taken":0.0,"cards_obtained":["Doubt"]},{"damage_healed":0.0,"max_hp_gain":0.0,"max_hp_loss":0.0,"gold_gain":0.0,"event_name":"Lab","player_choice":"Got Potions","floor":20.0,"gold_loss":0.0,"damage_taken":0.0},{"damage_healed":0,"gold_gain":0,"player_choice":"Memory 1","damage_taken":0,"max_hp_gain":0,"max_hp_loss":0,"event_name":"SensoryStone","floor":36,"gold_loss":0},{"damage_healed":0,"gold_gain":0,"player_choice":"Embrace Madness","damage_taken":11,"max_hp_gain":0,"max_hp_loss":0,"event_name":"Winding Halls","floor":37,"gold_loss":0,"cards_obtained":["Madness","Madness"]},{"cards_removed":["Madness"],"damage_healed":0,"gold_gain":0,"player_choice":"Removed Skill","damage_taken":0,"max_hp_gain":0,"max_hp_loss":0,"event_name":"Falling","floor":41,"gold_loss":0},{"damage_healed":0,"gold_gain":0,"player_choice":"Paid","damage_taken":0,"relics_obtained":["Red Mask"],"max_hp_gain":0,"max_hp_loss":0,"event_name":"Tomb of Lord Red Mask","floor":48,"gold_loss":298}],"is_beta":false,"boss_relics":[{"not_picked":["Tiny House","Velvet Choker"],"picked":"Astrolabe"},{"not_picked":["Pandora\u0027s Box","Nuclear Battery"],"picked":"Philosopher\u0027s Stone"}],"items_purged_floors":[25],"is_endless":false,"potions_floor_spawned":[3,8,12,16,19,28,33,44,46],"ascension_level":0}