{"gold_per_floor":[110,185,196,142,154,188,208,208,208,225,225,240,240,126,126,231,231,251,263,66,80,80,113,212,237,237,253,253,279,279,291,291,391,391,403,403,403,433,451,451,451,466,466,466,428,438,438,18,18,18],"floor_reached":51,"playtime":1658,"items_purged":["Strike_B"],"score":730,"play_id":"a9f5ec68-2980-4413-adb4-e4408c40b397","local_time":"20181224124343","is_ascension_mode":false,"campfire_choices":[{"data":"Dualcast","floor":8.0,"key":"SMITH"},{"data":"Ball Lightning","floor":13.0,"key":"SMITH"},{"data":"Defragment","floor":15.0,"key":"SMITH"},{"data":"Seek","floor":28.0,"key":"SMITH"},{"data":"Ball Lightning","floor":32,"key":"SMITH"},{"data":"Echo Form","floor":40,"key":"SMITH"},{"data":"Electrodynamics","floor":41,"key":"SMITH"},{"floor":44,"key":"REST"},{"data":"Apotheosis","floor":49,"key":"SMITH"}],"neow_cost":"NONE","seed_source_timestamp":0,"circlet_count":0,"master_deck":["Strike_B","Strike_B+1","Strike_B+1","Defend_B","Defend_B","Defend_B","Defend_B","Zap+1","Dualcast+1","Ball Lightning+1","Chill","Conserve Battery","Glacier","Conserve Battery","Defragment+1","Ball Lightning+1","Seek+1","Auto Shields","Chaos+1","Electrodynamics+1","Rebound+1","Cold Snap+1","Steam+1","Echo Form+1","BootSequence","Apotheosis+1"],"special_seed":0,"relics":["Cracked Core","Omamori","Bag of Marbles","Cursed Key","Runic Capacitor","Kunai","Mummified Hand","Pen Nib","WingedGreaves","Orrery","Tiny Chest","Mango","Whetstone"],"potions_floor_usage":[35,50,50,50,50,50,50],"damage_taken":[{"damage":6.0,"enemies":"Jaw Worm","floor":1.0,"turns":3.0},{"damage":0.0,"enemies":"2 Louse","floor":3.0,"turns":2.0},{"damage":2.0,"enemies":"Small Slimes","floor":5.0,"turns":4.0},{"damage":8.0,"enemies":"Lagavulin","floor":6.0,"turns":6.0},{"damage":0.0,"enemies":"3 Louse","floor":7.0,"turns":2.0},{"damage":9.0,"enemies":"2 Fungi Beasts","floor":10.0,"turns":3.0},{"damage":0.0,"enemies":"Exordium Thugs","floor":12.0,"turns":5.0},{"damage":32.0,"enemies":"Slime Boss","floor":16.0,"turns":14.0},{"damage":4.0,"enemies":"2 Thieves","floor":18.0,"turns":5.0},{"damage":0.0,"enemies":"3 Byrds","floor":19.0,"turns":4.0},{"damage":4.0,"enemies":"Centurion and Healer","floor":21.0,"turns":8.0},{"damage":0.0,"enemies":"Book of Stabbing","floor":23.0,"turns":5.0},{"damage":19.0,"enemies":"Gremlin Leader","floor":25.0,"turns":7.0},{"damage":0.0,"enemies":"Chosen and Byrds","floor":27.0,"turns":6.0},{"damage":13.0,"enemies":"Slavers","floor":29.0,"turns":5.0},{"damage":0,"enemies":"Snecko","floor":31,"turns":4},{"damage":15,"enemies":"Collector","floor":33,"turns":9},{"damage":9,"enemies":"Orb Walker","floor":35,"turns":3},{"damage":6,"enemies":"3 Shapes","floor":39,"turns":3},{"damage":20,"enemies":"3 Darklings","floor":42,"turns":4},{"damage":3,"enemies":"Writhing Mass","floor":46,"turns":4},{"damage":16,"enemies":"Awakened One","floor":50,"turns":14}],"seed_played":"-2802505059381349982","potions_obtained":[{"floor":0.0,"key":"GamblersBrew"},{"floor":0.0,"key":"PowerPotion"},{"floor":0.0,"key":"Weak Potion"},{"floor":19.0,"key":"EntropicBrew"},{"floor":21.0,"key":"PowerPotion"},{"floor":29.0,"key":"Poison Potion"},{"floor":35,"key":"Fruit Juice"},{"floor":46,"key":"PowerPotion"}],"is_trial":false,"path_per_floor":["M","?","M","$","M","E","M","R","T","M","?","M","R","$","R","B",null,"M","M","$","M","$","E","?","E","T","M","R","E","?","M","R","B",null,"M","?","$","?","M","R","R","M","T","R","$","M","?","$","R","B",null],"character_chosen":"DEFECT","items_purchased":["Conserve Battery","Defragment","Ball Lightning","Runic Capacitor","BootSequence","Apotheosis","Whetstone"],"campfire_rested":1,"item_purchase_floors":[4,14,14,20,45,48,48],"current_hp_per_floor":[69,58,58,58,56,48,48,48,48,39,39,39,39,39,39,7,75,71,71,71,67,67,67,67,48,48,48,48,35,60,60,60,45,75,71,71,71,71,65,65,65,45,59,87,87,84,84,84,84,68],"gold":18,"neow_bonus":"THREE_SMALL_POTIONS","is_prod":false,"is_daily":false,"chose_seed":false,"campfire_upgraded":8,"win_rate":0,"timestamp":1545655423,"path_taken":["M","?","M","$","M","E","M","R","T","M","?","M","R","$","R","BOSS","M","M","$","M","$","E","?","E","T","M","R","E","?","M","R","BOSS","M","?","$","?","?","R","R","M","T","R","?","?","?","$","R","BOSS"],"build_version":"2018-12-20","purchased_purges":1,"victory":true,"max_hp_per_floor":[75,75,75,75,75,75,75,75,75,75,75,75,75,75,75,75,75,75,75,75,75,75,75,75,75,75,75,75,75,75,75,75,75,75,80,80,80,80,80,80,80,80,94,94,94,94,89,89,89,89],"card_choices":[{"not_picked":["Hello World","Gash"],"picked":"Ball Lightning","floor":1.0},{"not_picked":["Rip and Tear","Gash"],"picked":"Chill","floor":3.0},{"not_picked":["Recycle","Storm","Leap"],"picked":"SKIP","floor":5.0},{"not_picked":["Beam Cell","Leap","Self Repair"],"picked":"SKIP","floor":6.0},{"not_picked":["Hyperbeam","Turbo"],"picked":"Glacier","floor":7.0},{"not_picked":["Steam","Consume","Rip and Tear"],"picked":"SKIP","floor":10.0},{"not_picked":["Consume","Redo"],"picked":"Conserve Battery","floor":12.0},{"not_picked":["Core Surge","Biased Cognition"],"picked":"Seek","floor":16.0},{"not_picked":["Sweeping Beam","Hologram"],"picked":"Auto Shields","floor":18.0},{"not_picked":["Scrape+1","Sweeping Beam","Lockon"],"picked":"SKIP","floor":19.0},{"not_picked":["Beam Cell+1","Force Field"],"picked":"Chaos+1","floor":21.0},{"not_picked":["Redo","Force Field","Hyperbeam"],"picked":"SKIP","floor":23.0},{"not_picked":["Turbo","Melter","Streamline"],"picked":"SKIP","floor":25.0},{"not_picked":["Leap+1","Streamline+1","Conserve Battery"],"picked":"SKIP","floor":27.0},{"not_picked":["Hello World+1","Cold Snap","Redo"],"picked":"SKIP","floor":29.0},{"not_picked":["Reprogram","Gash","Streamline"],"picked":"SKIP","floor":31},{"not_picked":["Gash","Rebound"],"picked":"Electrodynamics","floor":34},{"not_picked":["Skim+1","Streamline+1"],"picked":"Rebound+1","floor":34},{"not_picked":["Compile Driver+1","Streamline"],"picked":"Cold Snap+1","floor":34},{"not_picked":["Leap","Ball Lightning"],"picked":"Steam+1","floor":34},{"not_picked":["Fusion+1","Hello World+1"],"picked":"Echo Form","floor":35},{"not_picked":["Conserve Battery+1","Coolheaded","Chaos"],"picked":"SKIP","floor":39},{"not_picked":["Barrage","Static Discharge","Beam Cell+1"],"picked":"SKIP","floor":42},{"not_picked":["Fusion","Cold Snap+1","Gash"],"picked":"SKIP","floor":46}],"player_experience":912101,"relics_obtained":[{"floor":6.0,"key":"Omamori"},{"floor":9.0,"key":"Bag of Marbles"},{"floor":23.0,"key":"Kunai"},{"floor":25.0,"key":"Mummified Hand"},{"floor":26.0,"key":"Pen Nib"},{"floor":29.0,"key":"WingedGreaves"},{"floor":38,"key":"Tiny Chest"},{"floor":43,"key":"Mango"}],"event_choices":[{"damage_healed":0.0,"max_hp_gain":0.0,"max_hp_loss":0.0,"gold_gain":75.0,"event_name":"World of Goop","player_choice":"Gather Gold","floor":2.0,"gold_loss":0.0,"damage_taken":11.0},{"damage_healed":0.0,"max_hp_gain":0.0,"max_hp_loss":0.0,"gold_gain":0.0,"event_name":"Living Wall","player_choice":"Grow","floor":11.0,"gold_loss":0.0,"damage_taken":0.0,"cards_upgraded":["Zap"]},{"damage_healed":0.0,"max_hp_gain":0.0,"max_hp_loss":0.0,"gold_gain":99.0,"event_name":"Nest","player_choice":"Stole From Cult","floor":24.0,"gold_loss":0.0,"damage_taken":0.0},{"damage_healed":25,"gold_gain":0,"player_choice":"Heal","damage_taken":0,"max_hp_gain":0,"max_hp_loss":0,"event_name":"The Library","floor":30,"gold_loss":0},{"damage_healed":0,"gold_gain":0,"player_choice":"Ignored","damage_taken":0,"max_hp_gain":0,"max_hp_loss":0,"event_name":"Tomb of Lord Red Mask","floor":36,"gold_loss":0},{"damage_healed":0,"gold_gain":0,"player_choice":"Relic","damage_taken":0,"max_hp_gain":0,"max_hp_loss":0,"event_name":"Wheel of Change","floor":38,"gold_loss":0},{"damage_healed":0,"gold_gain":0,"player_choice":"Max HP","damage_taken":0,"max_hp_gain":0,"max_hp_loss":5,"event_name":"Winding Halls","floor":47,"gold_loss":0}],"is_beta":false,"boss_relics":[{"not_picked":["Tiny House","Fusion Hammer"],"picked":"Cursed Key"},{"not_picked":["Inserter","Runic Dome"],"picked":"Orrery"}],"items_purged_floors":[48],"is_endless":false,"potions_floor_spawned":[1,10,12,19,21,29,33,35,46],"ascension_level":0}