{"gold_per_floor":[109,129,143,158,177,177,202,216,216,247,247,247,259,43,43,43],"floor_reached":16,"playtime":1225,"items_purged":["Strike_R"],"score":211,"play_id":"077d2082-c15c-43b8-8041-7dc7028eb6cd","local_time":"20190210125554","is_ascension_mode":true,"campfire_choices":[{"data":"Bash","floor":6,"key":"SMITH"},{"floor":11,"key":"REST"},{"data":"Flame Barrier","floor":15,"key":"SMITH"}],"neow_cost":"PERCENT_DAMAGE","seed_source_timestamp":441269283944600,"circlet_count":0,"master_deck":["AscendersBane","Strike_R+1","Strike_R+1","Strike_R","Defend_R","Defend_R","Defend_R","Defend_R","Bash+1","Armaments","Flame Barrier","Flame Barrier+1","Clothesline","Shockwave","Reaper","Headbutt","Metallicize","Reaper","Metallicize"],"relics":["Burning Blood","Torii","Whetstone","Bottled Lightning","Bronze Scales"],"potions_floor_usage":[7,10,16,16],"damage_taken":[{"damage":10,"enemies":"2 Louse","floor":1,"turns":3},{"damage":14,"enemies":"Jaw Worm","floor":2,"turns":4},{"damage":1,"enemies":"Cultist","floor":3,"turns":4},{"damage":11,"enemies":"Looter","floor":4,"turns":4},{"damage":2,"enemies":"3 Louse","floor":5,"turns":3},{"damage":24,"enemies":"Gremlin Nob","floor":7,"turns":5},{"damage":22,"enemies":"Lots of Slimes","floor":8,"turns":5},{"damage":32,"enemies":"3 Sentries","floor":10,"turns":11},{"damage":1,"enemies":"Blue Slaver","floor":13,"turns":7},{"damage":40,"enemies":"Slime Boss","floor":16,"turns":10}],"seed_played":"-3100854175583281128","potions_obtained":[{"floor":1,"key":"Ancient Potion"},{"floor":5,"key":"SkillPotion"},{"floor":7,"key":"Dexterity Potion"},{"floor":10,"key":"BloodPotion"}],"is_trial":false,"path_per_floor":["M","M","M","M","M","R","E","M","T","E","R","?","M","$","R","B"],"character_chosen":"IRONCLAD","items_purchased":["Fire Potion","Metallicize"],"campfire_rested":1,"item_purchase_floors":[14,14],"current_hp_per_floor":[46,38,43,38,42,42,24,23,23,9,31,24,29,29,29,0],"gold":43,"neow_bonus":"ONE_RARE_RELIC","is_prod":false,"is_daily":false,"chose_seed":false,"campfire_upgraded":2,"win_rate":0,"timestamp":1549799754,"path_taken":["M","M","M","M","M","R","E","M","T","E","R","?","M","$","R","BOSS"],"build_version":"2019-01-23","purchased_purges":1,"victory":false,"max_hp_per_floor":[75,75,75,75,75,75,75,75,75,75,75,75,75,75,75,75],"card_choices":[{"not_picked":["Pummel","Flex"],"picked":"Armaments","floor":1},{"not_picked":["Armaments","Iron Wave"],"picked":"Flame Barrier","floor":2},{"not_picked":["Heavy Blade","Sword Boomerang"],"picked":"Flame Barrier","floor":3},{"not_picked":["Wild Strike","Warcry"],"picked":"Clothesline","floor":4},{"not_picked":["Reckless Charge","Clothesline"],"picked":"Shockwave","floor":5},{"not_picked":["Ghostly Armor","Clothesline"],"picked":"Reaper","floor":7},{"not_picked":["Sentinel","Rage"],"picked":"Headbutt","floor":8},{"not_picked":["Rupture","Body Slam"],"picked":"Metallicize","floor":10},{"not_picked":["Iron Wave","Intimidate"],"picked":"Reaper","floor":13}],"player_experience":550313,"relics_obtained":[{"floor":7,"key":"Whetstone"},{"floor":9,"key":"Bottled Lightning"},{"floor":10,"key":"Bronze Scales"}],"event_choices":[{"cards_removed":["Strike_R"],"damage_healed":0,"gold_gain":0,"player_choice":"Card Removal","damage_taken":7,"max_hp_gain":0,"max_hp_loss":0,"event_name":"Golden Wing","floor":12,"gold_loss":0}],"is_beta":false,"boss_relics":[],"items_purged_floors":[14],"is_endless":false,"potions_floor_spawned":[1,5,7,10],"killed_by":"Slime Boss","ascension_level":17}