{"gold_per_floor":[116,128,128,142,1028,1028,1043,1055,1082,277,277,48,61,26,26,126,126,139,238,255,1051,1051,1079,1089,1189,1261,1261,1278,1278,1306,1325,1325,1424,1424,1434,1453,400,413,426,456,456,473,473,507,818,0,18,28,28,28],"floor_reached":51,"playtime":3889,"items_purged":["Parasite","Normality"],"score":816,"play_id":"0118a971-4847-4b16-8bb3-eb09ff81fc2e","local_time":"20190209181530","is_ascension_mode":false,"campfire_choices":[{"floor":6,"key":"RECALL"},{"data":"Secret Weapon","floor":11,"key":"SMITH"},{"data":"Jack Of All Trades","floor":15,"key":"SMITH"},{"data":"Infernal Blade","floor":29,"key":"SMITH"},{"data":"Blade Dance","floor":32,"key":"SMITH"},{"floor":41,"key":"REST"},{"data":"Rage","floor":49,"key":"SMITH"}],"neow_cost":"NONE","seed_source_timestamp":63678982559900,"circlet_count":0,"master_deck":["Strike_R","Strike_R","Strike_R","Strike_R","Defend_R","Defend_R","Defend_R","Defend_R","Bash","Cleave","Shrug It Off+1","Iron Wave","Headbutt+1","Feel No Pain","Rage","Shrug It Off","Secret Weapon+1","Dramatic Entrance","Flex+1","Seeing Red","Dropkick+1","Jack Of All Trades+1","Pummel","Sadistic Nature","Double Tap","Rage+1","Sever Soul","Reaper","Infernal Blade+1","Ghostly Armor+1","Warcry","Whirlwind","Entrench","Violence","Dramatic Entrance","Blade Dance+1","Dark Shackles","Cloak And Dagger+1","Thunderclap+1","Hello World+1","Genetic Algorithm+1","Chrysalis","Clumsy","Swift Strike","Steam+1","Impatience","Panache+1","Metallicize+1","Bludgeon","Sucker Punch+1","Footwork+1","Madness+1","Beam Cell","Sucker Punch+1","PiercingWail+1","Chrysalis","Carnage","Shockwave","Spot Weakness","Violence","Leg Sweep+1","Sweeping Beam+1","Self Repair+1"],"relics":["Burning Blood","Potion Belt","Paper Frog","Dream Catcher","DollysMirror","War Paint","Oddly Smooth Stone","ClockworkSouvenir","Blood Vial","Mark of Pain","Centennial Puzzle","Bag of Marbles","PrismaticShard","Regal Pillow","FossilizedHelix","Question Card","Pear","Bronze Scales","Calling Bell","Strawberry","Frozen Egg 2","Unceasing Top","Vajra","Whetstone","Medical Kit","Pen Nib","Gremlin Horn","Peace Pipe","Prayer Wheel","Bottled Flame","TheAbacus","Red Mask"],"potions_floor_usage":[13,16,16,18,23,25,28,33,33,33,36,36,36,40,47,47,47,48,50],"damage_taken":[{"damage":2,"enemies":"Small Slimes","floor":1,"turns":4},{"damage":5,"enemies":"Cultist","floor":2,"turns":4},{"damage":0,"enemies":"Jaw Worm","floor":4,"turns":5},{"damage":8,"enemies":"2 Fungi Beasts","floor":7,"turns":3},{"damage":7,"enemies":"3 Louse","floor":8,"turns":3},{"damage":10,"enemies":"Lots of Slimes","floor":13,"turns":2},{"damage":36,"enemies":"Hexaghost","floor":16,"turns":7},{"damage":14,"enemies":"3 Byrds","floor":18,"turns":5},{"damage":19,"enemies":"Spheric Guardian","floor":20,"turns":4},{"damage":6,"enemies":"Gremlin Leader","floor":23,"turns":4},{"damage":3,"enemies":"3 Cultists","floor":24,"turns":5},{"damage":8,"enemies":"Colosseum Slavers","floor":25,"turns":4},{"damage":13,"enemies":"Colosseum Nobs","floor":25,"turns":4},{"damage":0,"enemies":"Cultist and Chosen","floor":28,"turns":4},{"damage":6,"enemies":"Book of Stabbing","floor":30,"turns":6},{"damage":0,"enemies":"Centurion and Healer","floor":31,"turns":6},{"damage":22,"enemies":"Collector","floor":33,"turns":8},{"damage":27,"enemies":"3 Shapes","floor":35,"turns":4},{"damage":8,"enemies":"3 Darklings","floor":36,"turns":5},{"damage":0,"enemies":"Spire Growth","floor":38,"turns":4},{"damage":0,"enemies":"4 Shapes","floor":39,"turns":1},{"damage":82,"enemies":"Reptomancer","floor":40,"turns":7},{"damage":13,"enemies":"3 Darklings","floor":42,"turns":4},{"damage":0,"enemies":"Nemesis","floor":44,"turns":7},{"damage":0,"enemies":"Transient","floor":47,"turns":5},{"damage":0,"enemies":"Writhing Mass","floor":48,"turns":4},{"damage":71,"enemies":"Time Eater","floor":50,"turns":12}],"seed_played":"-4540030471328955152","potions_obtained":[{"floor":1,"key":"Energy Potion"},{"floor":8,"key":"Poison Potion"},{"floor":16,"key":"Energy Potion"},{"floor":20,"key":"Dexterity Potion"},{"floor":25,"key":"SkillPotion"},{"floor":27,"key":"SkillPotion"},{"floor":27,"key":"Regen Potion"},{"floor":27,"key":"SpeedPotion"},{"floor":31,"key":"SpeedPotion"},{"floor":33,"key":"Poison Potion"},{"floor":35,"key":"Fire Potion"},{"floor":42,"key":"AttackPotion"},{"floor":44,"key":"Block Potion"},{"floor":47,"key":"FearPotion"},{"floor":48,"key":"AttackPotion"}],"is_trial":false,"path_per_floor":["M","M","?","M","$","R","M","M","T","$","R","$","M","$","R","B",null,"M","?","M","$","?","E","M","?","T","?","M","R","E","M","R","B",null,"M","M","$","M","M","E","R","M","T","E","$","?","M","M","R","B",null],"character_chosen":"IRONCLAD","items_purchased":["Feel No Pain","Rage","Paper Frog","Dream Catcher","DollysMirror","Secret Weapon","Dramatic Entrance","Explosive Potion","Flex","War Paint","Jack Of All Trades","Pummel","Sadistic Nature","Oddly Smooth Stone","ClockworkSouvenir","Double Tap","Blood Vial","Sever Soul","Warcry","Whirlwind","Entrench","Violence","Dramatic Entrance","Centennial Puzzle","Bag of Marbles","PrismaticShard","AttackPotion","Block Potion","Impatience","Panache+1","Metallicize+1","Bludgeon","Vajra","Whetstone","Medical Kit","Chrysalis","Prayer Wheel","Bottled Flame","TheAbacus","Fire Potion","BloodPotion","Carnage","Shockwave","Spot Weakness"],"campfire_rested":1,"item_purchase_floors":[5,5,5,5,5,5,5,5,5,10,10,10,10,10,10,12,12,14,21,21,21,21,21,21,21,21,21,21,37,37,37,37,37,37,37,45,45,45,45,45,45,45,45,45],"current_hp_per_floor":[80,80,80,80,80,80,78,77,77,77,77,77,75,75,75,47,80,72,72,61,61,61,63,68,71,81,81,89,89,90,90,90,74,97,79,79,79,94,94,23,66,61,61,69,69,69,86,94,94,43],"gold":28,"neow_bonus":"RANDOM_COMMON_RELIC","is_prod":false,"is_daily":false,"chose_seed":false,"campfire_upgraded":5,"win_rate":0,"timestamp":1549707330,"path_taken":["M","M","?","?","?","R","?","M","T","$","R","$","M","$","R","BOSS","M","?","M","$","?","E","M","?","T","?","?","R","E","M","R","BOSS","M","M","$","M","M","E","R","M","T","E","$","?","M","M","R","BOSS"],"build_version":"2019-01-23","purchased_purges":2,"victory":true,"max_hp_per_floor":[80,80,80,80,80,80,80,80,80,80,80,80,80,80,80,80,80,80,80,80,80,80,80,80,80,90,90,90,90,90,90,90,90,97,97,97,94,94,94,94,94,94,94,94,94,94,94,94,94,94],"card_choices":[{"not_picked":["Hemokinesis","True Grit"],"picked":"Cleave","floor":1},{"not_picked":["Reckless Charge","Clothesline"],"picked":"Shrug It Off","floor":2},{"not_picked":["Heavy Blade","Reckless Charge"],"picked":"Headbutt","floor":4},{"not_picked":["Bloodletting","Wild Strike"],"picked":"Seeing Red","floor":7},{"not_picked":["Thunderclap","Clothesline"],"picked":"Dropkick","floor":8},{"not_picked":["Iron Wave","Clash"],"picked":"Rage","floor":13},{"not_picked":["Juggernaut","Dark Embrace"],"picked":"Reaper","floor":16},{"not_picked":["Clash","Feel No Pain"],"picked":"Infernal Blade","floor":18},{"not_picked":["Rampage","Entrench"],"picked":"Ghostly Armor+1","floor":20},{"not_picked":["Headbutt","Stack"],"picked":"Blade Dance","floor":23},{"not_picked":["Trip","Turbo"],"picked":"Dark Shackles","floor":24},{"not_picked":["Quick Slash","Cold Snap"],"picked":"Cloak And Dagger+1","floor":25},{"not_picked":["Ghostly Armor","Compile Driver","Sweeping Beam"],"picked":"Thunderclap+1","floor":28},{"not_picked":["White Noise","Reboot","Conserve Battery"],"picked":"Hello World+1","floor":30},{"not_picked":["Pommel Strike","Shrug It Off","Calculated Gamble"],"picked":"Genetic Algorithm+1","floor":31},{"not_picked":["Malaise","Bludgeon","Rainbow"],"picked":"Chrysalis","floor":33},{"not_picked":["Turbo","Outmaneuver","Caltrops+1"],"picked":"Swift Strike","floor":35},{"not_picked":["Clash","Pommel Strike+1","Cleave"],"picked":"Steam+1","floor":36},{"not_picked":["Hello World+1","Dark Shackles","Barrage"],"picked":"Sucker Punch+1","floor":38},{"not_picked":["Expertise","Chill","Secret Technique"],"picked":"Footwork+1","floor":39},{"not_picked":["Carnage","Underhanded Strike+1","Chill+1"],"picked":"Madness+1","floor":40},{"not_picked":["Reprogram","Blade Dance","Clothesline"],"picked":"Beam Cell","floor":41},{"not_picked":["Corruption+1","Hologram+1","Perfected Strike+1"],"picked":"Sucker Punch+1","floor":42},{"not_picked":["Cleave","Dramatic Entrance","Perfected Strike+1"],"picked":"PiercingWail+1","floor":44},{"not_picked":["Hologram","Steam Power+1","Flying Knee"],"picked":"Violence","floor":47},{"not_picked":["Flechettes+1","Disarm","Battle Trance"],"picked":"Leg Sweep+1","floor":47},{"not_picked":["Reinforced Body","White Noise","Inflame+1"],"picked":"Sweeping Beam+1","floor":48},{"not_picked":["Whirlwind","Hologram","Coolheaded+1"],"picked":"Self Repair+1","floor":48}],"player_experience":20910,"relics_obtained":[{"floor":23,"key":"Regal Pillow"},{"floor":25,"key":"FossilizedHelix"},{"floor":25,"key":"Question Card"},{"floor":26,"key":"Pear"},{"floor":30,"key":"Bronze Scales"},{"floor":34,"key":"Strawberry"},{"floor":34,"key":"Frozen Egg 2"},{"floor":34,"key":"Unceasing Top"},{"floor":40,"key":"Pen Nib"},{"floor":43,"key":"Gremlin Horn"},{"floor":44,"key":"Peace Pipe"}],"event_choices":[{"cards_removed":["Strike_R"],"damage_healed":0,"gold_gain":0,"player_choice":"Took Card","damage_taken":0,"max_hp_gain":0,"max_hp_loss":0,"event_name":"NoteForYourself","floor":3,"gold_loss":0,"cards_obtained":["Iron Wave"]},{"damage_healed":0,"gold_gain":99,"player_choice":"Stole From Cult","damage_taken":0,"max_hp_gain":0,"max_hp_loss":0,"event_name":"Nest","floor":19,"gold_loss":0},{"damage_healed":0,"gold_gain":0,"player_choice":"Ignored","damage_taken":0,"max_hp_gain":0,"max_hp_loss":0,"event_name":"Ghosts","floor":22,"gold_loss":0},{"damage_healed":0,"gold_gain":0,"player_choice":"Fight","damage_taken":0,"max_hp_gain":0,"max_hp_loss":0,"event_name":"Colosseum","floor":25,"gold_loss":0},{"damage_healed":0,"gold_gain":0,"player_choice":"Fought Nobs","damage_taken":0,"max_hp_gain":0,"max_hp_loss":0,"event_name":"Colosseum","floor":25,"gold_loss":0},{"damage_healed":0,"gold_gain":0,"player_choice":"Got Potions","damage_taken":0,"max_hp_gain":0,"max_hp_loss":0,"event_name":"Lab","floor":27,"gold_loss":0},{"damage_healed":0,"gold_gain":0,"player_choice":"Paid","damage_taken":0,"relics_obtained":["Red Mask"],"max_hp_gain":0,"max_hp_loss":0,"event_name":"Tomb of Lord Red Mask","floor":46,"gold_loss":818}],"is_beta":false,"boss_relics":[{"not_picked":["Busted Crown","Black Star"],"picked":"Mark of Pain"},{"not_picked":["Cursed Key","Empty Cage"],"picked":"Calling Bell"}],"items_purged_floors":[37,45],"is_endless":false,"potions_floor_spawned":[1,8,16,20,25,25,31,33,35,42,44,47,48],"ascension_level":0}