{"gold_per_floor":[115,125,142,33,46,73,73,89,89,89,120,120,120,141,141,260,260,275,302,290,290,490,490],"floor_reached":23,"playtime":672,"items_purged":["Strike_R"],"score":201,"play_id":"661707f1-08a8-42c1-ba4e-6c304e4e57e9","local_time":"20190204173144","is_ascension_mode":false,"campfire_choices":[{"data":"Flame Barrier","floor":7,"key":"SMITH"},{"data":"Juggernaut","floor":13,"key":"SMITH"},{"floor":15,"key":"REST"}],"neow_cost":"NONE","seed_source_timestamp":260134880077966,"circlet_count":0,"master_deck":["Strike_R","Strike_R","Strike_R","Strike_R","Defend_R","Defend_R","Defend_R","Defend_R","Bash+1","Iron Wave","Iron Wave","Flame Barrier+1","Cleave","Injury","Blood for Blood","Juggernaut+1","Regret","Blood for Blood","Impervious","Rupture","Headbutt"],"relics":["Burning Blood","Du-Vu Doll","Oddly Smooth Stone","Golden Idol","Pen Nib","Runic Dome","Dream Catcher","Toxic Egg 2"],"potions_floor_usage":[6,6,16],"damage_taken":[{"damage":1,"enemies":"Cultist","floor":1,"turns":4},{"damage":0,"enemies":"2 Louse","floor":2,"turns":3},{"damage":2,"enemies":"Small Slimes","floor":3,"turns":4},{"damage":6,"enemies":"2 Fungi Beasts","floor":5,"turns":4},{"damage":31,"enemies":"Lagavulin","floor":6,"turns":6},{"damage":8,"enemies":"Exordium Wildlife","floor":8,"turns":5},{"damage":21,"enemies":"3 Sentries","floor":11,"turns":7},{"damage":10,"enemies":"Blue Slaver","floor":14,"turns":3},{"damage":45,"enemies":"Slime Boss","floor":16,"turns":8},{"damage":14,"enemies":"Chosen","floor":18,"turns":3},{"damage":21,"enemies":"2 Thieves","floor":20,"turns":4},{"damage":61,"enemies":"Slavers","floor":23,"turns":3}],"seed_played":"-6914164680724526728","potions_obtained":[{"floor":3,"key":"SkillPotion"},{"floor":5,"key":"Fire Potion"},{"floor":8,"key":"AttackPotion"},{"floor":20,"key":"SpeedPotion"}],"is_trial":false,"path_per_floor":["M","M","M","$","M","E","R","M","T","?","E","?","R","M","R","B",null,"M","T","M","?","?","E"],"character_chosen":"IRONCLAD","items_purchased":["Flame Barrier"],"campfire_rested":1,"item_purchase_floors":[4],"current_hp_per_floor":[80,80,80,80,80,55,55,53,53,53,38,38,38,34,58,19,80,72,72,57,57,57,0],"gold":490,"neow_bonus":"UPGRADE_CARD","is_prod":false,"is_daily":false,"chose_seed":false,"campfire_upgraded":2,"win_rate":0,"timestamp":1549272704,"path_taken":["M","?","M","$","M","E","R","M","T","?","E","?","R","M","R","BOSS","M","?","M","?","?","E"],"build_version":"2019-01-23","purchased_purges":1,"victory":false,"max_hp_per_floor":[80,80,80,80,80,80,80,80,80,80,80,80,80,80,80,80,80,80,80,80,80,80,80],"card_choices":[{"not_picked":["Perfected Strike","Corruption"],"picked":"Iron Wave","floor":1},{"not_picked":["Body Slam","Seeing Red","Spot Weakness"],"picked":"SKIP","floor":2},{"not_picked":["Flex","Sword Boomerang"],"picked":"Iron Wave","floor":3},{"not_picked":["Reaper","Sword Boomerang"],"picked":"Cleave","floor":5},{"not_picked":["Feel No Pain","Clash","Fire Breathing"],"picked":"SKIP","floor":6},{"not_picked":["Cleave","Reckless Charge","Havoc"],"picked":"SKIP","floor":8},{"not_picked":["Reaper","Sword Boomerang"],"picked":"Blood for Blood","floor":11},{"not_picked":["Anger","Sword Boomerang","Blood for Blood"],"picked":"SKIP","floor":14},{"not_picked":["Anger","Sword Boomerang"],"picked":"Blood for Blood","floor":14},{"not_picked":["Exhume","Dark Embrace"],"picked":"Impervious","floor":16},{"not_picked":["Havoc","Body Slam+1"],"picked":"Rupture","floor":18},{"not_picked":["Second Wind","Body Slam"],"picked":"Headbutt","floor":20}],"player_experience":199177,"relics_obtained":[{"floor":6,"key":"Du-Vu Doll"},{"floor":9,"key":"Oddly Smooth Stone"},{"floor":11,"key":"Pen Nib"},{"floor":19,"key":"Dream Catcher"}],"event_choices":[{"damage_healed":0,"gold_gain":0,"player_choice":"Take Wound","damage_taken":0,"relics_obtained":["Golden Idol"],"max_hp_gain":0,"max_hp_loss":0,"event_name":"Golden Idol","floor":10,"gold_loss":0,"cards_obtained":["Injury"]},{"damage_healed":0,"gold_gain":0,"player_choice":"2 cards matched","damage_taken":0,"max_hp_gain":0,"max_hp_loss":0,"event_name":"Match and Keep!","floor":12,"gold_loss":0,"cards_obtained":["Juggernaut","Regret"]},{"damage_healed":0,"gold_gain":0,"player_choice":"Opened","damage_taken":0,"relics_obtained":["Toxic Egg 2"],"max_hp_gain":0,"max_hp_loss":0,"event_name":"The Mausoleum","floor":21,"gold_loss":0},{"damage_healed":0,"gold_gain":250,"player_choice":"Bet on Owner","damage_taken":0,"max_hp_gain":0,"max_hp_loss":0,"event_name":"The Joust","floor":22,"gold_loss":50}],"is_beta":false,"boss_relics":[{"not_picked":["Runic Cube","Orrery"],"picked":"Runic Dome"}],"items_purged_floors":[4],"is_endless":false,"potions_floor_spawned":[3,5,8,20],"killed_by":"Slavers","ascension_level":0}