{"gold_per_floor":[110,125,143,25,41,69,69,104,104,118,137,155,155,185,185,259,259,274,203,1,13,29,29,42,42,42,70,70,85,85,110,110,186,186,200,210,228,328,338,338,356,356,383,396,396,396,423,441,441,441],"floor_reached":50,"playtime":5663,"items_purged":[],"score":931,"play_id":"e3519308-2753-45e3-9974-f66a98180d07","local_time":"20190202114953","is_ascension_mode":true,"campfire_choices":[{"data":"Bash","floor":7,"key":"SMITH"},{"floor":13,"key":"REST"},{"data":"Demon Form","floor":15,"key":"SMITH"},{"data":"Evolve","floor":23,"key":"SMITH"},{"data":"Battle Trance","floor":25,"key":"SMITH"},{"data":"Shockwave","floor":28,"key":"SMITH"},{"floor":32,"key":"REST"},{"data":"Offering","floor":40,"key":"SMITH"},{"floor":42,"key":"REST"},{"floor":46,"key":"REST"},{"floor":49,"key":"REST"}],"neow_cost":"NONE","seed_source_timestamp":47406385069900,"circlet_count":0,"master_deck":["AscendersBane","Strike_R","Defend_R","Defend_R","Defend_R","Defend_R","Bash+1","Pommel Strike","Headbutt","Whirlwind","Hemokinesis","Battle Trance+1","Evolve+1","Juggernaut","Metallicize","Shrug It Off","Demon Form+1","Reaper","Disarm","Shockwave+1","Heavy Blade","Power Through","Spot Weakness","Uppercut+1","Heavy Blade+1","Juggernaut","Cleave+1","Battle Trance+1","Pommel Strike+1","Intimidate","Disarm","Offering+1","True Grit+1","Feel No Pain","Warcry+1","Shockwave+1"],"relics":["Burning Blood","Mummified Hand","Anchor","Boot","Darkstone Periapt","Philosopher\u0027s Stone","Oddly Smooth Stone","Molten Egg 2","Letter Opener","Matryoshka","Peace Pipe","Astrolabe","Prayer Wheel","Orichalcum","Red Skull","Pantograph","Omamori"],"potions_floor_usage":[6,8,12,14,14,16,22,27,31,33,44,44],"damage_taken":[{"damage":1,"enemies":"Cultist","floor":1,"turns":4},{"damage":2,"enemies":"Jaw Worm","floor":2,"turns":3},{"damage":6,"enemies":"2 Louse","floor":3,"turns":3},{"damage":19,"enemies":"Blue Slaver","floor":5,"turns":3},{"damage":13,"enemies":"Gremlin Nob","floor":6,"turns":3},{"damage":34,"enemies":"Lagavulin","floor":8,"turns":5},{"damage":6,"enemies":"Looter","floor":10,"turns":3},{"damage":7,"enemies":"Lots of Slimes","floor":11,"turns":3},{"damage":4,"enemies":"Exordium Wildlife","floor":12,"turns":4},{"damage":5,"enemies":"Gremlin Nob","floor":14,"turns":3},{"damage":41,"enemies":"The Guardian","floor":16,"turns":12},{"damage":33,"enemies":"Spheric Guardian","floor":18,"turns":4},{"damage":3,"enemies":"Shell Parasite","floor":21,"turns":5},{"damage":27,"enemies":"3 Cultists","floor":22,"turns":6},{"damage":0,"enemies":"Centurion and Healer","floor":24,"turns":7},{"damage":57,"enemies":"Gremlin Leader","floor":27,"turns":7},{"damage":12,"enemies":"Snake Plant","floor":29,"turns":4},{"damage":44,"enemies":"Slavers","floor":31,"turns":5},{"damage":67,"enemies":"Collector","floor":33,"turns":9},{"damage":30,"enemies":"3 Darklings","floor":35,"turns":5},{"damage":10,"enemies":"3 Shapes","floor":36,"turns":4},{"damage":24,"enemies":"Jaw Worm Horde","floor":37,"turns":4},{"damage":7,"enemies":"Mind Bloom Boss Battle","floor":38,"turns":7},{"damage":18,"enemies":"Sphere and 2 Shapes","floor":39,"turns":4},{"damage":51,"enemies":"3 Darklings","floor":41,"turns":7},{"damage":15,"enemies":"Transient","floor":44,"turns":5},{"damage":20,"enemies":"Maw","floor":48,"turns":6},{"damage":84,"enemies":"Awakened One","floor":50,"turns":6}],"seed_played":"-4724112082086285400","potions_obtained":[{"floor":3,"key":"SpeedPotion"},{"floor":6,"key":"SkillPotion"},{"floor":8,"key":"SkillPotion"},{"floor":10,"key":"Dexterity Potion"},{"floor":12,"key":"PowerPotion"},{"floor":14,"key":"Fruit Juice"},{"floor":21,"key":"FearPotion"},{"floor":22,"key":"SteroidPotion"},{"floor":31,"key":"BloodPotion"},{"floor":33,"key":"Fire Potion"},{"floor":38,"key":"Block Potion"},{"floor":41,"key":"SkillPotion"}],"is_trial":false,"path_per_floor":["M","M","M","$","M","E","R","E","T","M","M","M","R","E","R","B",null,"M","$","$","M","M","R","M","R","T","E","R","M","?","E","R","B",null,"M","M","M","?","M","R","M","R","T","M","?","R","T","M","R","B"],"character_chosen":"IRONCLAD","items_purchased":["Strength Potion","Hemokinesis","Shockwave","Oddly Smooth Stone","Block Potion"],"campfire_rested":5,"item_purchase_floors":[4,4,19,20,20],"current_hp_per_floor":[73,75,75,75,62,55,55,27,27,27,26,28,50,56,56,21,65,38,38,38,65,49,49,80,80,80,62,62,56,56,39,63,10,63,78,80,80,80,68,68,23,47,47,38,38,62,62,48,72,0],"gold":441,"neow_bonus":"REMOVE_CARD","is_prod":false,"is_daily":false,"chose_seed":false,"campfire_upgraded":6,"win_rate":0,"timestamp":1549104593,"path_taken":["M","M","M","$","M","E","R","E","T","M","M","M","R","E","R","BOSS","M","?","$","M","M","R","M","R","T","E","R","M","?","E","R","BOSS","M","M","M","?","M","R","M","R","T","M","?","R","?","M","R","BOSS"],"build_version":"2019-01-23","purchased_purges":0,"victory":false,"max_hp_per_floor":[75,75,75,75,75,75,75,75,75,75,75,75,75,80,80,80,80,80,80,80,80,80,80,80,80,80,80,80,80,80,80,80,80,80,80,80,80,80,80,80,80,80,80,80,80,80,80,80,80,80],"card_choices":[{"not_picked":["Sever Soul","Clash"],"picked":"Pommel Strike","floor":1},{"not_picked":["Iron Wave","Sever Soul"],"picked":"Headbutt","floor":2},{"not_picked":["Clothesline","Sword Boomerang"],"picked":"Whirlwind","floor":3},{"not_picked":["Havoc","Intimidate"],"picked":"Battle Trance","floor":5},{"not_picked":["Iron Wave","Pommel Strike"],"picked":"Evolve","floor":6},{"not_picked":["Sword Boomerang","Warcry"],"picked":"Juggernaut","floor":8},{"not_picked":["Blood for Blood","Clothesline","Wild Strike"],"picked":"SKIP","floor":10},{"not_picked":["Clash","Headbutt"],"picked":"Metallicize","floor":11},{"not_picked":["Clash","Cleave"],"picked":"Shrug It Off","floor":12},{"not_picked":["Body Slam","True Grit"],"picked":"Demon Form","floor":14},{"not_picked":["Fiend Fire","Double Tap"],"picked":"Reaper","floor":16},{"not_picked":["Wild Strike+1","Sever Soul"],"picked":"Disarm","floor":18},{"not_picked":["Anger","Pummel"],"picked":"Heavy Blade","floor":21},{"not_picked":["Body Slam","Iron Wave+1"],"picked":"Power Through","floor":22},{"not_picked":["Feel No Pain","Wild Strike"],"picked":"Spot Weakness","floor":24},{"not_picked":["Heavy Blade+1","Iron Wave+1","Perfected Strike+1"],"picked":"SKIP","floor":27},{"not_picked":["Pommel Strike+1","Searing Blow+1"],"picked":"Uppercut+1","floor":29},{"not_picked":["Seeing Red","Flex"],"picked":"Heavy Blade+1","floor":31},{"not_picked":["Barricade","Dark Embrace"],"picked":"Juggernaut","floor":33},{"not_picked":["Anger+1","Hemokinesis+1","Seeing Red"],"picked":"SKIP","floor":35},{"not_picked":["Burning Pact","Flex"],"picked":"Intimidate","floor":36},{"not_picked":["Carnage+1","Clothesline+1","Heavy Blade+1"],"picked":"SKIP","floor":37},{"not_picked":["Pummel+1","Battle Trance"],"picked":"Disarm","floor":39},{"not_picked":["True Grit","Shrug It Off+1"],"picked":"Offering","floor":39},{"not_picked":["Pommel Strike+1","Cleave+1"],"picked":"True Grit+1","floor":41},{"not_picked":["Thunderclap+1","Infernal Blade","Pummel+1"],"picked":"SKIP","floor":41},{"not_picked":["Carnage+1","Sever Soul+1"],"picked":"Feel No Pain","floor":44},{"not_picked":["Perfected Strike+1","Sword Boomerang+1","Armaments"],"picked":"SKIP","floor":44},{"not_picked":["Wild Strike+1","Flex+1"],"picked":"Warcry+1","floor":48},{"not_picked":["True Grit","Shrug It Off"],"picked":"Shockwave+1","floor":48}],"player_experience":292207,"relics_obtained":[{"floor":6,"key":"Mummified Hand"},{"floor":8,"key":"Anchor"},{"floor":9,"key":"Boot"},{"floor":14,"key":"Darkstone Periapt"},{"floor":26,"key":"Molten Egg 2"},{"floor":27,"key":"Letter Opener"},{"floor":31,"key":"Peace Pipe"},{"floor":38,"key":"Prayer Wheel"},{"floor":43,"key":"Orichalcum"},{"floor":43,"key":"Red Skull"},{"floor":47,"key":"Pantograph"},{"floor":47,"key":"Omamori"}],"event_choices":[{"damage_healed":0,"gold_gain":0,"player_choice":"Opened","damage_taken":0,"relics_obtained":["Matryoshka"],"max_hp_gain":0,"max_hp_loss":0,"event_name":"The Mausoleum","floor":30,"gold_loss":0},{"damage_healed":0,"gold_gain":0,"player_choice":"Fight","damage_taken":0,"max_hp_gain":0,"max_hp_loss":0,"event_name":"MindBloom","floor":38,"gold_loss":0},{"damage_healed":0,"gold_gain":0,"player_choice":"Ignored","damage_taken":0,"max_hp_gain":0,"max_hp_loss":0,"event_name":"Mysterious Sphere","floor":45,"gold_loss":0}],"is_beta":false,"boss_relics":[{"not_picked":["Busted Crown","Eternal Feather"],"picked":"Philosopher\u0027s Stone"},{"not_picked":["Calling Bell","Runic Cube"],"picked":"Astrolabe"}],"items_purged_floors":[],"is_endless":false,"potions_floor_spawned":[3,6,8,10,12,14,21,22,31,33,38,41],"killed_by":"Awakened One","ascension_level":14}