{"gold_per_floor":[110,120,14,29,129,129,154,154,154,154,186,111,123,88,88,192,192,204,304,304,154,105,105,115,45,92,92,106,121,148,168,168,267,267,286,296,309,35,35],"floor_reached":39,"playtime":1973,"items_purged":["Strike_R","Strike_R","Strike_R"],"score":434,"play_id":"cb794e18-bd4b-47d2-a998-3b8f99efa429","local_time":"20190121012413","is_ascension_mode":false,"campfire_choices":[{"data":"Bash","floor":8,"key":"SMITH"},{"data":"Whirlwind","floor":10,"key":"SMITH"},{"floor":15,"key":"REST"},{"floor":23,"key":"REST"},{"floor":27,"key":"REST"},{"floor":32,"key":"REST"}],"neow_cost":"NONE","seed_source_timestamp":15311779540242,"circlet_count":0,"master_deck":["Strike_R","Strike_R","Defend_R","Defend_R","Defend_R","Defend_R","Bash+1","Whirlwind+1","Metallicize","True Grit","Iron Wave","Uppercut","Flame Barrier","Shrug It Off","Barricade","Pommel Strike","Shrug It Off","Armaments","Evolve","Entrench","Inflame+1","Inflame+1","Heavy Blade+1","Limit Break","Heavy Blade"],"relics":["Black Blood","Bottled Tornado","Paper Frog","Kunai","Fusion Hammer","Bird Faced Urn","Self Forming Clay","MutagenicStrength","Centennial Puzzle","Happy Flower","Strawberry"],"potions_floor_usage":[16,19,30,39],"damage_taken":[{"damage":5,"enemies":"Small Slimes","floor":1,"turns":3},{"damage":3,"enemies":"Cultist","floor":2,"turns":5},{"damage":1,"enemies":"Jaw Worm","floor":4,"turns":5},{"damage":50,"enemies":"Lagavulin","floor":7,"turns":11},{"damage":21,"enemies":"3 Sentries","floor":11,"turns":11},{"damage":28,"enemies":"Exordium Thugs","floor":13,"turns":4},{"damage":51,"enemies":"Slime Boss","floor":16,"turns":10},{"damage":7,"enemies":"Shell Parasite","floor":18,"turns":5},{"damage":20,"enemies":"Colosseum Slavers","floor":19,"turns":8},{"damage":29,"enemies":"Colosseum Nobs","floor":19,"turns":6},{"damage":2,"enemies":"Chosen","floor":24,"turns":6},{"damage":15,"enemies":"Sentry and Sphere","floor":28,"turns":18},{"damage":13,"enemies":"Centurion and Healer","floor":29,"turns":11},{"damage":34,"enemies":"Gremlin Leader","floor":30,"turns":7},{"damage":18,"enemies":"Cultist and Chosen","floor":31,"turns":5},{"damage":42,"enemies":"Automaton","floor":33,"turns":14},{"damage":16,"enemies":"3 Shapes","floor":35,"turns":3},{"damage":6,"enemies":"Orb Walker","floor":36,"turns":6},{"damage":34,"enemies":"Jaw Worm Horde","floor":37,"turns":7},{"damage":110,"enemies":"2 Orb Walkers","floor":39,"turns":6}],"seed_played":"-7467502840378738482","potions_obtained":[{"floor":2,"key":"FearPotion"},{"floor":11,"key":"Weak Potion"},{"floor":28,"key":"Block Potion"},{"floor":29,"key":"Energy Potion"},{"floor":33,"key":"Regen Potion"},{"floor":35,"key":"FearPotion"}],"is_trial":false,"path_per_floor":["M","M","$","M","?","$","E","R","T","R","E","$","M","?","R","B",null,"M","?","?","$","$","R","M","$","T","R","M","M","E","M","R","B",null,"M","M","M","$","?"],"character_chosen":"IRONCLAD","items_purchased":["Metallicize","True Grit","Shrug It Off","Armaments","Entrench","Strawberry"],"campfire_rested":4,"item_purchase_floors":[3,3,21,22,25,38],"current_hp_per_floor":[88,88,88,88,88,88,44,44,44,44,29,29,7,29,55,10,88,87,50,50,50,50,76,84,84,84,88,81,81,63,59,85,56,88,84,88,72,79,0],"gold":35,"neow_bonus":"TEN_PERCENT_HP_BONUS","is_prod":false,"is_daily":false,"chose_seed":false,"campfire_upgraded":2,"win_rate":0,"timestamp":1548005053,"path_taken":["M","M","$","M","?","?","E","R","T","R","E","$","M","?","R","BOSS","M","?","?","?","$","R","?","$","T","R","M","?","E","M","R","BOSS","M","?","M","$","?"],"build_version":"2019-01-17v2","purchased_purges":3,"victory":false,"max_hp_per_floor":[88,88,88,88,88,88,88,88,88,88,88,88,88,88,88,88,88,88,88,88,88,88,88,88,88,88,88,88,88,88,88,88,88,88,88,88,88,95,95],"card_choices":[{"not_picked":["Shrug It Off","Body Slam"],"picked":"Whirlwind","floor":1},{"not_picked":["Searing Blow","Carnage","Havoc"],"picked":"SKIP","floor":2},{"not_picked":["Spot Weakness","Rupture"],"picked":"Iron Wave","floor":4},{"not_picked":["Reaper","Intimidate"],"picked":"Uppercut","floor":7},{"not_picked":["Sever Soul","Thunderclap"],"picked":"Flame Barrier","floor":11},{"not_picked":["Body Slam","Anger"],"picked":"Shrug It Off","floor":13},{"not_picked":["Feed","Offering"],"picked":"Barricade","floor":16},{"not_picked":["Body Slam","Wild Strike"],"picked":"Pommel Strike","floor":18},{"not_picked":["Headbutt","Pummel"],"picked":"Evolve","floor":24},{"not_picked":["Metallicize","Sword Boomerang"],"picked":"Inflame+1","floor":28},{"not_picked":["Iron Wave","Flex"],"picked":"Inflame+1","floor":29},{"not_picked":["Iron Wave","Anger+1","Thunderclap+1"],"picked":"SKIP","floor":30},{"not_picked":["Body Slam+1","Rage"],"picked":"Heavy Blade+1","floor":31},{"not_picked":["Feed","Exhume"],"picked":"Limit Break","floor":33},{"not_picked":["Wild Strike+1","Warcry","Cleave+1"],"picked":"SKIP","floor":35},{"not_picked":["Intimidate+1","Sword Boomerang+1","Clash"],"picked":"SKIP","floor":36},{"not_picked":["Metallicize","Rage+1"],"picked":"Heavy Blade","floor":37}],"player_experience":100678,"relics_obtained":[{"floor":7,"key":"Bottled Tornado"},{"floor":9,"key":"Paper Frog"},{"floor":11,"key":"Kunai"},{"floor":19,"key":"Bird Faced Urn"},{"floor":19,"key":"Self Forming Clay"},{"floor":26,"key":"Centennial Puzzle"},{"floor":30,"key":"Happy Flower"}],"event_choices":[{"damage_healed":0,"gold_gain":100,"player_choice":"Pray","damage_taken":0,"max_hp_gain":0,"max_hp_loss":0,"event_name":"Golden Shrine","floor":5,"gold_loss":0},{"damage_healed":22,"gold_gain":0,"player_choice":"Healed","damage_taken":0,"max_hp_gain":0,"max_hp_loss":0,"event_name":"The Cleric","floor":14,"gold_loss":35},{"damage_healed":0,"gold_gain":0,"player_choice":"Fight","damage_taken":0,"max_hp_gain":0,"max_hp_loss":0,"event_name":"Colosseum","floor":19,"gold_loss":0},{"damage_healed":0,"gold_gain":0,"player_choice":"Fought Nobs","damage_taken":0,"max_hp_gain":0,"max_hp_loss":0,"event_name":"Colosseum","floor":19,"gold_loss":0},{"damage_healed":0,"gold_gain":0,"player_choice":"Inject Mutagens","damage_taken":0,"relics_obtained":["MutagenicStrength"],"max_hp_gain":0,"max_hp_loss":0,"event_name":"Drug Dealer","floor":20,"gold_loss":0},{"damage_healed":0,"gold_gain":0,"player_choice":"Fight","damage_taken":0,"max_hp_gain":0,"max_hp_loss":0,"event_name":"Mysterious Sphere","floor":39,"gold_loss":0}],"is_beta":false,"boss_relics":[{"not_picked":["Black Star","Busted Crown"],"picked":"Fusion Hammer"},{"not_picked":["Philosopher\u0027s Stone","Runic Cube"],"picked":"Black Blood"}],"items_purged_floors":[12,21,38],"is_endless":false,"potions_floor_spawned":[2,11,19,28,29,33,35],"killed_by":"2 Orb Walkers","ascension_level":0}