{"gold_per_floor":[109,109,128,128,145,145,157,176,176,189,214,230,242,277,277,377,377,394,394,322,336,296,296,327,343,395,428,443,443],"floor_reached":29,"playtime":2028,"items_purged":[],"score":494,"play_id":"4f4e1a85-1687-4cd9-8546-6c77035247c3","local_time":"20181102120522","is_ascension_mode":true,"campfire_choices":[{"data":"Neutralize","floor":6.0,"key":"SMITH"},{"data":"Footwork","floor":15.0,"key":"SMITH"},{"data":"Noxious Fumes","floor":23,"key":"SMITH"}],"neow_cost":"NONE","seed_source_timestamp":0,"circlet_count":0,"master_deck":["AscendersBane","Defend_G","Defend_G","Defend_G","Defend_G","Defend_G","Strike_G","Strike_G","Strike_G","Strike_G","Survivor","Neutralize+1","Dagger Throw","Dodge and Roll","PiercingWail","Dagger Throw","Footwork+1","All Out Attack","Noxious Fumes+1","Flying Knee","Catalyst+1","Blur","Burst","Dagger Spray+1","Crippling Poison","Noxious Fumes","Acrobatics+1","Backflip","Catalyst"],"special_seed":0,"relics":["Velvet Choker","StoneCalendar","Mercury Hourglass","Thread and Needle","Black Star","Bag of Preparation","Smiling Mask","Omamori","Pen Nib","Anchor"],"potions_floor_usage":[18,27,27],"damage_taken":[{"damage":3.0,"enemies":"Jaw Worm","floor":1.0,"turns":7.0},{"damage":1.0,"enemies":"Cultist","floor":3.0,"turns":4.0},{"damage":0.0,"enemies":"2 Louse","floor":5.0,"turns":3.0},{"damage":1.0,"enemies":"Looter","floor":7.0,"turns":5.0},{"damage":8.0,"enemies":"Gremlin Gang","floor":8.0,"turns":5.0},{"damage":0.0,"enemies":"3 Louse","floor":10.0,"turns":5.0},{"damage":2.0,"enemies":"Gremlin Nob","floor":11.0,"turns":4.0},{"damage":0.0,"enemies":"2 Fungi Beasts","floor":12.0,"turns":2.0},{"damage":6.0,"enemies":"Looter","floor":13.0,"turns":3.0},{"damage":2.0,"enemies":"Lagavulin","floor":14.0,"turns":7.0},{"damage":0.0,"enemies":"Slime Boss","floor":16.0,"turns":8.0},{"damage":4,"enemies":"Chosen","floor":18,"turns":6},{"damage":0,"enemies":"3 Byrds","floor":21,"turns":4},{"damage":14,"enemies":"Book of Stabbing","floor":24,"turns":6},{"damage":9,"enemies":"Snecko","floor":25,"turns":5},{"damage":28,"enemies":"Slavers","floor":27,"turns":5},{"damage":0,"enemies":"Shelled Parasite and Fungi","floor":28,"turns":6},{"damage":8,"enemies":"Snake Plant","floor":29,"turns":2}],"seed_played":"-1669536499668857053","potions_obtained":[{"floor":1.0,"key":"Fire Potion"},{"floor":7.0,"key":"Block Potion"},{"floor":8.0,"key":"FearPotion"},{"floor":11.0,"key":"Dexterity Potion"},{"floor":25,"key":"FearPotion"}],"is_trial":false,"path_per_floor":["M","M","?","M","$","M","R","M","M","T","M","E","M","M","E","R","B",null,"M","?","$","M","?","R","E","M","T","E","M","M"],"character_chosen":"THE_SILENT","items_purchased":["Noxious Fumes"],"campfire_rested":0,"item_purchase_floors":[20],"current_hp_per_floor":[60,60,59,59,59,59,58,50,50,50,48,48,42,40,40,40,63,59,59,59,59,59,59,45,36,36,8,8,0],"gold":443,"neow_bonus":"BOSS_RELIC","is_prod":false,"is_daily":false,"chose_seed":false,"campfire_upgraded":3,"win_rate":0,"timestamp":1541185522,"path_taken":["M","?","M","?","M","R","M","M","T","?","E","M","M","E","R","BOSS","M","?","$","M","?","R","E","M","T","E","M","?"],"build_version":"2018-11-01","purchased_purges":0,"victory":false,"max_hp_per_floor":[70,70,70,70,70,70,70,70,70,70,70,70,70,70,70,70,70,70,70,70,70,70,70,70,70,70,70,70,70],"card_choices":[{"not_picked":["Reflex","Acrobatics"],"picked":"Dagger Throw","floor":1.0},{"not_picked":["Underhanded Strike","Caltrops"],"picked":"Dodge and Roll","floor":3.0},{"not_picked":["Acrobatics","A Thousand Cuts"],"picked":"PiercingWail","floor":5.0},{"not_picked":["Blade Dance","Caltrops"],"picked":"Dagger Throw","floor":7.0},{"not_picked":["Backflip","Sucker Punch"],"picked":"Footwork","floor":8.0},{"not_picked":["Blade Dance","Masterful Stab"],"picked":"All Out Attack","floor":10.0},{"not_picked":["Outmaneuver","Acrobatics"],"picked":"Noxious Fumes","floor":11.0},{"not_picked":["Backflip","Escape Plan"],"picked":"Flying Knee","floor":12.0},{"not_picked":["Cloak And Dagger","Masterful Stab"],"picked":"Catalyst","floor":13.0},{"not_picked":["Blade Dance","Caltrops"],"picked":"Blur","floor":14.0},{"not_picked":["Wraith Form v2","Die Die Die"],"picked":"Burst","floor":16.0},{"not_picked":["Outmaneuver","Eviscerate"],"picked":"Dagger Spray+1","floor":18},{"not_picked":["Deadly Poison","Poisoned Stab","Blade Dance"],"picked":"SKIP","floor":21},{"not_picked":["Outmaneuver+1","Blade Dance"],"picked":"Acrobatics+1","floor":24},{"not_picked":["Heel Hook+1","Backstab"],"picked":"Backflip","floor":25},{"not_picked":["Flechettes","Poisoned Stab","Dagger Throw"],"picked":"SKIP","floor":27},{"not_picked":["Dagger Spray","Poisoned Stab"],"picked":"Catalyst","floor":28}],"player_experience":82687,"relics_obtained":[{"floor":9.0,"key":"StoneCalendar"},{"floor":11.0,"key":"Mercury Hourglass"},{"floor":14.0,"key":"Thread and Needle"},{"floor":24,"key":"Bag of Preparation"},{"floor":24,"key":"Smiling Mask"},{"floor":26,"key":"Omamori"},{"floor":27,"key":"Pen Nib"},{"floor":27,"key":"Anchor"}],"event_choices":[{"cards_removed":["Strike_G"],"damage_healed":0.0,"max_hp_gain":0.0,"max_hp_loss":0.0,"gold_gain":0.0,"event_name":"Bonfire Elementals","player_choice":"Offered Basic","floor":2.0,"gold_loss":0.0,"damage_taken":0.0},{"damage_healed":0,"gold_gain":0,"player_choice":"Read","damage_taken":0,"max_hp_gain":0,"max_hp_loss":0,"event_name":"The Library","floor":19,"gold_loss":0,"cards_obtained":["Crippling Poison"]},{"damage_healed":0,"gold_gain":0,"player_choice":"Upgrade","damage_taken":0,"max_hp_gain":0,"max_hp_loss":0,"event_name":"Designer","floor":22,"gold_loss":40,"cards_upgraded":["Catalyst"]}],"is_beta":false,"boss_relics":[{"not_picked":["Lizard Tail","Astrolabe"],"picked":"Black Star"}],"items_purged_floors":[],"is_endless":false,"potions_floor_spawned":[1,7,8,11,25],"killed_by":"Snake Plant","ascension_level":10}