{"gold_per_floor":[118,130,130,141,153,182,198,218,218,250,266,266,82,117,117,212,212,227,245,63,92,112,145,60,60,60,60,60,80,110,128,128,226,226,246,259,271,36,50,50,77,77,101,132,18,35,55,86,86,86],"floor_reached":51,"playtime":4019,"items_purged":["Strike_G","Strike_G"],"score":1133,"play_id":"1cedf6da-a6b8-44de-98c5-5e7ba9cefcd0","local_time":"20181023134417","is_ascension_mode":true,"campfire_choices":[{"data":"Bouncing Flask","floor":12.0,"key":"SMITH"},{"floor":15.0,"key":"REST"},{"floor":25,"key":"REST"},{"data":"A Thousand Cuts","floor":27,"key":"SMITH"},{"floor":32,"key":"REST"},{"data":"Catalyst","floor":40,"key":"SMITH"},{"data":"Catalyst","floor":42,"key":"SMITH"},{"floor":49,"key":"REST"}],"neow_cost":"NONE","seed_source_timestamp":237249088141119,"circlet_count":0,"master_deck":["Defend_G","Defend_G","Defend_G","Defend_G","Strike_G","Survivor","Neutralize","Skewer","Bouncing Flask+1","Quick Slash","Flying Knee","Corpse Explosion","Quick Slash","Eviscerate","A Thousand Cuts+1","All Out Attack","Envenom","Poisoned Stab+1","Malaise+1","Glass Knife+1","Acrobatics","Dash","Eviscerate","Outmaneuver+1","Leg Sweep+1","Catalyst+1","Adrenaline","Injury","Deadly Poison","Backflip+1","Catalyst+1","Crippling Poison","Catalyst","Predator+1","Bouncing Flask+1"],"special_seed":0,"relics":["Snecko Eye","Darkstone Periapt","The Courier","Tough Bandages","Lantern","Meat on the Bone","Astrolabe","Strawberry","Red Mask","Matryoshka","Bronze Scales","Omamori","Smiling Mask","Happy Flower","Calling Bell","Regal Pillow","Sundial","The Specimen","Orichalcum","Gremlin Horn","Snake Skull","Juzu Bracelet","Ginger","Bag of Preparation","Question Card"],"potions_floor_usage":[21,33,44,48,50],"damage_taken":[{"damage":2.0,"enemies":"Cultist","floor":1.0,"turns":4.0},{"damage":0.0,"enemies":"2 Louse","floor":2.0,"turns":2.0},{"damage":10.0,"enemies":"Small Slimes","floor":4.0,"turns":2.0},{"damage":0.0,"enemies":"Blue Slaver","floor":5.0,"turns":2.0},{"damage":10.0,"enemies":"3 Sentries","floor":6.0,"turns":6.0},{"damage":0.0,"enemies":"2 Fungi Beasts","floor":7.0,"turns":2.0},{"damage":12.0,"enemies":"Exordium Wildlife","floor":8.0,"turns":4.0},{"damage":0.0,"enemies":"Gremlin Nob","floor":10.0,"turns":3.0},{"damage":0.0,"enemies":"Gremlin Gang","floor":11.0,"turns":1.0},{"damage":10.0,"enemies":"3 Sentries","floor":14.0,"turns":3.0},{"damage":23.0,"enemies":"Hexaghost","floor":16.0,"turns":6.0},{"damage":0.0,"enemies":"Spheric Guardian","floor":18.0,"turns":3.0},{"damage":22.0,"enemies":"2 Thieves","floor":19.0,"turns":4.0},{"damage":0,"enemies":"Masked Bandits","floor":21,"turns":2},{"damage":0,"enemies":"Chosen and Byrds","floor":22,"turns":3},{"damage":46,"enemies":"Slavers","floor":23,"turns":5},{"damage":2,"enemies":"3 Cultists","floor":29,"turns":4},{"damage":1,"enemies":"Gremlin Leader","floor":30,"turns":6},{"damage":21,"enemies":"Centurion and Healer","floor":31,"turns":4},{"damage":29,"enemies":"Automaton","floor":33,"turns":7},{"damage":0,"enemies":"Orb Walker","floor":35,"turns":2},{"damage":37,"enemies":"3 Darklings","floor":36,"turns":3},{"damage":18,"enemies":"Maw","floor":37,"turns":5},{"damage":7,"enemies":"Sphere and 2 Shapes","floor":39,"turns":3},{"damage":0,"enemies":"Nemesis","floor":41,"turns":3},{"damage":35,"enemies":"Reptomancer","floor":44,"turns":4},{"damage":0,"enemies":"Writhing Mass","floor":46,"turns":2},{"damage":0,"enemies":"Transient","floor":47,"turns":4},{"damage":21,"enemies":"Nemesis","floor":48,"turns":5},{"damage":55,"enemies":"Time Eater","floor":50,"turns":5}],"seed_played":"-7778623782943215830","potions_obtained":[{"floor":4.0,"key":"FearPotion"},{"floor":7.0,"key":"Fire Potion"},{"floor":8.0,"key":"Explosive Potion"},{"floor":11.0,"key":"Explosive Potion"},{"floor":14.0,"key":"Fruit Juice"},{"floor":19.0,"key":"Strength Potion"},{"floor":29,"key":"GamblersBrew"},{"floor":31,"key":"Energy Potion"},{"floor":35,"key":"Poison Potion"},{"floor":37,"key":"Swift Potion"},{"floor":46,"key":"EssenceOfSteel"}],"is_trial":false,"path_per_floor":["M","M","$","M","M","E","M","M","T","E","M","R","$","E","R","B",null,"M","M","$","?","M","E","?","R","T","R","$","M","E","M","R","B",null,"M","M","M","$","M","R","E","R","T","E","$","M","M","E","R","B"],"character_chosen":"THE_SILENT","items_purchased":["Lantern","Dash","Strawberry","Orichalcum","Crippling Poison","Bag of Preparation"],"campfire_rested":4,"item_purchase_floors":[13,20,20,38,38,45],"current_hp_per_floor":[68,68,68,58,58,48,48,36,36,36,36,36,36,26,47,41,67,67,45,52,52,52,18,18,42,42,42,42,52,51,42,66,49,80,80,55,49,49,54,54,54,54,54,31,31,43,55,46,87,44],"gold":86,"neow_bonus":"BOSS_RELIC","is_prod":false,"is_daily":false,"chose_seed":false,"campfire_upgraded":4,"win_rate":0,"timestamp":1540327457,"path_taken":["M","M","?","M","M","E","M","M","T","E","M","R","$","E","R","BOSS","M","M","$","?","M","E","?","R","T","R","?","M","E","M","R","BOSS","M","?","M","$","M","R","E","R","T","E","?","M","M","E","R","BOSS"],"build_version":"2018-10-18","purchased_purges":2,"victory":true,"max_hp_per_floor":[70,70,70,70,70,70,70,70,70,70,70,70,70,70,70,75,75,75,75,82,82,82,82,82,82,82,82,82,82,82,82,82,82,88,88,88,88,88,88,88,88,88,88,88,88,88,88,88,88,88],"card_choices":[{"not_picked":["Slice","Finisher"],"picked":"Skewer","floor":1.0},{"not_picked":["Endless Agony","Blade Dance"],"picked":"Bouncing Flask","floor":2.0},{"not_picked":["PiercingWail","Reflex"],"picked":"Quick Slash","floor":4.0},{"not_picked":["Prepared","Poisoned Stab"],"picked":"Flying Knee","floor":5.0},{"not_picked":["Quick Slash","Dagger Spray"],"picked":"Corpse Explosion","floor":6.0},{"not_picked":["Slice","Flechettes"],"picked":"Quick Slash","floor":7.0},{"not_picked":["Leg Sweep","Dodge and Roll"],"picked":"Eviscerate","floor":8.0},{"not_picked":["Flechettes","Poisoned Stab"],"picked":"A Thousand Cuts","floor":10.0},{"not_picked":["Quick Slash","Finisher","Flying Knee"],"picked":"SKIP","floor":11.0},{"not_picked":["Backflip","Calculated Gamble"],"picked":"All Out Attack","floor":14.0},{"not_picked":["Die Die Die","Adrenaline"],"picked":"Envenom","floor":16.0},{"not_picked":["Quick Slash","Underhanded Strike"],"picked":"Acrobatics","floor":18.0},{"not_picked":["Cloak And Dagger","PiercingWail","Poisoned Stab"],"picked":"SKIP","floor":19.0},{"not_picked":["Poisoned Stab","PiercingWail+1"],"picked":"Eviscerate","floor":21},{"not_picked":["Glass Knife","Accuracy","Finisher"],"picked":"SKIP","floor":22},{"not_picked":["Heel Hook","Bane+1"],"picked":"Outmaneuver+1","floor":23},{"not_picked":["Flying Knee","Cloak And Dagger"],"picked":"Leg Sweep+1","floor":29},{"not_picked":["Heel Hook","Poisoned Stab","Prepared"],"picked":"SKIP","floor":30},{"not_picked":["Deflect","Choke"],"picked":"Catalyst","floor":31},{"not_picked":["Malaise","Venomology"],"picked":"Adrenaline","floor":33},{"not_picked":["Underhanded Strike","Backflip"],"picked":"Deadly Poison","floor":35},{"not_picked":["Quick Slash+1","Outmaneuver+1"],"picked":"Backflip+1","floor":36},{"not_picked":["Dodge and Roll+1","PiercingWail+1"],"picked":"Catalyst","floor":37},{"not_picked":["Slice+1","Endless Agony+1"],"picked":"Catalyst","floor":39},{"not_picked":["Blur","Backflip+1"],"picked":"Predator+1","floor":41},{"not_picked":["Noxious Fumes+1","Well Laid Plans"],"picked":"Bouncing Flask+1","floor":44},{"not_picked":["Cloak And Dagger+1","Caltrops+1","Dagger Spray"],"picked":"SKIP","floor":46},{"not_picked":["Expertise+1","All Out Attack","Blur+1"],"picked":"SKIP","floor":47},{"not_picked":["Caltrops+1","Terror+1","Prepared"],"picked":"SKIP","floor":48}],"player_experience":39047,"relics_obtained":[{"floor":6.0,"key":"Darkstone Periapt"},{"floor":9.0,"key":"The Courier"},{"floor":10.0,"key":"Tough Bandages"},{"floor":14.0,"key":"Meat on the Bone"},{"floor":21,"key":"Red Mask"},{"floor":23,"key":"Matryoshka"},{"floor":26,"key":"Omamori"},{"floor":26,"key":"Smiling Mask"},{"floor":30,"key":"Happy Flower"},{"floor":34,"key":"Regal Pillow"},{"floor":34,"key":"Sundial"},{"floor":34,"key":"The Specimen"},{"floor":41,"key":"Gremlin Horn"},{"floor":43,"key":"Snake Skull"},{"floor":43,"key":"Juzu Bracelet"},{"floor":44,"key":"Ginger"},{"floor":48,"key":"Question Card"}],"event_choices":[{"damage_healed":0,"gold_gain":0,"player_choice":"Fought Bandits","damage_taken":0,"max_hp_gain":0,"max_hp_loss":0,"event_name":"Masked Bandits","floor":21,"gold_loss":0},{"damage_healed":0,"gold_gain":0,"player_choice":"Obtained Relic","damage_taken":0,"relics_obtained":["Bronze Scales"],"max_hp_gain":0,"max_hp_loss":0,"event_name":"Addict","floor":24,"gold_loss":85}],"is_beta":false,"boss_relics":[{"not_picked":["Tiny House","Empty Cage"],"picked":"Astrolabe"},{"not_picked":["Black Star","Runic Dome"],"picked":"Calling Bell"}],"items_purged_floors":[13,38],"is_endless":false,"potions_floor_spawned":[4,7,8,11,14,19,29,31,35,37,41,46],"ascension_level":5}