{"gold_per_floor":[110,285,296,307,327,327,357,357,357,357,357,384,384,394,394,489,489,504,504,504,557,313,333,333,151,151,167,167,192,202,218,218,218],"floor_reached":33,"playtime":1174,"items_purged":["Doubt"],"score":300,"play_id":"c4610b1b-4660-4e42-8562-8aebfc41542b","local_time":"20190122033437","is_ascension_mode":false,"campfire_choices":[{"data":"Bash","floor":6,"key":"SMITH"},{"data":"Perfected Strike","floor":8,"key":"SMITH"},{"data":"Thunderclap","floor":10,"key":"SMITH"},{"data":"Wild Strike","floor":11,"key":"SMITH"},{"data":"Heavy Blade","floor":13,"key":"SMITH"},{"floor":15,"key":"REST"},{"data":"True Grit","floor":24,"key":"SMITH"},{"data":"Mayhem","floor":28,"key":"SMITH"},{"floor":32,"key":"REST"}],"neow_cost":"NONE","seed_source_timestamp":110342628877066,"circlet_count":0,"master_deck":["Strike_R+1","Strike_R+1","Strike_R+1","Strike_R+1","Strike_R+1","Defend_R+1","Defend_R+1","Defend_R+1","Defend_R+1","Bash+1","Heavy Blade+1","Perfected Strike+1","Wild Strike+1","Thunderclap+1","Bludgeon","Limit Break","Wild Strike","True Grit+1","Mayhem+1","Perfected Strike","Pommel Strike+1"],"relics":["Burning Blood","StoneCalendar","WingedGreaves","Champion Belt","Philosopher\u0027s Stone","Lantern","Gambling Chip","Mango"],"potions_floor_usage":[16,29,33,33],"damage_taken":[{"damage":3,"enemies":"Cultist","floor":1,"turns":5},{"damage":1,"enemies":"Jaw Worm","floor":3,"turns":7},{"damage":0,"enemies":"2 Louse","floor":4,"turns":2},{"damage":9,"enemies":"Blue Slaver","floor":5,"turns":3},{"damage":36,"enemies":"Lagavulin","floor":7,"turns":5},{"damage":13,"enemies":"Gremlin Nob","floor":12,"turns":4},{"damage":9,"enemies":"Exordium Wildlife","floor":14,"turns":4},{"damage":45,"enemies":"The Guardian","floor":16,"turns":8},{"damage":11,"enemies":"Spheric Guardian","floor":18,"turns":3},{"damage":14,"enemies":"Shell Parasite","floor":23,"turns":3},{"damage":17,"enemies":"Shelled Parasite and Fungi","floor":27,"turns":5},{"damage":28,"enemies":"Slavers","floor":29,"turns":4},{"damage":16,"enemies":"Cultist and Chosen","floor":30,"turns":4},{"damage":13,"enemies":"Centurion and Healer","floor":31,"turns":4},{"damage":56,"enemies":"Champ","floor":33,"turns":8}],"seed_played":"-6431584530977743277","potions_obtained":[{"floor":1,"key":"SpeedPotion"},{"floor":3,"key":"LiquidBronze"},{"floor":5,"key":"Explosive Potion"},{"floor":27,"key":"Weak Potion"},{"floor":29,"key":"Weak Potion"},{"floor":30,"key":"AttackPotion"}],"is_trial":false,"path_per_floor":["M","?","M","M","M","R","E","R","T","R","R","E","R","M","R","B",null,"M","?","?","T","$","M","R","$","T","M","R","E","M","M","R","B"],"character_chosen":"IRONCLAD","items_purchased":["Limit Break","Wild Strike","Mayhem"],"campfire_rested":2,"item_purchase_floors":[22,22,25],"current_hp_per_floor":[88,88,88,88,85,85,55,55,55,55,55,48,48,45,71,32,88,83,66,66,66,66,58,58,58,58,47,47,39,29,22,54,0],"gold":218,"neow_bonus":"TEN_PERCENT_HP_BONUS","is_prod":false,"is_daily":false,"chose_seed":false,"campfire_upgraded":7,"win_rate":0,"timestamp":1548099277,"path_taken":["M","?","M","M","M","R","E","R","T","R","R","E","R","M","R","BOSS","M","?","?","?","$","M","R","$","T","M","R","E","?","M","R","BOSS"],"build_version":"2019-01-17v2","purchased_purges":1,"victory":false,"max_hp_per_floor":[88,88,88,88,88,88,88,88,88,88,88,88,88,88,88,88,88,88,93,93,93,93,93,93,93,93,93,93,107,107,107,107,107],"card_choices":[{"not_picked":["Warcry","Wild Strike"],"picked":"Heavy Blade","floor":1},{"not_picked":["Feel No Pain","Burning Pact"],"picked":"Perfected Strike","floor":3},{"not_picked":["Body Slam","Headbutt"],"picked":"Wild Strike","floor":4},{"not_picked":["Clothesline","Warcry"],"picked":"Thunderclap","floor":5},{"not_picked":["Searing Blow","Pummel","Intimidate"],"picked":"SKIP","floor":7},{"not_picked":["Searing Blow","Dark Embrace","Hemokinesis"],"picked":"SKIP","floor":12},{"not_picked":["Disarm","Second Wind","Rage"],"picked":"SKIP","floor":14},{"not_picked":["Fiend Fire","Dark Embrace"],"picked":"Bludgeon","floor":16},{"not_picked":["Combust","Body Slam","Headbutt"],"picked":"SKIP","floor":18},{"not_picked":["Entrench+1","Clash"],"picked":"True Grit","floor":23},{"not_picked":["Cleave","Armaments"],"picked":"Perfected Strike","floor":27},{"not_picked":["Heavy Blade+1","Rage"],"picked":"Pommel Strike+1","floor":29},{"not_picked":["Sword Boomerang","Anger","Ghostly Armor"],"picked":"SKIP","floor":30},{"not_picked":["Cleave","Anger","Thunderclap"],"picked":"SKIP","floor":31}],"player_experience":116945,"relics_obtained":[{"floor":7,"key":"StoneCalendar"},{"floor":9,"key":"WingedGreaves"},{"floor":12,"key":"Champion Belt"},{"floor":21,"key":"Lantern"},{"floor":26,"key":"Gambling Chip"},{"floor":29,"key":"Mango"}],"event_choices":[{"damage_healed":0,"gold_gain":175,"player_choice":"AGREE","damage_taken":0,"max_hp_gain":0,"max_hp_loss":0,"event_name":"Liars Game","floor":2,"gold_loss":0,"cards_obtained":["Doubt"]},{"damage_healed":0,"gold_gain":0,"player_choice":"Shed Blood","damage_taken":22,"max_hp_gain":5,"max_hp_loss":0,"event_name":"Forgotten Altar","floor":19,"gold_loss":0},{"damage_healed":0,"gold_gain":0,"player_choice":"Simplicity","damage_taken":0,"max_hp_gain":0,"max_hp_loss":0,"event_name":"Back to Basics","floor":20,"gold_loss":0,"cards_upgraded":["Strike_R","Strike_R","Strike_R","Strike_R","Strike_R","Defend_R","Defend_R","Defend_R","Defend_R"]}],"is_beta":false,"boss_relics":[{"not_picked":["Runic Dome","Runic Cube"],"picked":"Philosopher\u0027s Stone"}],"items_purged_floors":[22],"is_endless":false,"potions_floor_spawned":[1,3,5,27,29,30],"killed_by":"Champ","ascension_level":0}