{"gold_per_floor":[116,127,202,202,213,213,231,231,231,231,244,244,244,254,254,349,349,368,368,200,212,223,223,223],"floor_reached":24,"playtime":980,"items_purged":["Pain"],"score":188,"play_id":"f774c03a-701a-4057-90ae-d804f90cb080","local_time":"20190131160207","is_ascension_mode":false,"campfire_choices":[{"data":"Survivor","floor":6,"key":"SMITH"},{"floor":8,"key":"REST"},{"data":"Neutralize","floor":10,"key":"SMITH"},{"floor":15,"key":"REST"},{"floor":23,"key":"REST"}],"neow_cost":"CURSE","seed_source_timestamp":2190175347633,"circlet_count":0,"master_deck":["Defend_G","Defend_G","Defend_G","Defend_G","Defend_G","Strike_G","Strike_G","Strike_G","Strike_G","Survivor+1","Neutralize+1","Grand Finale","Flying Knee","Bouncing Flask","Sucker Punch","Quick Slash","Skewer","A Thousand Cuts","Well Laid Plans+1","Bane","Footwork","Dagger Throw","Sucker Punch","After Image"],"relics":["Ring of the Snake","Pantograph","Turnip","Velvet Choker"],"potions_floor_usage":[16,16,24,24],"damage_taken":[{"damage":10,"enemies":"Cultist","floor":1,"turns":5},{"damage":7,"enemies":"Jaw Worm","floor":2,"turns":7},{"damage":0,"enemies":"2 Louse","floor":5,"turns":2},{"damage":13,"enemies":"Exordium Thugs","floor":7,"turns":5},{"damage":11,"enemies":"2 Fungi Beasts","floor":11,"turns":4},{"damage":19,"enemies":"Gremlin Gang","floor":14,"turns":5},{"damage":47,"enemies":"The Guardian","floor":16,"turns":11},{"damage":22,"enemies":"Shell Parasite","floor":18,"turns":7},{"damage":14,"enemies":"Chosen","floor":21,"turns":5},{"damage":26,"enemies":"Shelled Parasite and Fungi","floor":22,"turns":5},{"damage":32,"enemies":"Book of Stabbing","floor":24,"turns":5}],"seed_played":"6439375403616873471","potions_obtained":[{"floor":2,"key":"SpeedPotion"},{"floor":5,"key":"Ancient Potion"},{"floor":11,"key":"LiquidBronze"},{"floor":21,"key":"FearPotion"},{"floor":22,"key":"PowerPotion"}],"is_trial":false,"path_per_floor":["M","M","?","T","M","R","M","R","T","R","M","?","?","M","R","B",null,"M","?","$","M","M","R","E"],"character_chosen":"THE_SILENT","items_purchased":["Footwork","Dagger Throw"],"campfire_rested":3,"item_purchase_floors":[20,20],"current_hp_per_floor":[60,53,42,42,42,42,29,50,50,50,39,39,39,20,41,19,70,48,48,48,34,8,29,0],"gold":223,"neow_bonus":"THREE_RARE_CARDS","is_prod":false,"is_daily":false,"chose_seed":false,"campfire_upgraded":2,"win_rate":0,"timestamp":1548921727,"path_taken":["M","M","?","?","M","R","M","R","T","R","M","?","?","?","R","BOSS","M","?","$","M","?","R","E"],"build_version":"2019-01-23","purchased_purges":1,"victory":false,"max_hp_per_floor":[70,70,70,70,70,70,70,70,70,70,70,70,70,70,70,70,70,70,70,70,70,70,70,70],"card_choices":[{"not_picked":["Night Terror","Tools of the Trade"],"picked":"Grand Finale","floor":0},{"not_picked":["Poisoned Stab","Cloak And Dagger"],"picked":"Flying Knee","floor":1},{"not_picked":["Prepared","Cloak And Dagger"],"picked":"Bouncing Flask","floor":2},{"not_picked":["Deadly Poison","Slice"],"picked":"Sucker Punch","floor":5},{"not_picked":["Well Laid Plans","Blur"],"picked":"Quick Slash","floor":7},{"not_picked":["Prepared","PiercingWail"],"picked":"Skewer","floor":11},{"not_picked":["Predator","Poisoned Stab","Slice"],"picked":"SKIP","floor":14},{"not_picked":["Phantasmal Killer","Malaise"],"picked":"A Thousand Cuts","floor":16},{"not_picked":["Flying Knee","Blade Dance"],"picked":"Well Laid Plans+1","floor":18},{"not_picked":["Underhanded Strike","Skewer"],"picked":"Sucker Punch","floor":21},{"not_picked":["Sucker Punch","Acrobatics"],"picked":"After Image","floor":22}],"player_experience":151598,"relics_obtained":[{"floor":4,"key":"Pantograph"},{"floor":9,"key":"Turnip"}],"event_choices":[{"damage_healed":0,"gold_gain":75,"player_choice":"Gather Gold","damage_taken":11,"max_hp_gain":0,"max_hp_loss":0,"event_name":"World of Goop","floor":3,"gold_loss":0},{"damage_healed":0,"gold_gain":0,"player_choice":"Ignored","damage_taken":0,"max_hp_gain":0,"max_hp_loss":0,"event_name":"Shining Light","floor":12,"gold_loss":0},{"damage_healed":0,"gold_gain":0,"player_choice":"Bought 0 Potions","damage_taken":0,"max_hp_gain":0,"max_hp_loss":0,"event_name":"The Woman in Blue","floor":13,"gold_loss":0},{"damage_healed":0,"gold_gain":0,"cards_transformed":["Strike_G"],"player_choice":"Transformed","damage_taken":0,"max_hp_gain":0,"max_hp_loss":0,"event_name":"Transmorgrifier","floor":19,"gold_loss":0,"cards_obtained":["Bane"]}],"is_beta":false,"boss_relics":[{"not_picked":["Runic Dome","Empty Cage"],"picked":"Velvet Choker"}],"items_purged_floors":[20],"is_endless":false,"potions_floor_spawned":[2,5,11,21,22],"killed_by":"Book of Stabbing","ascension_level":0}