{"gold_per_floor":[113,129,204,204,61,61,105,118,118,141,159,173,26,46,46,171,171,195,219,94,108,108,108,37,37,37,62,83,83],"floor_reached":29,"playtime":1157,"items_purged":["Strike_R","Strike_R","Strike_R"],"score":229,"play_id":"a1ff2fa2-8d6e-4484-bbaf-7fa93ef35f85","local_time":"20190122134607","is_ascension_mode":false,"campfire_choices":[{"floor":6,"key":"REST"},{"data":"Inflame","floor":15,"key":"SMITH"},{"floor":23,"key":"REST"},{"floor":25,"key":"REST"}],"neow_cost":"NONE","seed_source_timestamp":147035585562305,"circlet_count":0,"master_deck":["Strike_R","Strike_R","Defend_R","Defend_R+1","Defend_R","Defend_R","Bash","Cleave","Rampage","Inflame+1","Demon Form+1","Shrug It Off+1","Inflame+1","Evolve+1","Cleave","Pommel Strike","Feed","Carnage","Metallicize+1","Spot Weakness+1"],"relics":["Burning Blood","Art of War","Golden Idol","Frozen Egg 2","War Paint","Philosopher\u0027s Stone","MutagenicStrength","Dream Catcher","Blue Candle"],"potions_floor_usage":[16,16,21,29],"damage_taken":[{"damage":1,"enemies":"Cultist","floor":1,"turns":3},{"damage":4,"enemies":"Jaw Worm","floor":2,"turns":5},{"damage":24,"enemies":"Gremlin Nob","floor":7,"turns":4},{"damage":11,"enemies":"2 Louse","floor":8,"turns":3},{"damage":8,"enemies":"Exordium Wildlife","floor":10,"turns":5},{"damage":0,"enemies":"Lots of Slimes","floor":11,"turns":2},{"damage":13,"enemies":"3 Louse","floor":12,"turns":2},{"damage":5,"enemies":"Looter","floor":14,"turns":3},{"damage":39,"enemies":"The Guardian","floor":16,"turns":10},{"damage":28,"enemies":"2 Thieves","floor":18,"turns":4},{"damage":32,"enemies":"3 Byrds","floor":19,"turns":5},{"damage":44,"enemies":"Shelled Parasite and Fungi","floor":21,"turns":6},{"damage":34,"enemies":"Centurion and Healer","floor":27,"turns":5},{"damage":26,"enemies":"Sentry and Sphere","floor":28,"turns":6},{"damage":25,"enemies":"Slavers","floor":29,"turns":1}],"seed_played":"-1336958228617287599","potions_obtained":[{"floor":2,"key":"Strength Potion"},{"floor":7,"key":"FairyPotion"},{"floor":10,"key":"LiquidBronze"},{"floor":11,"key":"Block Potion"},{"floor":18,"key":"BloodPotion"},{"floor":27,"key":"Poison Potion"}],"is_trial":false,"path_per_floor":["M","M","?","?","$","R","E","M","T","M","M","M","$","M","R","B",null,"M","M","$","M","?","R","?","R","T","M","M","E"],"character_chosen":"IRONCLAD","items_purchased":["Inflame","Pommel Strike"],"campfire_rested":3,"item_purchase_floors":[5,13],"current_hp_per_floor":[80,80,69,49,49,73,55,50,50,48,54,47,47,48,48,15,80,58,32,32,14,14,38,38,62,62,34,14,0],"gold":83,"neow_bonus":"RANDOM_COMMON_RELIC","is_prod":false,"is_daily":false,"chose_seed":false,"campfire_upgraded":1,"win_rate":0,"timestamp":1548135967,"path_taken":["M","?","?","?","$","R","E","M","T","M","M","M","?","M","R","BOSS","M","?","$","M","?","R","?","R","T","?","M","E"],"build_version":"2019-01-17v2","purchased_purges":3,"victory":false,"max_hp_per_floor":[80,80,80,80,80,80,80,80,80,80,80,80,80,80,80,80,80,80,80,80,80,80,80,80,80,80,80,80,80],"card_choices":[{"not_picked":["Rage","Blood for Blood"],"picked":"Cleave","floor":1},{"not_picked":["Perfected Strike","Sever Soul"],"picked":"Rampage","floor":2},{"not_picked":["Pommel Strike","Wild Strike"],"picked":"Demon Form","floor":7},{"not_picked":["Ghostly Armor","Sentinel"],"picked":"Shrug It Off","floor":8},{"not_picked":["Flex","Shockwave"],"picked":"Inflame+1","floor":10},{"not_picked":["Rupture+1","Fire Breathing+1"],"picked":"Evolve+1","floor":11},{"not_picked":["Sword Boomerang","Second Wind"],"picked":"Cleave","floor":12},{"not_picked":["Rage","Flex","Evolve+1"],"picked":"SKIP","floor":14},{"not_picked":["Double Tap","Demon Form+1"],"picked":"Feed","floor":16},{"not_picked":["Perfected Strike","Headbutt"],"picked":"Carnage","floor":18},{"not_picked":["Pommel Strike","Warcry+1","Evolve+1"],"picked":"SKIP","floor":19},{"not_picked":["Pommel Strike","Wild Strike"],"picked":"Metallicize+1","floor":21},{"not_picked":["Inflame+1","Headbutt+1"],"picked":"Spot Weakness+1","floor":25},{"not_picked":["Evolve+1","Burning Pact","Searing Blow"],"picked":"SKIP","floor":27},{"not_picked":["Dark Embrace+1","Searing Blow","Ghostly Armor"],"picked":"SKIP","floor":28}],"player_experience":125407,"relics_obtained":[{"floor":7,"key":"Frozen Egg 2"},{"floor":9,"key":"War Paint"},{"floor":26,"key":"Blue Candle"}],"event_choices":[{"damage_healed":0,"gold_gain":75,"player_choice":"Gather Gold","damage_taken":11,"max_hp_gain":0,"max_hp_loss":0,"event_name":"World of Goop","floor":3,"gold_loss":0},{"damage_healed":0,"gold_gain":0,"player_choice":"Take Damage","damage_taken":20,"relics_obtained":["Golden Idol"],"max_hp_gain":0,"max_hp_loss":0,"event_name":"Golden Idol","floor":4,"gold_loss":0},{"damage_healed":0,"gold_gain":0,"player_choice":"Inject Mutagens","damage_taken":0,"relics_obtained":["MutagenicStrength"],"max_hp_gain":0,"max_hp_loss":0,"event_name":"Drug Dealer","floor":22,"gold_loss":0},{"damage_healed":0,"gold_gain":0,"player_choice":"Paid Gold","damage_taken":0,"relics_obtained":["Dream Catcher"],"max_hp_gain":0,"max_hp_loss":0,"event_name":"WeMeetAgain","floor":24,"gold_loss":71}],"is_beta":false,"boss_relics":[{"not_picked":["Velvet Choker","Busted Crown"],"picked":"Philosopher\u0027s Stone"}],"items_purged_floors":[5,13,20],"is_endless":false,"potions_floor_spawned":[2,7,10,11,18,27],"killed_by":"Slavers","ascension_level":0}