{"gold_per_floor":[109,184,194,194,213,213,244,261,286,298,4,4,37,48,48,153,153,153,153,6,6,6,6,6,6,6,6,6,6,6,6,6,6,6,6,6,6,6,6,6,6,6,6,6,6,6,6,6,6,6],"floor_reached":51,"playtime":4875,"items_purged":["Strike_R"],"score":1200,"play_id":"c2535881-ff00-415c-b5ff-bd64c67c0e2b","local_time":"20190131200322","is_ascension_mode":true,"campfire_choices":[{"data":"Bash","floor":6,"key":"SMITH"},{"data":"1","floor":10,"key":"LIFT"},{"floor":15,"key":"REST"},{"data":"2","floor":24,"key":"LIFT"},{"data":"3","floor":29,"key":"LIFT"},{"data":"Spot Weakness","floor":32,"key":"SMITH"},{"data":"Pommel Strike","floor":40,"key":"SMITH"},{"data":"Fiend Fire","floor":42,"key":"SMITH"},{"data":"Ghostly","floor":47,"key":"SMITH"},{"data":"Limit Break","floor":49,"key":"SMITH"}],"neow_cost":"NONE","seed_source_timestamp":330258298443600,"circlet_count":0,"master_deck":["AscendersBane","Defend_R","Defend_R","Defend_R","Defend_R","Bash+1","Corruption","Twin Strike","Hemokinesis+1","Ghostly Armor","Twin Strike","Battle Trance","Reaper","Spot Weakness+1","Ghostly+1","Ghostly","Ghostly","Ghostly","Ghostly","Whirlwind","Flame Barrier","Bite","Bite","Bite","Bite","Bite","Combust+1","Burning Pact+1","True Grit+1","Forethought","Limit Break+1","Pommel Strike+1","Pommel Strike","Warcry+1","Feel No Pain+1","Fiend Fire+1","Inflame+1"],"relics":["Burning Blood","Gremlin Horn","Girya","MawBank","Mercury Hourglass","Frozen Egg 2","Ectoplasm","Regal Pillow","PreservedInsect","Boot","Blue Candle","Snecko Eye","Potion Belt","Sundial","Dream Catcher","Anchor"],"potions_floor_usage":[3,7,13,16,16,25,33,33,50],"damage_taken":[{"damage":11,"enemies":"Small Slimes","floor":1,"turns":5},{"damage":7,"enemies":"Jaw Worm","floor":3,"turns":2},{"damage":9,"enemies":"2 Louse","floor":5,"turns":3},{"damage":40,"enemies":"3 Sentries","floor":7,"turns":10},{"damage":4,"enemies":"2 Fungi Beasts","floor":8,"turns":4},{"damage":15,"enemies":"Lagavulin","floor":13,"turns":7},{"damage":0,"enemies":"Gremlin Gang","floor":14,"turns":3},{"damage":9,"enemies":"Slime Boss","floor":16,"turns":6},{"damage":19,"enemies":"3 Byrds","floor":18,"turns":4},{"damage":4,"enemies":"Book of Stabbing","floor":23,"turns":5},{"damage":1,"enemies":"Slavers","floor":25,"turns":3},{"damage":5,"enemies":"Chosen","floor":27,"turns":4},{"damage":21,"enemies":"Book of Stabbing","floor":28,"turns":6},{"damage":2,"enemies":"Shelled Parasite and Fungi","floor":31,"turns":5},{"damage":27,"enemies":"Collector","floor":33,"turns":8},{"damage":2,"enemies":"3 Shapes","floor":35,"turns":5},{"damage":20,"enemies":"Orb Walker","floor":36,"turns":3},{"damage":2,"enemies":"Spire Growth","floor":37,"turns":3},{"damage":1,"enemies":"Transient","floor":39,"turns":5},{"damage":1,"enemies":"Nemesis","floor":41,"turns":5},{"damage":5,"enemies":"Giant Head","floor":44,"turns":6},{"damage":17,"enemies":"Jaw Worm Horde","floor":45,"turns":5},{"damage":2,"enemies":"Spire Growth","floor":46,"turns":4},{"damage":2,"enemies":"Transient","floor":48,"turns":5},{"damage":87,"enemies":"Time Eater","floor":50,"turns":9}],"seed_played":"3349833131197061398","potions_obtained":[{"floor":1,"key":"SkillPotion"},{"floor":3,"key":"FairyPotion"},{"floor":5,"key":"Strength Potion"},{"floor":13,"key":"PowerPotion"},{"floor":14,"key":"Poison Potion"},{"floor":18,"key":"Fire Potion"},{"floor":31,"key":"Strength Potion"},{"floor":33,"key":"GamblersBrew"},{"floor":37,"key":"Fire Potion"},{"floor":44,"key":"Swift Potion"},{"floor":46,"key":"GamblersBrew"},{"floor":48,"key":"FairyPotion"}],"is_trial":false,"path_per_floor":["M","?","M","T","M","R","E","M","T","R","$","?","E","M","R","B",null,"M","?","$","?","?","E","R","E","T","M","E","R","?","M","R","B",null,"M","M","M","T","M","R","E","R","T","E","M","M","R","M","R","B",null],"character_chosen":"IRONCLAD","items_purchased":["Mercury Hourglass","Block Potion","Whirlwind"],"campfire_rested":1,"item_purchase_floors":[11,11,20],"current_hp_per_floor":[75,64,63,63,60,60,26,28,28,28,28,28,19,25,51,48,78,71,44,44,44,30,30,30,30,30,30,25,25,1,23,23,29,30,30,18,26,26,30,30,30,30,30,30,30,30,30,30,30,11],"gold":6,"neow_bonus":"TEN_PERCENT_HP_BONUS","is_prod":false,"is_daily":false,"chose_seed":false,"campfire_upgraded":6,"win_rate":0,"timestamp":1548961402,"path_taken":["M","?","M","?","M","R","E","M","T","R","$","?","E","M","R","BOSS","M","?","$","?","?","E","R","E","T","M","E","R","?","M","R","BOSS","M","?","M","?","M","R","E","R","T","E","M","M","R","M","R","BOSS"],"build_version":"2019-01-23","purchased_purges":1,"victory":true,"max_hp_per_floor":[88,88,88,88,88,88,88,88,88,88,88,88,88,88,88,88,88,88,44,44,44,30,30,30,30,30,30,30,30,30,30,30,30,30,30,30,30,30,30,30,30,30,30,30,30,30,30,30,30,30],"card_choices":[{"not_picked":["Combust","Disarm"],"picked":"Corruption","floor":1},{"not_picked":["Clash","Fire Breathing"],"picked":"Twin Strike","floor":3},{"not_picked":["Havoc","Second Wind","Infernal Blade"],"picked":"SKIP","floor":5},{"not_picked":["Sentinel","Clash"],"picked":"Hemokinesis","floor":7},{"not_picked":["Dual Wield","Berserk"],"picked":"Ghostly Armor","floor":8},{"not_picked":["Headbutt","Clothesline"],"picked":"Twin Strike","floor":13},{"not_picked":["Heavy Blade","Twin Strike"],"picked":"Battle Trance","floor":14},{"not_picked":["Berserk+1","Impervious"],"picked":"Reaper","floor":16},{"not_picked":["Rage","Clothesline"],"picked":"Spot Weakness","floor":18},{"not_picked":["Reckless Charge","Rampage","Flex"],"picked":"SKIP","floor":23},{"not_picked":["Flex+1","Bloodletting"],"picked":"Combust+1","floor":25},{"not_picked":["Flex","Pommel Strike"],"picked":"Burning Pact+1","floor":27},{"not_picked":["Twin Strike","Evolve+1"],"picked":"True Grit+1","floor":28},{"not_picked":["Seeing Red","Combust+1","Cleave"],"picked":"SKIP","floor":31},{"not_picked":["Double Tap","Barricade+1"],"picked":"Limit Break","floor":33},{"not_picked":["True Grit+1","Headbutt"],"picked":"Pommel Strike","floor":35},{"not_picked":["Wild Strike","Headbutt"],"picked":"Pommel Strike","floor":36},{"not_picked":["Thunderclap+1","Twin Strike"],"picked":"Warcry+1","floor":37},{"not_picked":["Searing Blow","Wild Strike"],"picked":"Feel No Pain+1","floor":39},{"not_picked":["Wild Strike+1","Bloodletting"],"picked":"Fiend Fire","floor":41},{"not_picked":["Searing Blow","Evolve+1","Rage"],"picked":"SKIP","floor":44},{"not_picked":["Iron Wave+1","Sword Boomerang"],"picked":"Inflame+1","floor":45},{"not_picked":["Thunderclap+1","Twin Strike","Anger+1"],"picked":"SKIP","floor":46},{"not_picked":["Dual Wield+1","Dropkick","Twin Strike"],"picked":"SKIP","floor":48}],"player_experience":227124,"relics_obtained":[{"floor":4,"key":"Gremlin Horn"},{"floor":7,"key":"Girya"},{"floor":9,"key":"MawBank"},{"floor":13,"key":"Frozen Egg 2"},{"floor":23,"key":"Regal Pillow"},{"floor":25,"key":"PreservedInsect"},{"floor":26,"key":"Boot"},{"floor":28,"key":"Blue Candle"},{"floor":38,"key":"Potion Belt"},{"floor":41,"key":"Sundial"},{"floor":43,"key":"Dream Catcher"},{"floor":44,"key":"Anchor"}],"event_choices":[{"damage_healed":0,"gold_gain":75,"player_choice":"Gather Gold","damage_taken":11,"max_hp_gain":0,"max_hp_loss":0,"event_name":"World of Goop","floor":2,"gold_loss":0},{"damage_healed":0,"gold_gain":0,"player_choice":"Grow","damage_taken":0,"max_hp_gain":0,"max_hp_loss":0,"event_name":"Living Wall","floor":12,"gold_loss":0,"cards_upgraded":["Hemokinesis"]},{"damage_healed":0,"gold_gain":0,"player_choice":"Became a Ghost","damage_taken":0,"max_hp_gain":0,"max_hp_loss":44,"event_name":"Ghosts","floor":19,"gold_loss":0,"cards_obtained":["Ghostly","Ghostly","Ghostly","Ghostly","Ghostly"]},{"damage_healed":0,"gold_gain":0,"player_choice":"Read","damage_taken":0,"max_hp_gain":0,"max_hp_loss":0,"event_name":"The Library","floor":21,"gold_loss":0,"cards_obtained":["Flame Barrier"]},{"damage_healed":0,"gold_gain":0,"player_choice":"Became a vampire","damage_taken":0,"max_hp_gain":0,"max_hp_loss":14,"event_name":"Vampires","floor":22,"gold_loss":0,"cards_obtained":["Bite","Bite","Bite","Bite","Bite"]},{"damage_healed":0,"gold_gain":0,"player_choice":"CARD POTION POTION ","damage_taken":24,"max_hp_gain":0,"max_hp_loss":0,"event_name":"Knowing Skull","floor":30,"potions_obtained":["Block Potion","LiquidBronze"],"gold_loss":0,"cards_obtained":["Forethought"]}],"is_beta":false,"boss_relics":[{"not_picked":["Black Blood","Orrery"],"picked":"Ectoplasm"},{"not_picked":["Fusion Hammer","Lizard Tail"],"picked":"Snecko Eye"}],"items_purged_floors":[20],"is_endless":false,"potions_floor_spawned":[1,3,5,13,14,18,31,33,37,44,46,48],"ascension_level":10}