{"gold_per_floor":[115,126,126,126,138,171,171,183,183,183,248,263,47,61,61,157,157,177,177,188,74,87,116,116,148,148,160,160,193,193,206,206,305,335,353,353,232,232,243,270,270,0,0,0,13,27,27,27,27,27],"floor_reached":51,"playtime":3792,"items_purged":[],"score":832,"play_id":"4781fc67-fb42-493f-bd07-5c4d7f46eee8","local_time":"20180702145608","is_ascension_mode":true,"campfire_choices":[{"data":"Storm","floor":7,"key":"SMITH"},{"floor":10,"key":"REST"},{"floor":15,"key":"REST"},{"floor":24,"key":"REST"},{"floor":28,"key":"REST"},{"floor":32,"key":"REST"},{"floor":41,"key":"REST"},{"floor":44,"key":"REST"},{"data":"Static Discharge","floor":49,"key":"SMITH"}],"neow_cost":"NONE","seed_source_timestamp":10174602239192,"circlet_count":0,"master_deck":["Defend_B","Defend_B","Defend_B","Defend_B","Zap+1","Dualcast","White Noise","Redo+1","Turbo","Conserve Battery","Storm+1","Auto Shields","Seek","Consume","Static Discharge+1","Conserve Battery","Defragment+1","Amplify","Storm+1","Machine Learning+1","Auto Shields+1","Gash","Go for the Eyes","Mind Blast","Undo","Biased Cognition+1","Hologram+1","BootSequence+1","Conserve Battery","BootSequence","Loop+1","Echo Form+1","Turbo","Conserve Battery+1","Undo+1","Redo+1","Heatsinks+1","Turbo","Hello World+1","Capacitor+1","Go for the Eyes"],"relics":["Cracked Core","DataDisk","Question Card","Meat on the Bone","Tiny Chest","Dream Catcher","Astrolabe","The Courier","Bag of Preparation","Bottled Lightning","Frozen Egg 2","Bag of Marbles","Mummified Hand","Tiny House","War Paint","Prayer Wheel","Red Mask","Gremlin Horn","Shuriken"],"potions_floor_usage":[2,6,6,11,16,16,25,35,40,50],"damage_taken":[{"damage":6,"enemies":"2 Louse","floor":1,"turns":3},{"damage":3,"enemies":"Jaw Worm","floor":2,"turns":3},{"damage":0,"enemies":"Small Slimes","floor":5,"turns":3},{"damage":15,"enemies":"3 Sentries","floor":6,"turns":7},{"damage":6,"enemies":"2 Fungi Beasts","floor":8,"turns":3},{"damage":14,"enemies":"Gremlin Nob","floor":11,"turns":4},{"damage":7,"enemies":"Exordium Wildlife","floor":12,"turns":6},{"damage":6,"enemies":"Exordium Thugs","floor":14,"turns":4},{"damage":24,"enemies":"Slime Boss","floor":16,"turns":8},{"damage":0,"enemies":"Spheric Guardian","floor":18,"turns":3},{"damage":0,"enemies":"Chosen","floor":20,"turns":3},{"damage":26,"enemies":"Slaver and Parasite","floor":22,"turns":4},{"damage":26,"enemies":"Book of Stabbing","floor":23,"turns":4},{"damage":47,"enemies":"Slavers","floor":25,"turns":4},{"damage":1,"enemies":"Snake Plant","floor":27,"turns":3},{"damage":8,"enemies":"Gremlin Leader","floor":29,"turns":4},{"damage":3,"enemies":"Centurion and Healer","floor":31,"turns":4},{"damage":11,"enemies":"Automaton","floor":33,"turns":10},{"damage":0,"enemies":"3 Shapes","floor":35,"turns":3},{"damage":0,"enemies":"Orb Walker","floor":39,"turns":2},{"damage":13,"enemies":"Nemesis","floor":40,"turns":3},{"damage":1,"enemies":"3 Darklings","floor":45,"turns":2},{"damage":0,"enemies":"4 Shapes","floor":46,"turns":2},{"damage":0,"enemies":"Donu and Deca","floor":50,"turns":5}],"seed_played":"7235838357045478922","potions_obtained":[{"floor":1,"key":"GamblersBrew"},{"floor":2,"key":"Block Potion"},{"floor":4,"key":"Fire Potion"},{"floor":4,"key":"PowerPotion"},{"floor":11,"key":"SteroidPotion"},{"floor":14,"key":"FearPotion"},{"floor":20,"key":"FearPotion"},{"floor":29,"key":"Block Potion"},{"floor":31,"key":"SpeedPotion"},{"floor":33,"key":"Explosive Potion"},{"floor":34,"key":"SmokeBomb"},{"floor":35,"key":"SkillPotion"}],"is_trial":false,"path_per_floor":["M","M","?","?","M","E","R","M","T","R","E","M","$","M","R","B",null,"M","T","M","$","M","E","R","E","T","M","R","E","T","M","R","B",null,"M","?","$","?","M","E","R","?","T","R","M","M","T","$","R","B"],"character_chosen":"DEFECT","items_purchased":["Static Discharge","Dream Catcher","Mind Blast","Undo","War Paint"],"campfire_rested":7,"item_purchase_floors":[13,13,21,21,37],"current_hp_per_floor":[69,66,66,66,66,51,51,45,45,67,60,53,53,47,69,45,75,75,75,75,75,49,35,57,22,22,33,55,47,47,44,66,55,80,80,80,80,80,80,67,80,80,80,80,79,79,79,79,79,79],"gold":27,"neow_bonus":"RANDOM_COMMON_RELIC","is_prod":false,"is_daily":false,"chose_seed":false,"campfire_upgraded":2,"win_rate":0,"timestamp":1530557768,"path_taken":["M","M","?","?","M","E","R","M","T","R","E","?","$","M","R","BOSS","M","?","M","$","M","E","R","E","T","M","R","E","?","M","R","BOSS","M","?","$","?","M","E","R","?","T","R","M","M","?","$","R","BOSS"],"build_version":"2018-06-28","purchased_purges":0,"victory":true,"max_hp_per_floor":[75,75,75,75,75,75,75,75,75,75,75,75,75,75,75,75,75,75,75,75,75,75,75,75,75,75,75,75,75,75,75,75,75,80,80,80,80,80,80,80,80,80,80,80,80,80,80,80,80,80],"card_choices":[{"not_picked":["Hologram","Force Field"],"picked":"White Noise","floor":1},{"not_picked":["Darkness","Compile Driver"],"picked":"Redo","floor":2},{"not_picked":["Stack","BootSequence"],"picked":"Conserve Battery","floor":5},{"not_picked":["Melter","Coolheaded"],"picked":"Storm","floor":6},{"not_picked":["Double Energy","Self Repair","Leap"],"picked":"Auto Shields","floor":8},{"not_picked":["Sweeping Beam","Turbo","Darkness"],"picked":"Seek","floor":11},{"not_picked":["Barrage","Melter","Skim"],"picked":"Consume","floor":12},{"not_picked":["Darkness","Aggregate","Skim"],"picked":"Conserve Battery","floor":14},{"not_picked":["BootSequence","Hologram","Barrage"],"picked":"Defragment","floor":15},{"not_picked":["Biased Cognition","Seek","Rainbow"],"picked":"Amplify","floor":16},{"not_picked":["Coolheaded","Cold Snap","Darkness"],"picked":"Gash","floor":18},{"not_picked":["Beam Cell","Compile Driver","Conserve Battery"],"picked":"Go for the Eyes","floor":20},{"not_picked":["Hologram","Cold Snap","Streamline","Compile Driver+1"],"picked":"SKIP","floor":22},{"not_picked":["Recycle","Beam Cell+1","Steam"],"picked":"Biased Cognition","floor":23},{"not_picked":["Rebound","Sweeping Beam","Lockon"],"picked":"Hologram+1","floor":24},{"not_picked":["Storm","Skim","Glacier"],"picked":"BootSequence+1","floor":25},{"not_picked":["Cold Snap+1","Chaos","Reprogram+1"],"picked":"Conserve Battery","floor":27},{"not_picked":["Undo","Sweeping Beam","Heatsinks+1"],"picked":"BootSequence","floor":28},{"not_picked":["Force Field","Darkness","Sweeping Beam"],"picked":"Loop+1","floor":29},{"not_picked":["Streamline","Coolheaded","Barrage"],"picked":"BootSequence","floor":31},{"not_picked":["Multi-Cast","All For One","Amplify"],"picked":"Echo Form+1","floor":33},{"not_picked":["Coolheaded","Cold Snap","Lockon"],"picked":"Turbo","floor":34},{"not_picked":["Sweeping Beam+1","Glacier+1","Consume"],"picked":"Conserve Battery+1","floor":35},{"not_picked":["Rebound","BootSequence","Melter+1"],"picked":"Undo+1","floor":39},{"not_picked":["Reprogram","Hologram","Coolheaded+1"],"picked":"Redo+1","floor":40},{"not_picked":["Fusion+1","Auto Shields+1","Barrage+1"],"picked":"Heatsinks+1","floor":44},{"not_picked":["Melter","BootSequence","Sweeping Beam+1"],"picked":"Turbo","floor":45},{"not_picked":["Leap","Steam Power+1","Cold Snap+1"],"picked":"Hello World+1","floor":45},{"not_picked":["Melter","Cold Snap+1","Machine Learning+1"],"picked":"Capacitor+1","floor":46},{"not_picked":["Reprogram","Steam","Rebound"],"picked":"Go for the Eyes","floor":46}],"player_experience":188103,"relics_obtained":[{"floor":6,"key":"Question Card"},{"floor":9,"key":"Meat on the Bone"},{"floor":11,"key":"Tiny Chest"},{"floor":19,"key":"The Courier"},{"floor":23,"key":"Bag of Preparation"},{"floor":25,"key":"Bottled Lightning"},{"floor":26,"key":"Frozen Egg 2"},{"floor":29,"key":"Bag of Marbles"},{"floor":30,"key":"Mummified Hand"},{"floor":40,"key":"Prayer Wheel"},{"floor":43,"key":"Gremlin Horn"},{"floor":47,"key":"Shuriken"}],"event_choices":[{"event_name":"Living Wall","player_choice":"Change","floor":3,"damage_taken":0},{"event_name":"The Lab","player_choice":"Got Potions","floor":4,"damage_taken":0},{"event_name":"Falling","player_choice":"Removed Skill","floor":36,"damage_taken":0},{"event_name":"Accursed Blacksmith","player_choice":"Forge","floor":38,"damage_taken":0},{"event_name":"Tomb of Lord Red Mask","player_choice":"Paid","floor":42,"damage_taken":0}],"boss_relics":[{"not_picked":["Snecko Eye","Black Star"],"picked":"Astrolabe"},{"not_picked":["Cursed Key","White Beast Statue"],"picked":"Tiny House"}],"items_purged_floors":[],"is_endless":false,"potions_floor_spawned":[1,2,11,14,20,29,31,33,35],"ascension_level":1}