{"gold_per_floor":[119,44,62,78,78,105,105,119,119,147,167,24,24,81,81,178,178,193,213,213,133,143,143,190,190,190,95,127,127,138,156,156,254,254,267,287,27,38,38,38,69,69,94,119,119,137,77,90,90,90],"floor_reached":51,"playtime":3046,"items_purged":["Strike_B"],"score":937,"play_id":"da37ce07-85df-464e-9157-04b74765c321","local_time":"20180713094611","is_ascension_mode":true,"campfire_choices":[{"data":"Electrodynamics","floor":7,"key":"SMITH"},{"data":"Buffer","floor":15,"key":"SMITH"},{"data":"Storm","floor":23,"key":"SMITH"},{"data":"Thunder Strike","floor":29,"key":"SMITH"},{"data":"Mind Blast","floor":32,"key":"SMITH"},{"floor":40,"key":"REST"},{"data":"Creative AI","floor":42,"key":"SMITH"},{"data":"Zap","floor":45,"key":"SMITH"},{"data":"Amplify","floor":49,"key":"SMITH"}],"neow_cost":"TEN_PERCENT_HP_LOSS","seed_source_timestamp":0,"circlet_count":0,"master_deck":["Strike_B","Defend_B","Defend_B","Defend_B","Zap+1","Dualcast","Electrodynamics+1","Lockon","Leap","Steam","Stack","Cold Snap","Buffer+1","Self Repair","Melter","Thunder Strike+1","Leap","Self Repair","Storm+1","Mind Blast+1","Turbo","Steam+1","Creative AI+1","Ball Lightning+1","Skim+1","Rebound+1","Storm+1","Hologram","Force Field","Amplify+1"],"special_seed":0,"relics":["Cracked Core","DataDisk","Bag of Marbles","Cables","Oddly Smooth Stone","Tiny Chest","Nuclear Battery","Potion Belt","Mummified Hand","The Courier","Lizard Tail","Anchor","Bag of Preparation","Bottled Tornado","Lantern","Ancient Tea Set"],"potions_floor_usage":[16,22,30,33,41,48,48],"damage_taken":[{"damage":1,"enemies":"Cultist","floor":1,"turns":3},{"damage":0,"enemies":"Small Slimes","floor":3,"turns":2},{"damage":1,"enemies":"2 Louse","floor":4,"turns":2},{"damage":2,"enemies":"3 Sentries","floor":6,"turns":4},{"damage":2,"enemies":"Looter","floor":8,"turns":2},{"damage":11,"enemies":"Lagavulin","floor":10,"turns":6},{"damage":4,"enemies":"Blue Slaver","floor":11,"turns":2},{"damage":17,"enemies":"Hexaghost","floor":16,"turns":11},{"damage":5,"enemies":"2 Thieves","floor":18,"turns":2},{"damage":0,"enemies":"3 Byrds","floor":19,"turns":1},{"damage":9,"enemies":"Snecko","floor":22,"turns":4},{"damage":13,"enemies":"Gremlin Leader","floor":28,"turns":5},{"damage":0,"enemies":"Chosen and Byrds","floor":30,"turns":2},{"damage":14,"enemies":"Centurion and Healer","floor":31,"turns":4},{"damage":0,"enemies":"Automaton","floor":33,"turns":6},{"damage":37,"enemies":"3 Darklings","floor":35,"turns":4},{"damage":0,"enemies":"Flame Bruiser 1 Orb","floor":36,"turns":2},{"damage":0,"enemies":"3 Darklings","floor":38,"turns":1},{"damage":3,"enemies":"Giant Head","floor":41,"turns":6},{"damage":0,"enemies":"2 Orb Walkers","floor":44,"turns":2},{"damage":0,"enemies":"4 Shapes","floor":46,"turns":1},{"damage":0,"enemies":"Transient","floor":48,"turns":5},{"damage":7,"enemies":"Donu and Deca","floor":50,"turns":5}],"seed_played":"2465304924600787946","potions_obtained":[{"floor":3,"key":"Swift Potion"},{"floor":4,"key":"GamblersBrew"},{"floor":10,"key":"Block Potion"},{"floor":28,"key":"Poison Potion"},{"floor":31,"key":"SpeedPotion"},{"floor":36,"key":"Energy Potion"},{"floor":41,"key":"Fire Potion"},{"floor":44,"key":"SkillPotion"}],"is_trial":false,"path_per_floor":["M","$","M","M","?","E","R","M","T","E","M","$","?","T","R","B",null,"M","M","?","$","M","R","T","?","T","$","E","R","M","M","R","B",null,"M","M","$","M","?","R","E","R","T","E","R","M","$","M","R","B"],"character_chosen":"DEFECT","items_purchased":["Oddly Smooth Stone","Self Repair","Mind Blast","Anchor","Bag of Preparation","Force Field"],"campfire_rested":1,"item_purchase_floors":[12,21,27,37,37,47],"current_hp_per_floor":[67,67,67,66,66,64,64,62,62,51,54,54,54,54,54,37,68,63,63,68,68,68,68,68,68,68,68,68,68,68,68,68,68,68,45,52,52,59,59,68,68,68,68,68,68,68,68,68,68,68],"gold":90,"neow_bonus":"TRANSFORM_TWO_CARDS","is_prod":false,"is_daily":false,"chose_seed":false,"campfire_upgraded":8,"win_rate":0,"timestamp":1531489571,"path_taken":["M","$","M","?","?","E","R","M","T","E","M","$","?","?","R","BOSS","M","?","?","$","M","R","?","?","T","$","E","R","M","M","R","BOSS","M","M","$","M","?","R","E","R","T","E","R","M","$","M","R","BOSS"],"build_version":"2018-07-12","purchased_purges":1,"victory":true,"max_hp_per_floor":[68,68,68,68,68,68,68,68,68,68,68,68,68,68,68,68,68,68,68,68,68,68,68,68,68,68,68,68,68,68,68,68,68,68,68,68,68,68,68,68,68,68,68,68,68,68,68,68,68,68],"card_choices":[{"not_picked":["Streamline","Chaos"],"picked":"Leap","floor":1},{"not_picked":["Chill","Gash"],"picked":"Steam","floor":3},{"not_picked":["Steam Power","Compile Driver"],"picked":"Stack","floor":4},{"not_picked":["Barrage","Gash"],"picked":"Buffer","floor":6},{"not_picked":["Coolheaded","Compile Driver","Meteor Strike"],"picked":"SKIP","floor":8},{"not_picked":["Hologram","Ball Lightning"],"picked":"Self Repair","floor":10},{"not_picked":["Stack","Redo"],"picked":"Melter","floor":11},{"not_picked":["Amplify","Hyperbeam"],"picked":"Thunder Strike","floor":16},{"not_picked":["Melter","Sweeping Beam"],"picked":"Chaos","floor":18},{"not_picked":["Beam Cell","Compile Driver"],"picked":"Leap","floor":19},{"not_picked":["Compile Driver","Hello World"],"picked":"Storm","floor":22},{"not_picked":["Biased Cognition","Gash"],"picked":"Turbo","floor":28},{"not_picked":["Gash","Capacitor"],"picked":"Steam+1","floor":30},{"not_picked":["Barrage+1","Coolheaded+1","Leap"],"picked":"SKIP","floor":31},{"not_picked":["Fission","Echo Form"],"picked":"Creative AI","floor":33},{"not_picked":["Reinforced Body+1","Sunder"],"picked":"Ball Lightning+1","floor":35},{"not_picked":["Barrage+1","Self Repair"],"picked":"Skim+1","floor":36},{"not_picked":["Barrage","Rip and Tear+1"],"picked":"Rebound+1","floor":38},{"not_picked":["Fission","Leap","Compile Driver+1"],"picked":"SKIP","floor":41},{"not_picked":["Undo","Creative AI"],"picked":"Hologram","floor":44},{"not_picked":["Redo+1","Barrage","Coolheaded"],"picked":"SKIP","floor":46},{"not_picked":["Blizzard+1","Streamline+1"],"picked":"Amplify","floor":48}],"player_experience":339141,"relics_obtained":[{"floor":6,"key":"DataDisk"},{"floor":9,"key":"Bag of Marbles"},{"floor":10,"key":"Cables"},{"floor":14,"key":"Tiny Chest"},{"floor":24,"key":"Potion Belt"},{"floor":26,"key":"Mummified Hand"},{"floor":28,"key":"The Courier"},{"floor":41,"key":"Bottled Tornado"},{"floor":43,"key":"Lantern"},{"floor":44,"key":"Ancient Tea Set"}],"event_choices":[{"event_name":"Living Wall","player_choice":"Change","floor":5,"damage_taken":0},{"event_name":"The Cleric","player_choice":"Leave","floor":13,"damage_taken":0},{"event_name":"Bonfire Elementals","player_choice":"UNCOMMON","floor":20,"damage_taken":0},{"event_name":"Vampires","player_choice":"Ignored","floor":25,"damage_taken":0},{"event_name":"Duplicator","player_choice":"One dupe","floor":39,"damage_taken":0}],"boss_relics":[{"not_picked":["Runic Pyramid","Cursed Key"],"picked":"Nuclear Battery"},{"not_picked":["Philosopher\u0027s Stone","Tiny House"],"picked":"Lizard Tail"}],"items_purged_floors":[2],"is_endless":false,"potions_floor_spawned":[3,4,10,28,31,36,41,44],"ascension_level":4}