{"gold_per_floor":[114,131,131,142,153,184,184,184,207,231,231,251,176,176],"floor_reached":14,"playtime":535,"items_purged":["Strike_G"],"score":92,"play_id":"8a5e3734-8ccc-4245-96f4-0bd9665a9933","local_time":"20181006000927","is_ascension_mode":false,"campfire_choices":[{"data":"Neutralize","floor":7,"key":"SMITH"},{"data":"Crippling Poison","floor":11,"key":"SMITH"}],"neow_cost":"NONE","seed_source_timestamp":1863385920932975,"circlet_count":0,"master_deck":["Defend_G","Defend_G","Defend_G","Defend_G","Defend_G","Strike_G","Strike_G","Strike_G","Strike_G","Survivor","Neutralize+1","Doppelganger","Crippling Poison+1","Slice","Sucker Punch","Flying Knee","Bane","Well Laid Plans","Prepared"],"special_seed":0,"relics":["Ring of the Snake","Potion Belt","Strawberry","Golden Idol","Happy Flower"],"potions_floor_usage":[14,14],"damage_taken":[{"damage":0.0,"enemies":"2 Louse","floor":1.0,"turns":4.0},{"damage":0.0,"enemies":"Jaw Worm","floor":2.0,"turns":5.0},{"damage":0.0,"enemies":"Cultist","floor":4.0,"turns":4.0},{"damage":1,"enemies":"Blue Slaver","floor":5,"turns":6},{"damage":23,"enemies":"3 Sentries","floor":6,"turns":11},{"damage":6,"enemies":"3 Louse","floor":10,"turns":5},{"damage":12,"enemies":"Exordium Thugs","floor":12,"turns":2},{"damage":13,"enemies":"Lagavulin","floor":14,"turns":3}],"seed_played":"6817862384102978993","potions_obtained":[{"floor":1.0,"key":"Poison Potion"},{"floor":2.0,"key":"Poison Potion"},{"floor":4,"key":"Strength Potion"},{"floor":6,"key":"Strength Potion"}],"is_trial":false,"path_per_floor":["M","M","?","M","M","E","R","?","T","M","R","M","$"],"character_chosen":"THE_SILENT","items_purchased":[],"campfire_rested":0,"item_purchase_floors":[],"current_hp_per_floor":[70,70,58,58,57,41,41,22,22,16,16,4,4,0],"gold":176,"neow_bonus":"ONE_RANDOM_RARE_CARD","is_prod":false,"is_daily":false,"chose_seed":false,"campfire_upgraded":2,"win_rate":0,"timestamp":1538780967,"path_taken":["M","M","?","M","M","E","R","?","T","M","R","?","$","E"],"build_version":"2018-10-04","purchased_purges":1,"victory":false,"max_hp_per_floor":[70,70,70,70,70,77,77,77,77,77,77,77,77,77],"card_choices":[{"not_picked":["Noxious Fumes","Backflip"],"picked":"Crippling Poison","floor":1.0},{"not_picked":["Deflect","Flechettes"],"picked":"Slice","floor":2.0},{"not_picked":["Noxious Fumes","Grand Finale"],"picked":"Sucker Punch","floor":4},{"not_picked":["PiercingWail","Finisher"],"picked":"Flying Knee","floor":5},{"not_picked":["Flying Knee","Distraction"],"picked":"Bane","floor":6},{"not_picked":["Flying Knee","Sucker Punch"],"picked":"Well Laid Plans","floor":10},{"not_picked":["Sucker Punch","PiercingWail"],"picked":"Prepared","floor":12}],"player_experience":674891,"relics_obtained":[{"floor":6,"key":"Strawberry"},{"floor":9,"key":"Happy Flower"}],"event_choices":[{"event_name":"Scrap Ooze","player_choice":"success","floor":3.0,"damage_taken":12.0},{"event_name":"Golden Idol","player_choice":"Take Damage","floor":8,"damage_taken":0}],"is_beta":false,"boss_relics":[],"items_purged_floors":[13],"is_endless":false,"potions_floor_spawned":[1,2,4,6],"killed_by":"Lagavulin","ascension_level":0}