{"gold_per_floor":[114,40,50,63,78,78,28,28,28,72,84,111,135,158,170,280,292,315,343,199,211,211,246,246,256,283,283,283,303,315,327,327,429,429,442,392,492,506,506,506,506,506,506,525,539,555,555,555,555,555],"floor_reached":51,"playtime":1761,"items_purged":["Strike_B"],"score":690,"play_id":"0f4a21e0-0b67-4a72-bb8f-08704583daa1","local_time":"20181218231343","is_ascension_mode":false,"campfire_choices":[{"data":"Defragment","floor":6.0,"key":"SMITH"},{"data":"Dualcast","floor":8.0,"key":"SMITH"},{"data":"Zap","floor":11.0,"key":"SMITH"},{"data":"Melter","floor":15.0,"key":"SMITH"},{"data":"Go for the Eyes","floor":24.0,"key":"SMITH"},{"data":"Capacitor","floor":27.0,"key":"SMITH"},{"floor":32.0,"key":"REST"},{"data":"Conserve Battery","floor":40,"key":"SMITH"},{"data":"Jack Of All Trades","floor":42,"key":"SMITH"},{"data":"Undo","floor":47,"key":"SMITH"},{"floor":49,"key":"REST"}],"neow_cost":"NONE","seed_source_timestamp":0,"circlet_count":0,"master_deck":["Strike_B","Defend_B","Defend_B","Defend_B","Zap+1","Dualcast+1","Melter+1","Go for the Eyes+1","Defragment+1","Conserve Battery+1","Rainbow+1","FTL+1","Darkness+1","Ball Lightning+1","Coolheaded+1","Chill","Capacitor+1","Loop+1","Conserve Battery+1","Undo+1","Jack Of All Trades+1"],"special_seed":0,"relics":["Cracked Core","MawBank","Astrolabe","War Paint","Symbiotic Virus","Smiling Mask","Philosopher\u0027s Stone","WingedGreaves","Mummified Hand"],"potions_floor_usage":[50,50,50],"damage_taken":[{"damage":1.0,"enemies":"Cultist","floor":1.0,"turns":3.0},{"damage":6.0,"enemies":"Jaw Worm","floor":3.0,"turns":3.0},{"damage":2.0,"enemies":"Small Slimes","floor":4.0,"turns":3.0},{"damage":4.0,"enemies":"Blue Slaver","floor":5.0,"turns":4.0},{"damage":4.0,"enemies":"2 Fungi Beasts","floor":10.0,"turns":3.0},{"damage":8.0,"enemies":"Gremlin Gang","floor":12.0,"turns":5.0},{"damage":12.0,"enemies":"Large Slime","floor":13.0,"turns":5.0},{"damage":5.0,"enemies":"2 Fungi Beasts","floor":14.0,"turns":3.0},{"damage":15.0,"enemies":"Slime Boss","floor":16.0,"turns":9.0},{"damage":0.0,"enemies":"Spheric Guardian","floor":18.0,"turns":2.0},{"damage":11.0,"enemies":"Shell Parasite","floor":19.0,"turns":4.0},{"damage":0.0,"enemies":"Chosen and Byrds","floor":21.0,"turns":5.0},{"damage":15.0,"enemies":"Slavers","floor":23.0,"turns":5.0},{"damage":0.0,"enemies":"Snecko","floor":25.0,"turns":4.0},{"damage":7.0,"enemies":"Shelled Parasite and Fungi","floor":29.0,"turns":4.0},{"damage":19.0,"enemies":"Snake Plant","floor":30.0,"turns":3.0},{"damage":1.0,"enemies":"Chosen and Byrds","floor":31.0,"turns":6.0},{"damage":21,"enemies":"Champ","floor":33,"turns":9},{"damage":0,"enemies":"3 Shapes","floor":35,"turns":6},{"damage":0,"enemies":"Mind Bloom Boss Battle","floor":37,"turns":6},{"damage":9,"enemies":"3 Darklings","floor":38,"turns":7},{"damage":5,"enemies":"4 Shapes","floor":44,"turns":7},{"damage":15,"enemies":"Writhing Mass","floor":45,"turns":7},{"damage":17,"enemies":"3 Darklings","floor":46,"turns":6},{"damage":17,"enemies":"Time Eater","floor":50,"turns":10}],"seed_played":"2506409314841427728","potions_obtained":[{"floor":1.0,"key":"PowerPotion"},{"floor":3.0,"key":"Ancient Potion"},{"floor":5.0,"key":"Block Potion"},{"floor":25.0,"key":"EssenceOfSteel"},{"floor":31.0,"key":"SkillPotion"},{"floor":46,"key":"PowerPotion"}],"is_trial":false,"path_per_floor":["M","$","M","M","M","M","R","$","R","T","M","M","R","M","M","M","R","B",null,"M","M","$","M","$","E","R","M","T","R","?","M","M","M","R","B",null,"M","$","?","M","?","R","?","R","T","M","M","M","R","?","R","B",null],"character_chosen":"DEFECT","items_purchased":["Defragment","Conserve Battery","War Paint"],"campfire_rested":2,"item_purchase_floors":[2,7,20],"current_hp_per_floor":[74,74,68,66,62,62,62,62,62,58,58,50,38,33,33,18,75,75,64,64,64,64,49,49,49,49,49,35,28,9,8,32,11,80,80,80,80,71,71,71,71,71,71,66,51,34,34,34,58,41],"gold":555,"neow_bonus":"THREE_CARDS","is_prod":false,"is_daily":false,"chose_seed":false,"campfire_upgraded":9,"win_rate":0,"timestamp":1545174823,"path_taken":["M","$","?","M","M","R","$","R","T","M","R","M","M","M","R","BOSS","M","M","$","M","$","E","R","M","T","R","?","M","M","M","R","BOSS","M","$","?","M","?","R","?","R","T","M","M","M","R","?","R","BOSS"],"build_version":"2018-12-13","purchased_purges":1,"victory":true,"max_hp_per_floor":[75,75,75,75,75,75,75,75,75,75,75,75,75,75,75,75,75,75,75,75,75,75,75,75,75,75,75,80,80,80,80,80,80,80,80,80,80,80,80,80,80,80,80,80,80,80,80,80,80,80],"card_choices":[{"not_picked":["Steam","Redo"],"picked":"Melter","floor":0.0},{"not_picked":["Melter","Recycle"],"picked":"Go for the Eyes","floor":1.0},{"not_picked":["Tempest","Steam","Skim"],"picked":"SKIP","floor":3.0},{"not_picked":["Hologram","Streamline","Sweeping Beam"],"picked":"SKIP","floor":4.0},{"not_picked":["Go for the Eyes","Consume","Self Repair"],"picked":"SKIP","floor":5.0},{"not_picked":["Steam","Turbo","Hello World"],"picked":"SKIP","floor":10.0},{"not_picked":["Hello World","Genetic Algorithm"],"picked":"Cold Snap","floor":12.0},{"not_picked":["Cold Snap","Barrage","Turbo"],"picked":"SKIP","floor":13.0},{"not_picked":["Conserve Battery","Gash","Beam Cell"],"picked":"SKIP","floor":14.0},{"not_picked":["Buffer","Core Surge"],"picked":"Rainbow","floor":16.0},{"not_picked":["Steam","Go for the Eyes+1","Rip and Tear+1"],"picked":"SKIP","floor":18.0},{"not_picked":["Steam Power","Turbo"],"picked":"Coolheaded+1","floor":19.0},{"not_picked":["Cold Snap","Redo"],"picked":"Chill","floor":21.0},{"not_picked":["Reprogram","Compile Driver+1","Go for the Eyes"],"picked":"SKIP","floor":23.0},{"not_picked":["Storm","Melter"],"picked":"Capacitor","floor":25.0},{"not_picked":["Gash+1","Hologram+1"],"picked":"Loop+1","floor":29.0},{"not_picked":["Steam+1","Stack+1"],"picked":"Conserve Battery","floor":30.0},{"not_picked":["Ball Lightning","Stack","Compile Driver"],"picked":"SKIP","floor":31.0},{"not_picked":["Leap","Compile Driver","Rebound"],"picked":"SKIP","floor":35},{"not_picked":["Coolheaded","FTL"],"picked":"Undo","floor":37},{"not_picked":["Beam Cell+1","Leap","BootSequence"],"picked":"SKIP","floor":38},{"not_picked":["Dramatic Entrance","HandOfGreed"],"picked":"Jack Of All Trades","floor":41},{"not_picked":["Static Discharge+1","Turbo+1","Gash+1"],"picked":"SKIP","floor":44},{"not_picked":["Redo","Reprogram+1","Coolheaded"],"picked":"SKIP","floor":45},{"not_picked":["Beam Cell","BootSequence","Stack"],"picked":"SKIP","floor":46}],"player_experience":893280,"relics_obtained":[{"floor":9.0,"key":"MawBank"},{"floor":23.0,"key":"Symbiotic Virus"},{"floor":26.0,"key":"Smiling Mask"},{"floor":37,"key":"WingedGreaves"},{"floor":43,"key":"Mummified Hand"}],"event_choices":[{"damage_healed":0.0,"max_hp_gain":5.0,"max_hp_loss":0.0,"gold_gain":0.0,"event_name":"Forgotten Altar","player_choice":"Shed Blood","floor":28.0,"gold_loss":0.0,"damage_taken":19.0},{"damage_healed":0,"gold_gain":0,"player_choice":"Fight","damage_taken":0,"max_hp_gain":0,"max_hp_loss":0,"event_name":"MindBloom","floor":37,"gold_loss":0},{"cards_removed":["Cold Snap"],"damage_healed":0,"gold_gain":0,"player_choice":"Removed Attack","damage_taken":0,"max_hp_gain":0,"max_hp_loss":0,"event_name":"Falling","floor":39,"gold_loss":0},{"damage_healed":0,"gold_gain":0,"player_choice":"Memory 1","damage_taken":0,"max_hp_gain":0,"max_hp_loss":0,"event_name":"SensoryStone","floor":41,"gold_loss":0},{"damage_healed":0,"gold_gain":0,"player_choice":"Ignored","damage_taken":0,"max_hp_gain":0,"max_hp_loss":0,"event_name":"Mysterious Sphere","floor":48,"gold_loss":0}],"is_beta":false,"boss_relics":[{"not_picked":["White Beast Statue","Sozu"],"picked":"Astrolabe"},{"not_picked":["Runic Dome","Velvet Choker"],"picked":"Philosopher\u0027s Stone"}],"items_purged_floors":[36],"is_endless":false,"potions_floor_spawned":[1,3,5,13,16,19,25,31,33,35,45,46],"ascension_level":0}