{"gold_per_floor":[118,130,130,180,190,190,205,232,232,232,248,248,117,17,17,17],"floor_reached":16,"playtime":1228,"items_purged":["Strike_G","Strike_G"],"score":300,"play_id":"9213ffcd-0be6-43f6-9033-4b50854b01b3","local_time":"20190206141017","is_ascension_mode":true,"campfire_choices":[{"data":"Deadly Poison","floor":6,"key":"SMITH"},{"data":"Neutralize","floor":10,"key":"SMITH"},{"floor":12,"key":"REST"},{"floor":15,"key":"REST"}],"neow_cost":"TEN_PERCENT_HP_LOSS","seed_source_timestamp":0,"circlet_count":0,"master_deck":["AscendersBane","Defend_G","Defend_G","Defend_G","Defend_G","Defend_G","Strike_G","Strike_G","Strike_G","Survivor","Neutralize+1","Cloak And Dagger","Dagger Throw","Deadly Poison+1","Dodge and Roll","Dodge and Roll"],"special_seed":0,"relics":["Ring of the Snake","Unceasing Top","Matryoshka","Bag of Marbles","Bottled Lightning"],"potions_floor_usage":[7,16,16],"damage_taken":[{"damage":6,"enemies":"2 Louse","floor":1,"turns":5},{"damage":2,"enemies":"Jaw Worm","floor":2,"turns":5},{"damage":0,"enemies":"Cultist","floor":5,"turns":4},{"damage":12,"enemies":"Exordium Thugs","floor":7,"turns":6},{"damage":25,"enemies":"Lagavulin","floor":8,"turns":8},{"damage":10,"enemies":"Exordium Wildlife","floor":11,"turns":5},{"damage":50,"enemies":"Hexaghost","floor":16,"turns":11}],"seed_played":"2157002417824265636","potions_obtained":[{"floor":1,"key":"Strength Potion"},{"floor":8,"key":"SteroidPotion"}],"is_trial":false,"path_per_floor":["M","M","?","?","M","R","M","E","T","R","M","R","$","$","R","B"],"character_chosen":"THE_SILENT","items_purchased":["Block Potion"],"campfire_rested":2,"item_purchase_floors":[13],"current_hp_per_floor":[53,51,56,56,56,56,44,19,19,19,9,28,28,28,47,0],"gold":17,"neow_bonus":"ONE_RARE_RELIC","is_prod":false,"is_daily":false,"chose_seed":false,"campfire_upgraded":2,"win_rate":0,"timestamp":1549458617,"path_taken":["M","M","?","?","M","R","?","E","T","R","M","R","?","$","R","BOSS"],"build_version":"2019-01-23","purchased_purges":2,"victory":false,"max_hp_per_floor":[60,60,65,65,65,65,65,65,65,65,65,65,65,65,65,65],"card_choices":[{"not_picked":["Escape Plan","Prepared"],"picked":"Cloak And Dagger","floor":1},{"not_picked":["Heel Hook","Riddle With Holes"],"picked":"Dagger Throw","floor":2},{"not_picked":["Blur","Distraction"],"picked":"Deadly Poison","floor":5},{"not_picked":["Deflect","Prepared"],"picked":"Dodge and Roll","floor":7},{"not_picked":["Deadly Poison","Flying Knee","Bullet Time"],"picked":"SKIP","floor":8},{"not_picked":["Flechettes","Quick Slash"],"picked":"Dodge and Roll","floor":11}],"player_experience":443919,"relics_obtained":[{"floor":8,"key":"Matryoshka"},{"floor":9,"key":"Bag of Marbles"},{"floor":9,"key":"Bottled Lightning"}],"event_choices":[{"damage_healed":0,"gold_gain":0,"player_choice":"Donut","damage_taken":0,"max_hp_gain":5,"max_hp_loss":0,"event_name":"Big Fish","floor":3,"gold_loss":0},{"damage_healed":0,"gold_gain":50,"player_choice":"Pray","damage_taken":0,"max_hp_gain":0,"max_hp_loss":0,"event_name":"Golden Shrine","floor":4,"gold_loss":0}],"is_beta":false,"boss_relics":[],"items_purged_floors":[13,14],"is_endless":false,"potions_floor_spawned":[1,8],"killed_by":"Hexaghost","ascension_level":20}