{"gold_per_floor":[119,130,130,146,25,25,38,58,82,82,93,93,125,25,25,127,127,141,56,75,104,104,104,122,149,204,220,220,239,259,269,269,367,367,384,103,118,92,103,103,103,203,203,203,217,67,67,113,113,113],"floor_reached":51,"playtime":1718,"items_purged":["Strike_B","Strike_B","Strike_B","Defend_B"],"score":669,"play_id":"be80bb54-80bf-4b2b-a1df-51ef610efe84","local_time":"20190202010523","is_ascension_mode":false,"campfire_choices":[{"data":"Beam Cell","floor":6,"key":"SMITH"},{"data":"Darkness","floor":10,"key":"SMITH"},{"data":"Go for the Eyes","floor":12,"key":"SMITH"},{"data":"Rainbow","floor":15,"key":"SMITH"},{"floor":23,"key":"REST"},{"floor":28,"key":"REST"},{"floor":32,"key":"REST"},{"floor":40,"key":"REST"},{"data":"1","floor":47,"key":"LIFT"},{"data":"2","floor":49,"key":"LIFT"}],"neow_cost":"NONE","seed_source_timestamp":27082129753955,"circlet_count":0,"master_deck":["Defend_B","Defend_B+1","Defend_B","Zap+1","Dualcast","Beam Cell+1","Go for the Eyes+1","Darkness+1","Ball Lightning","Doom and Gloom","Sweeping Beam","Undo","Rainbow+1","Echo Form","White Noise+1","Chaos+1","Self Repair","Loop","Machine Learning","Glacier","Cold Snap","Hyperbeam","Leap+1","Compile Driver","Ball Lightning+1","Beam Cell+1","Glacier"],"relics":["Cracked Core","Art of War","Bag of Marbles","Blood Vial","Fusion Hammer","War Paint","Red Mask","DataDisk","Centennial Puzzle","Sozu","Bronze Scales","Nunchaku","Girya","Lantern"],"potions_floor_usage":[16,16,33,33],"damage_taken":[{"damage":8,"enemies":"Jaw Worm","floor":1,"turns":4},{"damage":0,"enemies":"Cultist","floor":2,"turns":3},{"damage":0,"enemies":"2 Louse","floor":4,"turns":2},{"damage":3,"enemies":"2 Fungi Beasts","floor":7,"turns":3},{"damage":0,"enemies":"Looter","floor":8,"turns":3},{"damage":14,"enemies":"Exordium Thugs","floor":11,"turns":3},{"damage":18,"enemies":"3 Sentries","floor":13,"turns":4},{"damage":26,"enemies":"Hexaghost","floor":16,"turns":6},{"damage":22,"enemies":"2 Thieves","floor":18,"turns":3},{"damage":10,"enemies":"Spheric Guardian","floor":20,"turns":3},{"damage":10,"enemies":"Masked Bandits","floor":21,"turns":3},{"damage":0,"enemies":"Centurion and Healer","floor":24,"turns":6},{"damage":18,"enemies":"Gremlin Leader","floor":25,"turns":7},{"damage":19,"enemies":"Snake Plant","floor":27,"turns":4},{"damage":0,"enemies":"Snecko","floor":29,"turns":4},{"damage":21,"enemies":"3 Cultists","floor":30,"turns":6},{"damage":13,"enemies":"Cultist and Chosen","floor":31,"turns":5},{"damage":29,"enemies":"Champ","floor":33,"turns":10},{"damage":6,"enemies":"3 Shapes","floor":35,"turns":2},{"damage":9,"enemies":"3 Darklings","floor":37,"turns":4},{"damage":0,"enemies":"4 Shapes","floor":39,"turns":2},{"damage":0,"enemies":"Mind Bloom Boss Battle","floor":42,"turns":6},{"damage":0,"enemies":"Transient","floor":45,"turns":5},{"damage":44,"enemies":"Awakened One","floor":50,"turns":11}],"seed_played":"-127720818778401511","potions_obtained":[{"floor":4,"key":"FocusPotion"},{"floor":8,"key":"Poison Potion"},{"floor":11,"key":"Explosive Potion"},{"floor":13,"key":"Strength Potion"},{"floor":16,"key":"LiquidBronze"},{"floor":20,"key":"Explosive Potion"},{"floor":30,"key":"Strength Potion"},{"floor":33,"key":"SmokeBomb"}],"is_trial":false,"path_per_floor":["M","M","?","M","$","R","M","M","T","R","M","R","E","$","R","B",null,"M","?","M","?","$","R","M","E","T","M","R","M","M","M","R","B",null,"M","$","M","$","M","R","$","?","T","?","M","$","R","T","R","B",null],"character_chosen":"DEFECT","items_purchased":["Ball Lightning","Bronze Scales","Compile Driver"],"campfire_rested":4,"item_purchase_floors":[5,36,38],"current_hp_per_floor":[67,67,67,67,67,67,64,64,64,64,50,50,32,32,32,8,75,53,53,45,37,37,59,61,59,59,42,64,66,54,50,72,52,75,75,75,66,66,68,75,75,75,75,75,75,75,75,75,75,45],"gold":113,"neow_bonus":"RANDOM_COMMON_RELIC","is_prod":false,"is_daily":false,"chose_seed":false,"campfire_upgraded":4,"win_rate":0,"timestamp":1549040723,"path_taken":["M","M","?","M","$","R","?","M","T","R","M","R","E","?","R","BOSS","M","?","M","?","$","R","M","E","T","M","R","M","M","M","R","BOSS","M","$","M","$","M","R","$","?","T","?","?","?","R","?","R","BOSS"],"build_version":"2019-01-23","purchased_purges":4,"victory":true,"max_hp_per_floor":[75,75,75,75,75,75,75,75,75,75,75,75,75,75,75,75,75,75,75,75,75,75,75,75,75,75,75,75,75,75,75,75,75,75,75,75,75,75,75,75,75,75,75,75,75,75,75,75,75,75],"card_choices":[{"not_picked":["Darkness","Compile Driver"],"picked":"Beam Cell","floor":1},{"not_picked":["Stack","Hologram"],"picked":"Go for the Eyes","floor":2},{"not_picked":["Steam Power","Hologram"],"picked":"Darkness","floor":4},{"not_picked":["Static Discharge","Reboot"],"picked":"Doom and Gloom","floor":7},{"not_picked":["Recycle","Stack"],"picked":"Sweeping Beam","floor":8},{"not_picked":["Gash","Sweeping Beam"],"picked":"Undo","floor":11},{"not_picked":["Chaos","Capacitor"],"picked":"Rainbow","floor":13},{"not_picked":["Thunder Strike","All For One"],"picked":"Echo Form","floor":16},{"not_picked":["Blizzard","Stack"],"picked":"White Noise","floor":18},{"not_picked":["Turbo","Scrape"],"picked":"Chaos+1","floor":20},{"not_picked":["Sweeping Beam","Storm+1"],"picked":"Self Repair","floor":24},{"not_picked":["Go for the Eyes","Beam Cell"],"picked":"Loop","floor":25},{"not_picked":["Aggregate+1","Go for the Eyes"],"picked":"Machine Learning","floor":27},{"not_picked":["Redo","Gash+1"],"picked":"Glacier","floor":29},{"not_picked":["Stack+1","Beam Cell"],"picked":"Cold Snap","floor":30},{"not_picked":["Rip and Tear","Compile Driver","Beam Cell"],"picked":"SKIP","floor":31},{"not_picked":["Rainbow","Biased Cognition"],"picked":"Hyperbeam","floor":33},{"not_picked":["Chaos","Sweeping Beam+1"],"picked":"Leap+1","floor":35},{"not_picked":["Sweeping Beam+1","Rebound+1","Leap"],"picked":"SKIP","floor":37},{"not_picked":["Rebound","Redo"],"picked":"Ball Lightning+1","floor":39},{"not_picked":["Heatsinks","Loop+1"],"picked":"Beam Cell+1","floor":42},{"not_picked":["Streamline","Turbo+1"],"picked":"Glacier","floor":45}],"player_experience":167831,"relics_obtained":[{"floor":9,"key":"Bag of Marbles"},{"floor":13,"key":"Blood Vial"},{"floor":21,"key":"Red Mask"},{"floor":25,"key":"DataDisk"},{"floor":26,"key":"Centennial Puzzle"},{"floor":42,"key":"Nunchaku"},{"floor":43,"key":"Girya"},{"floor":48,"key":"Lantern"}],"event_choices":[{"damage_healed":0,"gold_gain":0,"player_choice":"Upgraded","damage_taken":0,"max_hp_gain":0,"max_hp_loss":0,"event_name":"Upgrade Shrine","floor":3,"gold_loss":0,"cards_upgraded":["Zap"]},{"damage_healed":0,"gold_gain":0,"player_choice":"Obtained Relic","damage_taken":0,"relics_obtained":["War Paint"],"max_hp_gain":0,"max_hp_loss":0,"event_name":"Addict","floor":19,"gold_loss":85},{"damage_healed":0,"gold_gain":0,"player_choice":"Fought Bandits","damage_taken":0,"max_hp_gain":0,"max_hp_loss":0,"event_name":"Masked Bandits","floor":21,"gold_loss":0},{"damage_healed":0,"gold_gain":0,"player_choice":"Fight","damage_taken":0,"max_hp_gain":0,"max_hp_loss":0,"event_name":"MindBloom","floor":42,"gold_loss":0},{"cards_removed":["Strike_B"],"damage_healed":0,"gold_gain":0,"player_choice":"Purged","damage_taken":0,"max_hp_gain":0,"max_hp_loss":0,"event_name":"Purifier","floor":44,"gold_loss":0}],"is_beta":false,"boss_relics":[{"not_picked":["Orrery","Black Star"],"picked":"Fusion Hammer"},{"not_picked":["Tiny House","White Beast Statue"],"picked":"Sozu"}],"items_purged_floors":[5,14,36,46],"is_endless":false,"potions_floor_spawned":[4,8,11,13,16,20,24,30,31,33,37,42,45],"ascension_level":0}