{"gold_per_floor":[116,135,6,21,37,37,89,89,114,139,139,11,44,60,60,137,137,137,57,0,0,0,0,0,0,0,0,0,0,0,0,0,0],"floor_reached":33,"playtime":2973,"items_purged":["Strike_R"],"score":546,"play_id":"18949222-07ab-4a11-90c7-353bd8d002d6","local_time":"20190208190348","is_ascension_mode":true,"campfire_choices":[{"data":"Clothesline","floor":6.0,"key":"SMITH"},{"data":"Bash","floor":11.0,"key":"SMITH"},{"data":"Flame Barrier","floor":15.0,"key":"SMITH"},{"floor":23.0,"key":"REST"},{"floor":25.0,"key":"REST"},{"data":"Feel No Pain","floor":29.0,"key":"SMITH"},{"floor":32.0,"key":"REST"}],"neow_cost":"NONE","seed_source_timestamp":0,"circlet_count":0,"master_deck":["AscendersBane","Strike_R","Strike_R","Strike_R","Strike_R","Defend_R","Defend_R","Defend_R","Defend_R","Bash+1","Deep Breath","Clothesline+1","Iron Wave","Reckless Charge","Battle Trance","Flame Barrier+1","Pommel Strike","Offering","Shrug It Off+1","Shockwave","Shockwave","Shockwave+1","Feel No Pain+1"],"special_seed":0,"relics":["Burning Blood","Oddly Smooth Stone","Happy Flower","Omamori","Self Forming Clay","Ectoplasm","Centennial Puzzle","Dream Catcher","PreservedInsect","Mercury Hourglass"],"potions_floor_usage":[],"damage_taken":[{"damage":13.0,"enemies":"Cultist","floor":1.0,"turns":5.0},{"damage":12.0,"enemies":"2 Louse","floor":2.0,"turns":2.0},{"damage":4.0,"enemies":"Small Slimes","floor":4.0,"turns":4.0},{"damage":3.0,"enemies":"3 Louse","floor":5.0,"turns":4.0},{"damage":10.0,"enemies":"Gremlin Nob","floor":10.0,"turns":3.0},{"damage":3.0,"enemies":"3 Sentries","floor":13.0,"turns":12.0},{"damage":0.0,"enemies":"Large Slime","floor":14.0,"turns":5.0},{"damage":33.0,"enemies":"Hexaghost","floor":16.0,"turns":11.0},{"damage":20.0,"enemies":"Spheric Guardian","floor":18.0,"turns":4.0},{"damage":14.0,"enemies":"2 Thieves","floor":19.0,"turns":5.0},{"damage":25.0,"enemies":"Sentry and Sphere","floor":22.0,"turns":9.0},{"damage":23.0,"enemies":"Gremlin Leader","floor":24.0,"turns":8.0},{"damage":13.0,"enemies":"Centurion and Healer","floor":27.0,"turns":7.0},{"damage":11.0,"enemies":"Slavers","floor":28.0,"turns":5.0},{"damage":6.0,"enemies":"Shelled Parasite and Fungi","floor":30.0,"turns":4.0},{"damage":72,"enemies":"Champ","floor":33,"turns":14}],"seed_played":"7150068827498725787","potions_obtained":[{"floor":4.0,"key":"LiquidBronze"},{"floor":8.0,"key":"Strength Potion"},{"floor":10.0,"key":"Fire Potion"},{"floor":13.0,"key":"SkillPotion"},{"floor":16.0,"key":"Explosive Potion"},{"floor":22.0,"key":"Energy Potion"},{"floor":24.0,"key":"Dexterity Potion"},{"floor":27.0,"key":"FearPotion"},{"floor":28.0,"key":"Energy Potion"}],"is_trial":false,"path_per_floor":["M","M","$","M","M","R","T","?","T","E","R","$","E","M","R","B",null,"M","M","$","?","M","R","E","R","T","M","E","R","M","?","R","B"],"character_chosen":"IRONCLAD","items_purchased":["Strength Potion","Flame Barrier","PowerPotion","Weak Potion"],"campfire_rested":3,"item_purchase_floors":[3,12,12,20],"current_hp_per_floor":[61,55,55,57,60,60,60,60,60,56,56,56,59,65,65,38,66,52,44,44,44,25,47,30,52,52,45,40,40,40,40,62,0],"gold":0,"neow_bonus":"RANDOM_COLORLESS","is_prod":false,"is_daily":false,"chose_seed":false,"campfire_upgraded":4,"win_rate":0,"timestamp":1549649028,"path_taken":["M","M","$","M","M","R","?","?","T","E","R","$","E","M","R","BOSS","M","M","$","?","M","R","E","R","T","?","E","R","M","?","R","BOSS"],"build_version":"2019-01-23","purchased_purges":1,"victory":false,"max_hp_per_floor":[75,75,75,75,75,75,75,75,75,75,75,75,75,75,75,75,75,75,75,75,75,75,75,75,75,75,75,75,75,75,75,75,75],"card_choices":[{"not_picked":["Iron Wave","Rage"],"picked":"Clothesline","floor":1.0},{"not_picked":["Body Slam","Fire Breathing"],"picked":"Iron Wave","floor":2.0},{"not_picked":["Clash","Perfected Strike","Cleave"],"picked":"SKIP","floor":4.0},{"not_picked":["Clash","Perfected Strike","Cleave"],"picked":"SKIP","floor":4.0},{"not_picked":["Clash","Ghostly Armor"],"picked":"Reckless Charge","floor":5.0},{"not_picked":["Flame Barrier","Flex"],"picked":"Battle Trance","floor":10.0},{"not_picked":["Dual Wield","Rage","Blood for Blood"],"picked":"SKIP","floor":13.0},{"not_picked":["Clash","Blood for Blood"],"picked":"Pommel Strike","floor":14.0},{"not_picked":["Dark Embrace","Berserk"],"picked":"Offering","floor":16.0},{"not_picked":["Carnage","Blood for Blood+1","Intimidate+1"],"picked":"SKIP","floor":18.0},{"not_picked":["Intimidate","Battle Trance"],"picked":"Shrug It Off+1","floor":19.0},{"not_picked":["Perfected Strike","Headbutt"],"picked":"Shockwave","floor":22.0},{"not_picked":["Twin Strike","Exhume"],"picked":"Shockwave","floor":24.0},{"not_picked":["Body Slam","True Grit"],"picked":"Shockwave+1","floor":25.0},{"not_picked":["Flex","Perfected Strike"],"picked":"Feel No Pain","floor":27.0},{"not_picked":["Rupture","Entrench","Clash"],"picked":"SKIP","floor":28.0},{"not_picked":["Seeing Red+1","Clash","Iron Wave"],"picked":"SKIP","floor":30.0}],"player_experience":482832,"relics_obtained":[{"floor":7.0,"key":"Oddly Smooth Stone"},{"floor":9.0,"key":"Happy Flower"},{"floor":10.0,"key":"Omamori"},{"floor":13.0,"key":"Self Forming Clay"},{"floor":24.0,"key":"Dream Catcher"},{"floor":26.0,"key":"PreservedInsect"},{"floor":28.0,"key":"Mercury Hourglass"}],"event_choices":[{"damage_healed":0.0,"max_hp_gain":0.0,"max_hp_loss":0.0,"gold_gain":0.0,"event_name":"Lab","player_choice":"Got Potions","floor":8.0,"gold_loss":0.0,"damage_taken":0.0},{"damage_healed":0.0,"max_hp_gain":0.0,"max_hp_loss":0.0,"gold_gain":0.0,"event_name":"WeMeetAgain","player_choice":"Gave Potion","floor":21.0,"gold_loss":0.0,"damage_taken":0.0,"relics_obtained":["Centennial Puzzle"]}],"is_beta":false,"boss_relics":[{"not_picked":["Black Star","Calling Bell"],"picked":"Ectoplasm"}],"items_purged_floors":[3],"is_endless":false,"potions_floor_spawned":[4,10,13,16,22,24,27,28],"killed_by":"Champ","ascension_level":17}