{"gold_per_floor":[114,114,129,144,144,144,63,63,138,138,168,183,198,213,213,313,313,328,343,43,58,58,88,88,103,103,103,103,103,118,133,133,233,233,248,248,98,98,113,113],"floor_reached":40,"playtime":2983,"items_purged":[],"score":958,"play_id":"ddf016d8-a3ad-4cfa-a43a-14f9a665f430","local_time":"20180629193242","daily_mods":["Insanity","Uncertain Future","Hoarder"],"is_ascension_mode":false,"campfire_choices":[{"data":"Perfected Strike","floor":8,"key":"SMITH"},{"data":"Perfected Strike","floor":10,"key":"SMITH"},{"data":"Perfected Strike","floor":15,"key":"SMITH"},{"floor":24,"key":"REST"},{"data":"Regret","floor":27,"key":"PURGE"},{"floor":32,"key":"REST"}],"neow_cost":"","seed_source_timestamp":0,"circlet_count":0,"master_deck":["Barricade","Heavy Blade","Seeing Red","Sword Boomerang","Double Tap","Shrug It Off","Power Through","Rampage","Ghostly Armor","Demon Form","Headbutt","Uppercut","Sever Soul","Warcry","Metallicize","Demon Form","Heavy Blade","Reckless Charge","Warcry","Intimidate","Bludgeon","Immolate","Uppercut","Ghostly Armor","Rampage","Dual Wield","Inflame","Flex","Havoc","Uppercut","Havoc","Berserk","Bash","Shrug It Off","Thunderclap","Armaments","Rage","Havoc","Iron Wave","Shockwave","Entrench","Inflame","Rage","Barricade+1","Reaper","Rampage","Cleave","Defend_R","Perfected Strike+1","Uppercut+1","Perfected Strike+1","Perfected Strike+1","Perfected Strike","Pommel Strike","Pommel Strike","Pommel Strike","Headbutt","Headbutt","Headbutt","Uppercut","Uppercut","Uppercut","Uppercut","Uppercut","Uppercut","Flex","Flex","Flex","Carnage","Carnage","Carnage","Carnage","Carnage+1","Carnage","Brutality","Brutality","Brutality","Pommel Strike+1","Pommel Strike+1","Pommel Strike+1","Clash","Clash","Clash","Wild Strike","Wild Strike","Wild Strike","Headbutt","Headbutt","Headbutt","Clash","Clash+1","Clash","Anger","Anger","Anger","Sword Boomerang+1","Sword Boomerang+1","Sword Boomerang+1","Warcry","Warcry","Warcry","Infernal Blade","Infernal Blade","Infernal Blade","Fire Breathing+1","Fire Breathing+1","Fire Breathing+1","Warcry","Warcry","Warcry","Thunderclap","Thunderclap","Thunderclap","Rage","Rage","Rage","Heavy Blade","Heavy Blade","Heavy Blade","Flex","Flex","Flex"],"special_seed":17711,"relics":["Burning Blood","Juzu Bracelet","Bottled Flame","Ice Cream","Cursed Key","Incense Burner","Dream Catcher","Peace Pipe","Orrery","Turnip","Whetstone"],"potions_floor_usage":[13,16,16,21,23,33,36,40,40,40],"damage_taken":[{"damage":0,"enemies":"Small Slimes","floor":1,"turns":1},{"damage":0,"enemies":"Jaw Worm","floor":3,"turns":2},{"damage":0,"enemies":"Cultist","floor":4,"turns":3},{"damage":19,"enemies":"Gremlin Nob","floor":11,"turns":4},{"damage":7,"enemies":"Gremlin Gang","floor":12,"turns":4},{"damage":9,"enemies":"Blue Slaver","floor":13,"turns":2},{"damage":0,"enemies":"Exordium Wildlife","floor":14,"turns":3},{"damage":0,"enemies":"Slime Boss","floor":16,"turns":8},{"damage":21,"enemies":"2 Thieves","floor":18,"turns":3},{"damage":12,"enemies":"Shell Parasite","floor":19,"turns":3},{"damage":32,"enemies":"Cultist and Chosen","floor":21,"turns":5},{"damage":11,"enemies":"Slavers","floor":23,"turns":4},{"damage":0,"enemies":"Snecko","floor":25,"turns":2},{"damage":24,"enemies":"Centurion and Healer","floor":30,"turns":3},{"damage":0,"enemies":"Sentry and Sphere","floor":31,"turns":2},{"damage":34,"enemies":"Automaton","floor":33,"turns":6},{"damage":24,"enemies":"3 Shapes","floor":35,"turns":3},{"damage":30,"floor":36,"turns":4},{"damage":32,"enemies":"3 Darklings","floor":39,"turns":5},{"damage":37,"enemies":"Nemesis","floor":40,"turns":5}],"seed_played":"6162315489128863662","potions_obtained":[{"floor":1,"key":"PowerPotion"},{"floor":5,"key":"Weak Potion"},{"floor":5,"key":"SteroidPotion"},{"floor":5,"key":"Poison Potion"},{"floor":11,"key":"PowerPotion"},{"floor":14,"key":"Dexterity Potion"},{"floor":19,"key":"Block Potion"},{"floor":21,"key":"LiquidBronze"},{"floor":23,"key":"SteroidPotion"},{"floor":25,"key":"GamblersBrew"},{"floor":35,"key":"FearPotion"},{"floor":39,"key":"Fire Potion"}],"is_trial":false,"path_per_floor":["M","?","M","M","?","T","$","R","T","R","E","M","M","M","R","B",null,"M","M","$","M","?","E","R","M","T","R","?","?","M","M","R","B",null,"M","?","$","?","M"],"character_chosen":"IRONCLAD","items_purchased":["Uppercut","Incense Burner","Whetstone"],"campfire_rested":2,"item_purchase_floors":[7,20,37],"current_hp_per_floor":[80,64,70,76,76,76,76,76,76,76,63,62,59,65,65,71,80,65,65,65,39,39,34,58,64,64,64,64,64,46,52,76,48,80,62,38,38,38,21,0],"gold":113,"neow_bonus":"","is_prod":false,"is_daily":true,"chose_seed":false,"campfire_upgraded":3,"win_rate":0,"timestamp":1530315162,"path_taken":["M","?","M","M","?","?","$","R","T","R","E","M","M","M","R","BOSS","M","M","$","M","?","E","R","M","T","R","?","?","M","M","R","BOSS","M","?","?","?","M","E"],"build_version":"2018-06-28","purchased_purges":0,"victory":false,"max_hp_per_floor":[80,80,80,80,80,80,80,80,80,80,80,80,80,80,80,80,80,80,80,80,80,80,80,80,80,80,80,80,80,80,80,80,80,80,80,80,80,80,80,80],"card_choices":[{"not_picked":["Ghostly Armor","Warcry"],"picked":"Perfected Strike","floor":1},{"not_picked":["Headbutt","Warcry"],"picked":"Pommel Strike","floor":3},{"not_picked":["Feel No Pain","Anger"],"picked":"Headbutt","floor":4},{"not_picked":["Pummel","Entrench"],"picked":"Uppercut","floor":11},{"not_picked":["Rampage","Inflame"],"picked":"Flex","floor":12},{"not_picked":["Sword Boomerang","Metallicize"],"picked":"Carnage","floor":13},{"not_picked":["Flame Barrier","True Grit"],"picked":"Carnage","floor":14},{"not_picked":["Feed","Bludgeon"],"picked":"Brutality","floor":16},{"not_picked":["Whirlwind","Warcry"],"picked":"Pommel Strike+1","floor":18},{"not_picked":["Iron Wave","Flame Barrier+1"],"picked":"Clash","floor":19},{"not_picked":["Heavy Blade","Body Slam"],"picked":"Wild Strike","floor":21},{"not_picked":["Exhume","Blood for Blood"],"picked":"Headbutt","floor":23},{"not_picked":["Evolve","Armaments"],"picked":"Clash","floor":24},{"not_picked":["Heavy Blade","Ghostly Armor+1"],"picked":"Anger","floor":25},{"not_picked":["Armaments","Power Through"],"picked":"Sword Boomerang+1","floor":30},{"not_picked":["Body Slam","Battle Trance","Intimidate"],"picked":"SKIP","floor":31},{"not_picked":["Heavy Blade","Shrug It Off"],"picked":"Warcry","floor":34},{"not_picked":["Disarm","Sword Boomerang"],"picked":"Infernal Blade","floor":34},{"not_picked":["Twin Strike","Armaments"],"picked":"Fire Breathing+1","floor":34},{"not_picked":["Sword Boomerang+1","Juggernaut"],"picked":"Warcry","floor":34},{"not_picked":["Whirlwind","Pummel"],"picked":"Thunderclap","floor":34},{"not_picked":["Heavy Blade","Warcry+1"],"picked":"Rage","floor":35},{"not_picked":["Twin Strike","Cleave+1"],"picked":"Heavy Blade","floor":36},{"not_picked":["Shrug It Off+1","Thunderclap+1"],"picked":"Flex","floor":39}],"player_experience":132119,"relics_obtained":[{"floor":6,"key":"Juzu Bracelet"},{"floor":9,"key":"Bottled Flame"},{"floor":11,"key":"Ice Cream"},{"floor":23,"key":"Dream Catcher"},{"floor":26,"key":"Peace Pipe"},{"floor":36,"key":"Turnip"}],"event_choices":[{"event_name":"Shining Light","player_choice":"Entered Light","floor":2,"damage_taken":0},{"event_name":"The Lab","player_choice":"Got Potions","floor":5,"damage_taken":0},{"event_name":"Forgotten Altar","player_choice":"Smashed Altar","floor":22,"damage_taken":0},{"event_name":"Ghosts","player_choice":"Ignored","floor":28,"damage_taken":0},{"event_name":"The Mausoleum","player_choice":"No","floor":29,"damage_taken":0},{"event_name":"MindBloom","player_choice":"Fight","floor":36,"damage_taken":0},{"event_name":"Fountain of Cleansing","player_choice":"Removed Curse","floor":38,"damage_taken":0}],"boss_relics":[{"not_picked":["Runic Dome","Lizard Tail"],"picked":"Cursed Key"},{"not_picked":["Empty Cage","Sozu"],"picked":"Orrery"}],"items_purged_floors":[],"is_endless":false,"potions_floor_spawned":[1,11,12,14,19,21,23,25,35,39],"killed_by":"Nemesis","ascension_level":0}