{"gold_per_floor":[114,129,129,144,159,189,189,219,269,269,299,314,314,79,79,179,179,194],"floor_reached":18,"playtime":2796,"items_purged":[],"score":232,"play_id":"2e45d445-e3bf-4429-9fad-ec4b1a16962d","local_time":"20180630090916","daily_mods":["Heirloom","Cursed Run","Terminal"],"is_ascension_mode":false,"campfire_choices":[{"data":"White Noise","floor":7.0,"key":"SMITH"},{"data":"Defragment","floor":13.0,"key":"SMITH"},{"data":"Hello World","floor":15.0,"key":"SMITH"}],"neow_cost":"","seed_source_timestamp":0,"circlet_count":0,"master_deck":["Strike_B","Strike_B","Defend_B","Defend_B","Defend_B","Zap","Dualcast","Coolheaded","Conserve Battery","Reinforced Body","Auto Shields","White Noise+1","Defragment+1","Pain","Parasite","Redo","Turbo","Darkness","Hello World+1","Beam Cell","Ball Lightning","Injury","Seek","Turbo+1","Melter+1","Chaos+1","Undo"],"special_seed":17712,"relics":["Cursed Key","Darkstone Periapt","Du-Vu Doll","Torii","Emotion Chip","Dream Catcher","Vajra","Oddly Smooth Stone","Astrolabe"],"potions_floor_usage":[],"damage_taken":[{"damage":0.0,"enemies":"Cultist","floor":1.0,"turns":4.0},{"damage":0.0,"enemies":"2 Louse","floor":2.0,"turns":3.0},{"damage":0.0,"enemies":"Jaw Worm","floor":4.0,"turns":4.0},{"damage":0.0,"enemies":"Lots of Slimes","floor":5.0,"turns":7.0},{"damage":0.0,"enemies":"3 Sentries","floor":6.0,"turns":13.0},{"damage":10.0,"enemies":"Gremlin Nob","floor":8.0,"turns":5.0},{"damage":5.0,"enemies":"3 Sentries","floor":11.0,"turns":8.0},{"damage":3.0,"enemies":"Red Slaver","floor":12.0,"turns":3.0},{"damage":20.0,"enemies":"The Guardian","floor":16.0,"turns":7.0},{"damage":7,"enemies":"3 Byrds","floor":18,"turns":4}],"seed_played":"-1755974802296634168","potions_obtained":[{"floor":2.0,"key":"GamblersBrew"},{"floor":11.0,"key":"Poison Potion"},{"floor":12.0,"key":"SpeedPotion"},{"floor":16.0,"key":"Regen Potion"},{"floor":18,"key":"SpeedPotion"}],"is_trial":false,"path_per_floor":["M","M","$","M","M","E","R","E","T","?","E","M","R","$","R","B",null],"character_chosen":"DEFECT","items_purchased":["Darkness","Hello World","Beam Cell","Ball Lightning"],"campfire_rested":0,"item_purchase_floors":[],"current_hp_per_floor":[73,72,71,70,69,68,67,57,63,76,71,68,68,68,68,54,75,68],"gold":194,"neow_bonus":"","is_prod":false,"is_daily":true,"chose_seed":false,"campfire_upgraded":3,"win_rate":0,"timestamp":1530364156,"path_taken":["M","M","$","M","M","E","R","E","T","?","E","?","R","?","R","BOSS","M"],"build_version":"2018-06-28","purchased_purges":0,"victory":false,"max_hp_per_floor":[73,72,71,70,69,68,67,66,71,76,75,74,73,72,71,76,75,75],"card_choices":[{"not_picked":["Turbo","Darkness"],"picked":"Coolheaded","floor":1.0},{"not_picked":["Go for the Eyes","Streamline"],"picked":"Conserve Battery","floor":2.0},{"not_picked":["Streamline","Rip and Tear"],"picked":"Reinforced Body","floor":4.0},{"not_picked":["Amplify","Lockon"],"picked":"Auto Shields","floor":5.0},{"not_picked":["Rebound","Gash"],"picked":"White Noise","floor":6.0},{"not_picked":["Glacier","Capacitor"],"picked":"Defragment","floor":8.0},{"not_picked":["Recycle","Reinforced Body"],"picked":"Redo","floor":11.0},{"not_picked":["Coolheaded","Stack"],"picked":"Turbo","floor":12.0},{"not_picked":["Hyperbeam","Machine Learning"],"picked":"Seek","floor":16.0},{"not_picked":["Cold Snap","Hello World"],"picked":"Undo","floor":18}],"player_experience":135102,"relics_obtained":[{"floor":6.0,"key":"Emotion Chip"},{"floor":8.0,"key":"Dream Catcher"},{"floor":9.0,"key":"Vajra"},{"floor":11.0,"key":"Oddly Smooth Stone"}],"event_choices":[{"event_name":"Mushrooms","player_choice":"Healed and dodged fight","floor":10.0,"damage_taken":0.0}],"boss_relics":[{"not_picked":["Sozu","Orrery"],"picked":"Astrolabe"}],"items_purged_floors":[],"is_endless":false,"potions_floor_spawned":[2,11,12,16,18],"killed_by":"3 Byrds","ascension_level":0}