{"gold_per_floor":[116,116,129,204,204,204,239,319,319,37,51,80,80,93,93,198,198,218,80,99,99,21,34,68,68,94,94,94,124,124,223,223,325,375,388,610,17,17,35,35,50,78,125,139,139,151,151,171,171,171],"floor_reached":50,"playtime":4162,"items_purged":["Strike_B","Defend_B","Strike_B"],"score":824,"play_id":"eb0bb2b1-ef40-4bbc-9a47-bcae41eb4f0a","local_time":"20180803161704","is_ascension_mode":true,"campfire_choices":[{"floor":6.0,"key":"REST"},{"data":"Echo Form","floor":13.0,"key":"SMITH"},{"floor":15.0,"key":"REST"},{"floor":25.0,"key":"REST"},{"floor":28.0,"key":"REST"},{"floor":32.0,"key":"REST"},{"floor":40.0,"key":"REST"},{"floor":45.0,"key":"REST"},{"data":"Apotheosis","floor":49.0,"key":"SMITH"}],"neow_cost":"TEN_PERCENT_HP_LOSS","seed_source_timestamp":742560183649,"circlet_count":0,"master_deck":["Strike_B+1","Defend_B+1","Defend_B+1","Zap","Dualcast","Echo Form+1","White Noise","Glacier","Steam","Cold Snap","Conserve Battery","Coolheaded","Loop","Turbo","Consume","Leap","Hyperbeam","Beam Cell","Sunder","Defragment","Necronomicurse","Core Surge","Conserve Battery","Cold Snap","Apotheosis+1","Tempest","Ball Lightning","Madness","Madness","Hello World","Ball Lightning","Doubt"],"special_seed":0,"relics":["Cracked Core","Calipers","Bottled Lightning","Symbiotic Virus","Centennial Puzzle","Busted Crown","Emotion Chip","Juzu Bracelet","Necronomicon","Red Mask","Tiny House","Art of War","Pantograph","Bag of Preparation"],"potions_floor_usage":[],"damage_taken":[{"damage":7.0,"enemies":"Jaw Worm","floor":1.0,"turns":3.0},{"damage":12.0,"enemies":"Small Slimes","floor":3.0,"turns":3.0},{"damage":1.0,"enemies":"Lagavulin","floor":7.0,"turns":9.0},{"damage":4.0,"enemies":"2 Louse","floor":11.0,"turns":3.0},{"damage":0.0,"enemies":"3 Sentries","floor":12.0,"turns":10.0},{"damage":0.0,"enemies":"2 Fungi Beasts","floor":14.0,"turns":6.0},{"damage":15.0,"enemies":"Slime Boss","floor":16.0,"turns":18.0},{"damage":8.0,"enemies":"Spheric Guardian","floor":18.0,"turns":9.0},{"damage":12.0,"enemies":"3 Byrds","floor":20.0,"turns":6.0},{"damage":1.0,"enemies":"Snecko","floor":23.0,"turns":5.0},{"damage":18.0,"enemies":"Book of Stabbing","floor":24.0,"turns":5.0},{"damage":27.0,"floor":29.0,"turns":4.0},{"damage":0.0,"enemies":"Champ","floor":33.0,"turns":23.0},{"damage":9.0,"enemies":"3 Darklings","floor":35.0,"turns":3.0},{"damage":1.0,"enemies":"Orb Walker","floor":39.0,"turns":2.0},{"damage":17.0,"enemies":"4 Shapes","floor":41.0,"turns":3.0},{"damage":15.0,"enemies":"Nemesis","floor":42.0,"turns":5.0},{"damage":6.0,"enemies":"Maw","floor":44.0,"turns":6.0},{"damage":5.0,"enemies":"Flame Bruiser 2 Orb","floor":46.0,"turns":6.0},{"damage":3.0,"enemies":"4 Shapes","floor":48.0,"turns":5.0},{"damage":82,"enemies":"Awakened One","floor":50,"turns":5}],"seed_played":"2615625456871579572","potions_obtained":[{"floor":3.0,"key":"Regen Potion"},{"floor":7.0,"key":"FocusPotion"},{"floor":14.0,"key":"Strength Potion"},{"floor":16.0,"key":"FocusPotion"},{"floor":23.0,"key":"Block Potion"},{"floor":24.0,"key":"EssenceOfSteel"},{"floor":29.0,"key":"Block Potion"},{"floor":34.0,"key":"Block Potion"},{"floor":42.0,"key":"Block Potion"},{"floor":44.0,"key":"EssenceOfSteel"},{"floor":46.0,"key":"FearPotion"}],"is_trial":false,"path_per_floor":["M","?","M","?","?","R","E","T","T","$","M","E","R","M","R","B",null,"M","$","M","?","$","M","E","R","T","?","R","?","?","?","R","B",null,"M","?","$","?","M","R","M","E","T","M","R","M","?","M","R"],"character_chosen":"DEFECT","items_purchased":["Cold Snap","Conserve Battery","Coolheaded","Loop","Sunder","Defragment","Apotheosis","Tempest","Art of War","Ball Lightning"],"campfire_rested":7,"item_purchase_floors":[10,10,10,10,19,22,37,37,37,37],"current_hp_per_floor":[61,47,35,24,17,37,51,51,51,51,47,47,47,47,67,52,64,63,63,51,51,51,50,32,52,52,36,56,36,36,36,56,56,70,61,61,61,52,51,72,55,47,47,41,62,57,73,70,70,0],"gold":171,"neow_bonus":"THREE_RARE_CARDS","is_prod":false,"is_daily":false,"chose_seed":false,"campfire_upgraded":2,"win_rate":0,"timestamp":1533327424,"path_taken":["M","?","M","?","?","R","E","?","T","$","M","E","R","M","R","BOSS","M","$","M","?","$","M","E","R","T","?","R","?","?","?","R","BOSS","M","?","$","?","M","R","M","E","T","M","R","M","?","M","R","BOSS"],"build_version":"2018-08-02","purchased_purges":3,"victory":false,"max_hp_per_floor":[68,68,68,68,68,68,68,68,68,68,68,68,68,68,68,68,68,68,68,68,68,68,68,68,68,68,68,68,68,68,68,68,68,73,73,73,73,73,73,73,73,73,73,73,73,73,73,73,73,73],"card_choices":[{"not_picked":["Hyperbeam","Amplify"],"picked":"Echo Form","floor":0.0},{"not_picked":["Streamline","Beam Cell"],"picked":"White Noise","floor":1.0},{"not_picked":["Sweeping Beam","Steam"],"picked":"Glacier","floor":3.0},{"not_picked":["Melter","Static Discharge"],"picked":"Steam","floor":7.0},{"not_picked":["Coolheaded","Stack"],"picked":"Turbo","floor":11.0},{"not_picked":["Redo","Hologram"],"picked":"Consume","floor":12.0},{"not_picked":["Self Repair","Hologram"],"picked":"Leap","floor":14.0},{"not_picked":["Echo Form","Seek"],"picked":"Hyperbeam","floor":16.0},{"not_picked":[],"picked":"Beam Cell","floor":18.0},{"not_picked":["Hologram"],"picked":"SKIP","floor":20.0},{"not_picked":["Sweeping Beam"],"picked":"SKIP","floor":23.0},{"not_picked":["Sweeping Beam"],"picked":"SKIP","floor":24.0},{"not_picked":[],"picked":"Core Surge","floor":33.0},{"not_picked":[],"picked":"Conserve Battery","floor":34.0},{"not_picked":[],"picked":"Cold Snap","floor":35.0},{"not_picked":[],"picked":"Hello World","floor":39.0},{"not_picked":["Go for the Eyes+1"],"picked":"SKIP","floor":41.0},{"not_picked":["Hologram"],"picked":"SKIP","floor":42.0},{"not_picked":[],"picked":"Ball Lightning","floor":44.0},{"not_picked":["Stack"],"picked":"SKIP","floor":46.0},{"not_picked":["Barrage+1"],"picked":"SKIP","floor":48.0}],"player_experience":592222,"relics_obtained":[{"floor":7.0,"key":"Calipers"},{"floor":8.0,"key":"Bottled Lightning"},{"floor":9.0,"key":"Symbiotic Virus"},{"floor":12.0,"key":"Centennial Puzzle"},{"floor":24.0,"key":"Emotion Chip"},{"floor":26.0,"key":"Juzu Bracelet"},{"floor":27.0,"key":"Necronomicon"},{"floor":29.0,"key":"Red Mask"},{"floor":42.0,"key":"Pantograph"},{"floor":43.0,"key":"Bag of Preparation"}],"event_choices":[{"event_name":"Shining Light","player_choice":"Entered Light","floor":2.0,"damage_taken":0.0},{"event_name":"World of Goop","player_choice":"Gather Gold","floor":4.0,"damage_taken":0.0},{"event_name":"Golden Wing","player_choice":"Card Removal","floor":5.0,"damage_taken":0.0},{"event_name":"Back to Basics","player_choice":"Elegance","floor":21.0,"damage_taken":0.0},{"event_name":"Cursed Tome","player_choice":"Obtained Book","floor":27.0,"damage_taken":0.0},{"event_name":"Masked Bandits","player_choice":"Fought over 94 gold","floor":29.0,"damage_taken":0.0},{"event_name":"Vampires","player_choice":"Ignored","floor":30.0,"damage_taken":0.0},{"event_name":"Nest","player_choice":"Stole From Cult","floor":31.0,"damage_taken":0.0},{"event_name":"Tomb of Lord Red Mask","player_choice":"Wore Mask","floor":36.0,"damage_taken":0.0},{"event_name":"Winding Halls","player_choice":"Embrace Madness","floor":38.0,"damage_taken":0.0},{"event_name":"MindBloom","player_choice":"Heal","floor":47.0,"damage_taken":0.0}],"is_beta":false,"boss_relics":[{"not_picked":["White Beast Statue","Cursed Key"],"picked":"Busted Crown"},{"not_picked":["Coffee Dripper","Velvet Choker"],"picked":"Tiny House"}],"items_purged_floors":[10,19,37],"is_endless":false,"potions_floor_spawned":[3,7,14,16,23,24,29,42,44,46],"killed_by":"Awakened One","ascension_level":8}