{"gold_per_floor":[116,116,66,141,14,14,25,43,43,75,91,109,109,9,9,9],"floor_reached":16,"playtime":484,"items_purged":["Strike_R","Defend_R"],"score":170,"play_id":"8c7daea6-5a4e-4e06-aeae-d837ea4899da","local_time":"20190210231907","is_ascension_mode":true,"campfire_choices":[{"data":"Bash","floor":6,"key":"SMITH"},{"floor":13,"key":"REST"},{"data":"Limit Break","floor":15,"key":"SMITH"}],"neow_cost":"NONE","seed_source_timestamp":24488879085900,"circlet_count":0,"master_deck":["AscendersBane","Strike_R","Strike_R","Strike_R","Defend_R","Defend_R","Defend_R","Bash+1","Flame Barrier","Sword Boomerang","Ghostly Armor","Limit Break+1","Flex"],"relics":["Burning Blood","Kunai","Omamori"],"potions_floor_usage":[10,16,16],"damage_taken":[{"damage":7,"enemies":"2 Louse","floor":1,"turns":5},{"damage":0,"enemies":"Small Slimes","floor":7,"turns":4},{"damage":1,"enemies":"Jaw Worm","floor":8,"turns":5},{"damage":64,"enemies":"3 Sentries","floor":10,"turns":15},{"damage":7,"enemies":"2 Fungi Beasts","floor":11,"turns":5},{"damage":11,"enemies":"Large Slime","floor":12,"turns":9},{"damage":34,"enemies":"Slime Boss","floor":16,"turns":7}],"seed_played":"5276194668950455293","potions_obtained":[{"floor":7,"key":"Regen Potion"},{"floor":8,"key":"Weak Potion"},{"floor":10,"key":"AttackPotion"},{"floor":12,"key":"Strength Potion"}],"is_trial":false,"path_per_floor":["M","?","?","?","$","R","M","M","T","E","M","M","R","$","R","B"],"character_chosen":"IRONCLAD","items_purchased":["Strength Potion"],"campfire_rested":1,"item_purchase_floors":[5],"current_hp_per_floor":[67,72,72,61,61,61,67,72,72,14,13,8,32,32,32,0],"gold":9,"neow_bonus":"THREE_CARDS","is_prod":false,"is_daily":false,"chose_seed":false,"campfire_upgraded":2,"win_rate":0,"timestamp":1549833547,"path_taken":["M","?","?","?","$","R","M","M","T","E","?","M","R","$","R","BOSS"],"build_version":"2019-01-23","purchased_purges":2,"victory":false,"max_hp_per_floor":[75,80,80,80,80,80,80,80,80,80,80,80,80,80,80,80],"card_choices":[{"not_picked":["Headbutt","Thunderclap"],"picked":"Flame Barrier","floor":0},{"not_picked":["Anger","Wild Strike"],"picked":"Sword Boomerang","floor":1},{"not_picked":["True Grit","Body Slam"],"picked":"Ghostly Armor","floor":7},{"not_picked":["Body Slam","Ghostly Armor","Havoc"],"picked":"SKIP","floor":8},{"not_picked":["Burning Pact","Sword Boomerang"],"picked":"Limit Break","floor":10},{"not_picked":["Havoc","Pummel"],"picked":"Flex","floor":11},{"not_picked":["Corruption","Twin Strike","Pommel Strike"],"picked":"SKIP","floor":12}],"player_experience":709119,"relics_obtained":[{"floor":9,"key":"Kunai"},{"floor":10,"key":"Omamori"}],"event_choices":[{"damage_healed":0,"gold_gain":0,"player_choice":"Donut","damage_taken":0,"max_hp_gain":5,"max_hp_loss":0,"event_name":"Big Fish","floor":2,"gold_loss":0},{"cards_removed":["Strike_R"],"damage_healed":0,"gold_gain":0,"player_choice":"Card Removal","damage_taken":0,"max_hp_gain":0,"max_hp_loss":0,"event_name":"The Cleric","floor":3,"gold_loss":50},{"damage_healed":0,"gold_gain":75,"player_choice":"Gather Gold","damage_taken":11,"max_hp_gain":0,"max_hp_loss":0,"event_name":"World of Goop","floor":4,"gold_loss":0}],"is_beta":false,"boss_relics":[],"items_purged_floors":[5,14],"is_endless":false,"potions_floor_spawned":[7,8,10,12],"killed_by":"Slime Boss","ascension_level":14}