{"gold_per_floor":[116,133,148,166,186,220,220,250,301,335,335,8,8,18,18,118,118,135,148,73,73,173,173,203,203,256,256,269,269,296,314,314,413,413,423,436,456,503,522,522,557,557,583,11,31,31,45,60,60,60],"floor_reached":51,"playtime":5204,"items_purged":["Strike_B"],"score":779,"play_id":"bbbafbfe-3be4-45d5-9696-859731377ae7","local_time":"20180626170038","is_ascension_mode":false,"campfire_choices":[{"floor":7,"key":"REST"},{"floor":11,"key":"REST"},{"data":"Defragment","floor":13,"key":"SMITH"},{"data":"Defragment","floor":15,"key":"SMITH"},{"data":"Conserve Battery","floor":23,"key":"SMITH"},{"floor":25,"key":"REST"},{"data":"Darkness","floor":27,"key":"SMITH"},{"data":"Conserve Battery","floor":29,"key":"SMITH"},{"floor":32,"key":"REST"},{"floor":40,"key":"REST"},{"floor":46,"key":"REST"},{"floor":49,"key":"REST"}],"neow_cost":"NONE","seed_source_timestamp":34625495943699,"circlet_count":0,"master_deck":["Strike_B","Strike_B","Strike_B+1","Defend_B","Defend_B","Defend_B","Defend_B+1","Zap","Dualcast+1","Core Surge+1","Conserve Battery+1","Chill","Defragment+1","Tempest","Conserve Battery+1","Genetic Algorithm","FTL","Darkness+1","Defragment+1","Conserve Battery+1","Hologram+1","Electrodynamics","Barrage+1","Blizzard","Sunder+1","Aggregate+1","Coolheaded+1","FTL","Electrodynamics","Reinforced Body+1","Hologram+1","Ball Lightning+1","Cold Snap+1","Go for the Eyes+1","Conserve Battery+1","Swift Strike","Skim+1","Auto Shields+1","Flash of Steel","Chaos+1","Hologram+1"],"relics":["Cracked Core","Anchor","Odd Mushroom","Art of War","Letter Opener","Toxic Egg 2","White Beast Statue","Happy Flower","Tiny Chest","Whetstone","Nuclear Battery","Thread and Needle","War Paint","Bronze Scales","Dodecahedron"],"potions_floor_usage":[10,16,24,28,30,30,33,33,33,36,37,38,41,41,41,45,48,48,50],"damage_taken":[{"damage":0,"enemies":"Cultist","floor":1,"turns":2},{"damage":0,"enemies":"Small Slimes","floor":2,"turns":3},{"damage":1,"enemies":"Jaw Worm","floor":3,"turns":3},{"damage":0,"enemies":"3 Louse","floor":4,"turns":5},{"damage":3,"enemies":"2 Fungi Beasts","floor":5,"turns":4},{"damage":24,"enemies":"Gremlin Nob","floor":6,"turns":4},{"damage":7,"floor":8,"turns":5},{"damage":21,"enemies":"Lagavulin","floor":10,"turns":5},{"damage":0,"enemies":"Looter","floor":14,"turns":3},{"damage":0,"enemies":"The Guardian","floor":16,"turns":9},{"damage":0,"enemies":"3 Byrds","floor":18,"turns":4},{"damage":0,"enemies":"2 Thieves","floor":19,"turns":2},{"damage":22,"enemies":"Slavers","floor":24,"turns":4},{"damage":0,"enemies":"Sentry and Sphere","floor":28,"turns":4},{"damage":5,"enemies":"Gremlin Leader","floor":30,"turns":8},{"damage":23,"enemies":"3 Cultists","floor":31,"turns":6},{"damage":57,"enemies":"Automaton","floor":33,"turns":9},{"damage":0,"enemies":"Orb Walker","floor":35,"turns":3},{"damage":20,"enemies":"3 Darklings","floor":36,"turns":3},{"damage":29,"enemies":"Maw","floor":37,"turns":7},{"damage":0,"floor":38,"turns":4},{"damage":0,"enemies":"Sphere and 2 Shapes","floor":39,"turns":3},{"damage":59,"enemies":"Nemesis","floor":41,"turns":8},{"damage":0,"enemies":"4 Shapes","floor":45,"turns":4},{"damage":0,"enemies":"3 Darklings","floor":47,"turns":4},{"damage":0,"enemies":"Maw","floor":48,"turns":7},{"damage":45,"enemies":"Donu and Deca","floor":50,"turns":6}],"seed_played":"6057958389869384175","potions_obtained":[{"floor":2,"key":"Energy Potion"},{"floor":3,"key":"Dexterity Potion"},{"floor":4,"key":"SteroidPotion"},{"floor":8,"key":"Explosive Potion"},{"floor":14,"key":"Explosive Potion"},{"floor":18,"key":"Strength Potion"},{"floor":24,"key":"AttackPotion"},{"floor":28,"key":"Dexterity Potion"},{"floor":30,"key":"FocusPotion"},{"floor":31,"key":"LiquidBronze"},{"floor":33,"key":"Regen Potion"},{"floor":35,"key":"GamblersBrew"},{"floor":36,"key":"Poison Potion"},{"floor":37,"key":"SteroidPotion"},{"floor":38,"key":"FearPotion"},{"floor":39,"key":"Ancient Potion"},{"floor":41,"key":"SkillPotion"},{"floor":45,"key":"LiquidBronze"},{"floor":47,"key":"Strength Potion"},{"floor":48,"key":"SkillPotion"}],"is_trial":false,"path_per_floor":["M","M","M","M","M","E","R","?","T","E","R","$","R","M","R","B",null,"M","M","$","?","?","R","E","R","T","R","M","R","E","M","R","B",null,"M","M","M","?","M","R","E","?","T","$","M","R","M","M","R","B"],"character_chosen":"DEFECT","items_purchased":["Defragment","Toxic Egg 2","Conserve Battery","Skim+1","Auto Shields+1","FairyPotion","Flash of Steel","Dodecahedron"],"campfire_rested":7,"item_purchase_floors":[12,12,12,44,44,44,44,44],"current_hp_per_floor":[75,75,74,74,71,47,69,62,62,41,63,63,63,63,63,63,75,75,75,75,75,75,75,53,75,75,75,75,75,70,47,69,12,75,75,55,38,38,38,60,1,1,1,1,1,23,23,23,45,7],"gold":60,"neow_bonus":"ONE_RANDOM_RARE_CARD","is_prod":false,"is_daily":false,"chose_seed":false,"campfire_upgraded":5,"win_rate":0.0,"timestamp":1530046838,"path_taken":["M","?","M","M","M","E","R","?","T","E","R","$","R","M","R","BOSS","M","M","$","?","?","R","E","R","T","R","?","R","E","M","R","BOSS","M","M","M","?","?","R","E","?","T","$","M","R","M","M","R","BOSS"],"build_version":"2018-06-21v2","purchased_purges":1,"victory":true,"max_hp_per_floor":[75,75,75,75,75,75,75,75,75,75,75,75,75,75,75,75,75,75,75,75,75,75,75,75,75,75,75,75,75,75,75,75,75,75,75,75,75,75,75,75,75,75,75,75,75,75,75,75,75,75],"card_choices":[{"not_picked":["BootSequence","Auto Shields"],"picked":"Conserve Battery","floor":1},{"not_picked":["Turbo","Steam"],"picked":"Chill","floor":2},{"not_picked":["Redo","Stack"],"picked":"Defragment","floor":3},{"not_picked":["Redo","Double Energy"],"picked":"Tempest","floor":4},{"not_picked":["Streamline","Ball Lightning"],"picked":"Conserve Battery","floor":5},{"not_picked":["Barrage","Aggregate"],"picked":"Genetic Algorithm","floor":6},{"not_picked":["Conserve Battery","Leap"],"picked":"FTL","floor":8},{"not_picked":["Stack","Steam"],"picked":"Darkness","floor":10},{"not_picked":["Defragment","Barrage"],"picked":"Hologram+1","floor":14},{"not_picked":["Thunder Strike","Creative AI"],"picked":"Electrodynamics","floor":16},{"not_picked":["Sweeping Beam","Rebound"],"picked":"Barrage+1","floor":18},{"not_picked":["Cold Snap","Leap+1"],"picked":"Blizzard","floor":19},{"not_picked":["Stack+1","Streamline"],"picked":"Sunder+1","floor":24},{"not_picked":["Hello World","Steam+1"],"picked":"Aggregate+1","floor":28},{"not_picked":["Rebound+1","Amplify+1"],"picked":"Coolheaded+1","floor":30},{"not_picked":["Streamline","Scrape"],"picked":"FTL","floor":31},{"not_picked":["Rainbow+1","Core Surge"],"picked":"Electrodynamics","floor":33},{"not_picked":["Turbo+1","Tempest+1"],"picked":"Reinforced Body+1","floor":35},{"not_picked":["Melter","Chaos+1"],"picked":"Hologram+1","floor":36},{"not_picked":["Rebound+1","Streamline+1"],"picked":"Ball Lightning+1","floor":37},{"not_picked":["Redo+1","Turbo+1"],"picked":"Cold Snap+1","floor":38},{"not_picked":["Self Repair","Stack+1"],"picked":"Go for the Eyes+1","floor":39},{"not_picked":["Biased Cognition","Steam Power+1"],"picked":"Conserve Battery+1","floor":41},{"not_picked":["Jack Of All Trades+1","Magnetism"],"picked":"Swift Strike","floor":42},{"not_picked":["Lockon+1","Hello World","Leap+1"],"picked":"SKIP","floor":45},{"not_picked":["Sunder+1","Turbo+1"],"picked":"Chaos+1","floor":47},{"not_picked":["Sweeping Beam","Compile Driver+1"],"picked":"Hologram+1","floor":48}],"player_experience":110579,"relics_obtained":[{"floor":6,"key":"Anchor"},{"floor":8,"key":"Odd Mushroom"},{"floor":9,"key":"Art of War"},{"floor":10,"key":"Letter Opener"},{"floor":24,"key":"Happy Flower"},{"floor":26,"key":"Tiny Chest"},{"floor":30,"key":"Whetstone"},{"floor":38,"key":"Thread and Needle"},{"floor":41,"key":"War Paint"},{"floor":43,"key":"Bronze Scales"}],"event_choices":[{"event_name":"Mushrooms","player_choice":"Fought Mushrooms","floor":8,"damage_taken":0},{"event_name":"Drug Dealer","player_choice":"Ignored","floor":21,"damage_taken":0},{"event_name":"Golden Shrine","player_choice":"Pray","floor":22,"damage_taken":0},{"event_name":"Mysterious Sphere","player_choice":"Fight","floor":38,"damage_taken":0},{"event_name":"SensoryStone","player_choice":"Memory 1","floor":42,"damage_taken":0}],"boss_relics":[{"not_picked":["Velvet Choker","Busted Crown"],"picked":"White Beast Statue"},{"not_picked":["Inserter","Tiny House"],"picked":"Nuclear Battery"}],"items_purged_floors":[20],"is_endless":false,"potions_floor_spawned":[2,3,4,5,8,14,18,19,24,28,30,31,33,35,36,37,38,39,41,45,47,48],"ascension_level":0}