{"gold_per_floor":[111,111,124,139,159,159,169,169,196,215,22,22,49,49,49,144,144,154,154,154,68,68,68,40,52,52,52,62,73,0,17,17,114,114,124,139,1138,1148,753,753,772,792,875,875,893,904,921,1,1,1],"floor_reached":51,"playtime":16178,"items_purged":["Normality","Normality"],"score":838,"play_id":"cdb58ef2-a298-4f1e-957c-0f9457f379c9","local_time":"20180905235024","is_ascension_mode":true,"campfire_choices":[{"data":"Predator","floor":6,"key":"SMITH"},{"data":"Caltrops","floor":8,"key":"SMITH"},{"data":"Noxious Fumes","floor":12,"key":"SMITH"},{"data":"Skewer","floor":15,"key":"SMITH"},{"data":"RitualDagger","floor":23,"key":"SMITH"},{"floor":27,"key":"REST"},{"floor":32,"key":"REST"},{"floor":40,"key":"REST"},{"floor":49,"key":"REST"}],"neow_cost":"NONE","seed_source_timestamp":513005438689982,"circlet_count":0,"master_deck":["Defend_G","Defend_G","Defend_G","Defend_G","Defend_G","Strike_G","Strike_G","Strike_G","Strike_G","Strike_G","Survivor","Neutralize+1","Predator+1","Backflip","Masterful Stab","Caltrops+1","Noxious Fumes+1","Skewer+1","Corpse Explosion","Dash","RitualDagger+1","Deadly Poison","Well Laid Plans","Flying Knee","PiercingWail+1","Deadly Poison+1","Calculated Gamble","Bullet Time","Backflip+1","Backstab","Concentrate+1","Crippling Poison","Well Laid Plans+1","PiercingWail+1","Catalyst","Dark Shackles","Footwork+1","Blind","Distraction","Deadly Poison"],"relics":["Ring of the Serpent","Potion Belt","Centennial Puzzle","Pantograph","Matryoshka","Orrery","OrangePellets","Juzu Bracelet","Tiny Chest","Ancient Tea Set","Bronze Scales","TheAbacus"],"potions_floor_usage":[13,16,24,25,28,29,33,33,46,47,47,47,50,50,50,50],"damage_taken":[{"damage":1,"enemies":"Small Slimes","floor":1,"turns":4},{"damage":0,"enemies":"Cultist","floor":3,"turns":3},{"damage":0,"enemies":"2 Louse","floor":4,"turns":3},{"damage":7,"enemies":"Gremlin Gang","floor":5,"turns":5},{"damage":0,"enemies":"Exordium Thugs","floor":7,"turns":4},{"damage":0,"enemies":"Exordium Wildlife","floor":10,"turns":4},{"damage":22,"enemies":"3 Sentries","floor":13,"turns":4},{"damage":28,"enemies":"The Guardian","floor":16,"turns":9},{"damage":2,"enemies":"Chosen","floor":18,"turns":4},{"damage":6,"enemies":"2 Thieves","floor":24,"turns":5},{"damage":31,"enemies":"Shelled Parasite and Fungi","floor":25,"turns":8},{"damage":14,"enemies":"Snecko","floor":28,"turns":5},{"damage":9,"enemies":"Snake Plant","floor":29,"turns":4},{"damage":11,"enemies":"Chosen and Byrds","floor":31,"turns":5},{"damage":49,"enemies":"Automaton","floor":33,"turns":12},{"damage":3,"enemies":"Orb Walker","floor":35,"turns":3},{"damage":25,"enemies":"3 Darklings","floor":36,"turns":7},{"damage":11,"enemies":"Reptomancer","floor":38,"turns":8},{"damage":8,"enemies":"Spire Growth","floor":41,"turns":5},{"damage":8,"enemies":"4 Shapes","floor":42,"turns":4},{"damage":39,"enemies":"Transient","floor":45,"turns":5},{"damage":1,"enemies":"Sphere and 2 Shapes","floor":46,"turns":3},{"damage":3,"enemies":"3 Darklings","floor":47,"turns":5},{"damage":39,"enemies":"Donu and Deca","floor":50,"turns":6}],"seed_played":"-3540901038763336435","potions_obtained":[{"floor":1,"key":"FairyPotion"},{"floor":3,"key":"AttackPotion"},{"floor":13,"key":"Weak Potion"},{"floor":16,"key":"GhostInAJar"},{"floor":24,"key":"Regen Potion"},{"floor":25,"key":"Swift Potion"},{"floor":31,"key":"LiquidBronze"},{"floor":33,"key":"Dexterity Potion"},{"floor":35,"key":"Weak Potion"},{"floor":41,"key":"PowerPotion"},{"floor":47,"key":"EssenceOfSteel"}],"is_trial":false,"path_per_floor":["M","?","M","M","M","R","M","R","T","M","$","R","E","T","R","B",null,"M","?","?","$","?","R","M","M","T","R","M","M","$","M","R","B",null,"M","M","?","M","$","R","M","M","T","?","M","M","M","$","R","B"],"character_chosen":"THE_SILENT","items_purchased":["Noxious Fumes","GhostInAJar","Explosive Potion","Deadly Poison","Well Laid Plans","Calculated Gamble","GhostInAJar","Dexterity Potion","OrangePellets","Ancient Tea Set","SkillPotion","Strength Potion","Weak Potion","Blind","Bronze Scales","TheAbacus","Distraction","Deadly Poison"],"campfire_rested":4,"item_purchase_floors":[11,11,11,21,21,30,39,39,39,48,48,48,48,48,48,48,48,48],"current_hp_per_floor":[76,76,76,76,69,69,69,69,69,69,69,69,47,47,47,44,69,67,61,54,54,54,54,48,31,31,54,40,31,31,20,43,19,63,60,35,35,24,24,47,39,31,31,31,7,6,3,3,26,12],"gold":1,"neow_bonus":"TEN_PERCENT_HP_BONUS","is_prod":false,"is_daily":false,"chose_seed":false,"campfire_upgraded":5,"win_rate":0,"timestamp":1536205824,"path_taken":["M","?","M","?","M","R","M","R","T","M","$","R","E","?","R","BOSS","M","?","?","$","?","R","?","M","T","R","M","M","$","M","R","BOSS","M","M","?","M","$","R","M","M","T","?","M","M","M","$","R","BOSS"],"build_version":"2018-08-30","purchased_purges":2,"victory":true,"max_hp_per_floor":[77,77,77,77,77,77,77,77,77,77,77,77,77,77,77,77,77,77,77,77,77,77,77,77,77,77,77,77,77,77,77,77,77,77,77,77,77,77,77,77,77,77,77,77,77,77,77,77,77,77],"card_choices":[{"not_picked":["Finisher","Riddle With Holes"],"picked":"Predator","floor":1},{"not_picked":["Slice","Underhanded Strike"],"picked":"Backflip","floor":3},{"not_picked":["Blur","All Out Attack"],"picked":"Masterful Stab","floor":4},{"not_picked":["Infinite Blades","Prepared","Deflect"],"picked":"SKIP","floor":5},{"not_picked":["Outmaneuver","Acrobatics"],"picked":"Caltrops","floor":7},{"not_picked":["Underhanded Strike","Outmaneuver","Eviscerate"],"picked":"SKIP","floor":10},{"not_picked":["Phantasmal Killer","Flying Knee"],"picked":"Skewer","floor":13},{"not_picked":["Doppelganger","Tools of the Trade"],"picked":"Corpse Explosion","floor":16},{"not_picked":["Slice","Acrobatics"],"picked":"Dash","floor":18},{"not_picked":["Underhanded Strike","Heel Hook"],"picked":"Flying Knee","floor":24},{"not_picked":["Underhanded Strike","Noxious Fumes"],"picked":"PiercingWail+1","floor":25},{"not_picked":["Flying Knee","Poisoned Stab","Dagger Throw+1"],"picked":"SKIP","floor":28},{"not_picked":["Glass Knife","Noxious Fumes"],"picked":"Deadly Poison+1","floor":29},{"not_picked":["Bane","Endless Agony","Underhanded Strike"],"picked":"SKIP","floor":31},{"not_picked":["Envenom","Adrenaline"],"picked":"Bullet Time","floor":33},{"not_picked":["Bouncing Flask","Bane"],"picked":"Backflip+1","floor":34},{"not_picked":["Blade Dance","A Thousand Cuts"],"picked":"Backstab","floor":34},{"not_picked":["Deflect","Dodge and Roll"],"picked":"Concentrate+1","floor":34},{"not_picked":["Underhanded Strike+1","Blur"],"picked":"Crippling Poison","floor":34},{"not_picked":["Predator","Accuracy","Flechettes+1"],"picked":"SKIP","floor":35},{"not_picked":["Acrobatics+1","Calculated Gamble"],"picked":"Well Laid Plans+1","floor":36},{"not_picked":["Well Laid Plans","Dodge and Roll+1"],"picked":"PiercingWail+1","floor":38},{"not_picked":["Slice","Outmaneuver","Cloak And Dagger"],"picked":"SKIP","floor":41},{"not_picked":["Quick Slash+1","Dagger Spray+1"],"picked":"Catalyst","floor":42},{"not_picked":["Deep Breath","Discovery"],"picked":"Dark Shackles","floor":44},{"not_picked":["Outmaneuver","Dodge and Roll+1"],"picked":"Footwork+1","floor":45},{"not_picked":["Underhanded Strike","Well Laid Plans+1","Tactician"],"picked":"SKIP","floor":46},{"not_picked":["Bouncing Flask+1","Quick Slash","Eviscerate+1"],"picked":"SKIP","floor":47}],"player_experience":2636460,"relics_obtained":[{"floor":9,"key":"Potion Belt"},{"floor":13,"key":"Centennial Puzzle"},{"floor":14,"key":"Pantograph"},{"floor":26,"key":"Matryoshka"},{"floor":43,"key":"Juzu Bracelet"},{"floor":43,"key":"Tiny Chest"}],"event_choices":[{"event_name":"Upgrade Shrine","player_choice":"Upgraded","floor":2,"damage_taken":0},{"event_name":"Nest","player_choice":"Joined the Cult","floor":19,"damage_taken":0},{"event_name":"Wheel of Change","player_choice":"Damage","floor":20,"damage_taken":0},{"event_name":"Vampires","player_choice":"Ignored","floor":22,"damage_taken":0},{"event_name":"MindBloom","player_choice":"Gold","floor":37,"damage_taken":0},{"event_name":"SensoryStone","player_choice":"Memory 1","floor":44,"damage_taken":0}],"is_beta":false,"boss_relics":[{"not_picked":["Lizard Tail","Eternal Feather"],"picked":"Ring of the Serpent"},{"not_picked":["Runic Pyramid","Coffee Dripper"],"picked":"Orrery"}],"items_purged_floors":[39,48],"is_endless":false,"potions_floor_spawned":[1,3,13,16,24,25,31,33,35,41,42,47],"ascension_level":5}