{"gold_per_floor":[115,115,125,139,155,186,186,215,266,286,286,320,391,466,466,466],"floor_reached":16,"playtime":931,"items_purged":[],"score":162,"play_id":"84c54e8d-18a4-4479-8ac3-1b0d840cf5e8","local_time":"20181024210653","is_ascension_mode":true,"campfire_choices":[{"floor":7,"key":"REST"},{"floor":11,"key":"REST"},{"floor":15,"key":"REST"}],"neow_cost":"NONE","seed_source_timestamp":353271789801602,"circlet_count":0,"master_deck":["Defend_G","Defend_G","Defend_G","Defend_G","Defend_G","Strike_G","Strike_G","Strike_G","Strike_G","Strike_G","Survivor","Neutralize","Dagger Throw","Dagger Spray","Poisoned Stab","Underhanded Strike","Reflex","Concentrate","Concentrate","Dagger Spray"],"special_seed":0,"relics":["Eternal Feather","Blood Vial","Ornamental Fan","Vajra","Smiling Mask"],"potions_floor_usage":[5,5,6,16],"damage_taken":[{"damage":0.0,"enemies":"2 Louse","floor":1.0,"turns":4.0},{"damage":7,"enemies":"Small Slimes","floor":3,"turns":4},{"damage":0,"enemies":"Cultist","floor":4,"turns":4},{"damage":4,"enemies":"Large Slime","floor":5,"turns":6},{"damage":40,"enemies":"Lagavulin","floor":6,"turns":9},{"damage":28,"enemies":"Gremlin Nob","floor":8,"turns":4},{"damage":4,"enemies":"Red Slaver","floor":10,"turns":5},{"damage":35,"enemies":"Lagavulin","floor":12,"turns":8},{"damage":49,"enemies":"Hexaghost","floor":16,"turns":11}],"seed_played":"-7409818361025417385","potions_obtained":[{"floor":3,"key":"Fire Potion"},{"floor":4,"key":"SpeedPotion"},{"floor":5,"key":"Dexterity Potion"},{"floor":10,"key":"Fire Potion"},{"floor":12,"key":"Weak Potion"}],"is_trial":false,"path_per_floor":["M","?","M","M","M","E","R","E","T","M","R","E","?","?","R"],"character_chosen":"THE_SILENT","items_purchased":[],"campfire_rested":3,"item_purchase_floors":[],"current_hp_per_floor":[63,68,61,61,57,17,48,22,22,20,51,18,18,7,41,0],"gold":466,"neow_bonus":"BOSS_RELIC","is_prod":false,"is_daily":false,"chose_seed":false,"campfire_upgraded":0,"win_rate":0,"timestamp":1540440413,"path_taken":["M","?","M","M","M","E","R","E","T","?","R","E","?","?","R","BOSS"],"build_version":"2018-10-18","purchased_purges":0,"victory":false,"max_hp_per_floor":[70,75,75,75,75,75,75,75,75,75,75,75,75,75,75,75],"card_choices":[{"not_picked":["Bane","Well Laid Plans"],"picked":"Dagger Throw","floor":1.0},{"not_picked":["Acrobatics","Finisher"],"picked":"Dagger Spray","floor":3},{"not_picked":["Escape Plan","PiercingWail"],"picked":"Poisoned Stab","floor":4},{"not_picked":["Dodge and Roll","Expertise"],"picked":"Underhanded Strike","floor":5},{"not_picked":["Blade Dance","Burst"],"picked":"Reflex","floor":6},{"not_picked":["Outmaneuver","Leg Sweep"],"picked":"Concentrate","floor":8},{"not_picked":["Riddle With Holes","Footwork"],"picked":"Concentrate","floor":10},{"not_picked":["Deadly Poison","Outmaneuver"],"picked":"Dagger Spray","floor":12}],"player_experience":52348,"relics_obtained":[{"floor":6,"key":"Blood Vial"},{"floor":8,"key":"Ornamental Fan"},{"floor":9,"key":"Vajra"},{"floor":12,"key":"Smiling Mask"}],"event_choices":[{"damage_healed":0.0,"max_hp_gain":5.0,"max_hp_loss":0.0,"gold_gain":0.0,"event_name":"Big Fish","player_choice":"Donut","floor":2.0,"gold_loss":0.0,"damage_taken":0.0},{"damage_healed":0,"gold_gain":71,"player_choice":"Gained Gold","damage_taken":0,"max_hp_gain":0,"max_hp_loss":0,"event_name":"Golden Wing","floor":13,"gold_loss":0},{"damage_healed":0,"gold_gain":75,"player_choice":"Gather Gold","damage_taken":11,"max_hp_gain":0,"max_hp_loss":0,"event_name":"World of Goop","floor":14,"gold_loss":0}],"is_beta":false,"boss_relics":[],"items_purged_floors":[],"is_endless":false,"potions_floor_spawned":[3,4,5,10,12],"killed_by":"Hexaghost","ascension_level":7}