{"gold_per_floor":[115,63,117,44,44,44,74,74,127,127,142,92,17,27,27,125,125,136,236,38,38,57,84,96,96,146,146,146,158,158,186,186,290,340,353,353,366,381,398,398,398,398,398,408,422,434,143,158,158,158],"floor_reached":51,"playtime":1462,"items_purged":["Defend_B","Parasite"],"score":775,"play_id":"f19a7a53-6124-45c2-9315-dbb8d9558ddb","local_time":"20181214004326","is_ascension_mode":false,"campfire_choices":[{"data":"Dualcast","floor":6.0,"key":"SMITH"},{"data":"Zap","floor":8.0,"key":"SMITH"},{"data":"Ball Lightning","floor":10.0,"key":"SMITH"},{"data":"Ball Lightning","floor":15.0,"key":"SMITH"},{"data":"Seek","floor":25.0,"key":"SMITH"},{"data":"Ball Lightning","floor":28.0,"key":"SMITH"},{"data":"Coolheaded","floor":30.0,"key":"SMITH"},{"data":"Conserve Battery","floor":32.0,"key":"SMITH"},{"data":"Creative AI","floor":40.0,"key":"SMITH"},{"data":"Conserve Battery","floor":42.0,"key":"SMITH"},{"data":"Defragment","floor":49.0,"key":"SMITH"}],"neow_cost":"NONE","seed_source_timestamp":0,"circlet_count":0,"master_deck":["Defend_B+1","Defend_B+1","Zap+1","Dualcast+1","Defragment+1","Ball Lightning+1","Conserve Battery+1","Ball Lightning+1","Conserve Battery+1","Coolheaded+1","Seek+1","BootSequence","Glacier+1","Auto Shields+1","Ball Lightning+1","Conserve Battery+1","Chill","Creative AI+1","Chill","Rainbow","Defragment+1"],"special_seed":0,"relics":["Cracked Core","DataDisk","Blood Vial","Vajra","Cursed Key","StoneCalendar","Symbiotic Virus","Membership Card","Omamori","Strawberry","Regal Pillow","Tiny House","Shuriken","Oddly Smooth Stone","Emotion Chip"],"potions_floor_usage":[50,50,50],"damage_taken":[{"damage":0.0,"enemies":"Cultist","floor":1.0,"turns":3.0},{"damage":0.0,"enemies":"Small Slimes","floor":11.0,"turns":2.0},{"damage":0.0,"enemies":"2 Louse","floor":14.0,"turns":2.0},{"damage":28.0,"enemies":"Hexaghost","floor":16.0,"turns":8.0},{"damage":1.0,"enemies":"3 Byrds","floor":18.0,"turns":3.0},{"damage":7.0,"enemies":"Colosseum Slavers","floor":19.0,"turns":3.0},{"damage":23.0,"enemies":"Colosseum Nobs","floor":19.0,"turns":4.0},{"damage":0.0,"enemies":"Spheric Guardian","floor":22.0,"turns":2.0},{"damage":6.0,"enemies":"Book of Stabbing","floor":23.0,"turns":4.0},{"damage":0.0,"enemies":"Snecko","floor":24.0,"turns":4.0},{"damage":0.0,"enemies":"Snake Plant","floor":29.0,"turns":3.0},{"damage":0.0,"enemies":"Slavers","floor":31.0,"turns":6.0},{"damage":1.0,"enemies":"Automaton","floor":33.0,"turns":11.0},{"damage":0.0,"enemies":"Orb Walker","floor":35.0,"turns":4.0},{"damage":0.0,"enemies":"3 Shapes","floor":37.0,"turns":3.0},{"damage":0.0,"enemies":"Spire Growth","floor":38.0,"turns":4.0},{"damage":1.0,"enemies":"Transient","floor":39.0,"turns":5.0},{"damage":0.0,"enemies":"Jaw Worm Horde","floor":44.0,"turns":6.0},{"damage":0.0,"enemies":"Writhing Mass","floor":45.0,"turns":6.0},{"damage":0.0,"enemies":"Spire Growth","floor":46.0,"turns":6.0},{"damage":0.0,"enemies":"3 Darklings","floor":48.0,"turns":7.0},{"damage":0,"enemies":"Time Eater","floor":50,"turns":12}],"seed_played":"-8828444647490665877","potions_obtained":[{"floor":1.0,"key":"EssenceOfSteel"},{"floor":14.0,"key":"Swift Potion"},{"floor":18.0,"key":"SkillPotion"},{"floor":19.0,"key":"SpeedPotion"},{"floor":33.0,"key":"Dexterity Potion"},{"floor":34.0,"key":"Regen Potion"},{"floor":35.0,"key":"Swift Potion"},{"floor":39.0,"key":"Dexterity Potion"}],"is_trial":false,"path_per_floor":["M","$","T","$","?","R","?","R","T","R","M","?","$","M","R","B",null,"M","?","$","?","M","E","M","R","T","?","R","M","R","E","R","B",null,"M","?","M","M","M","R","?","R","T","M","M","M","$","M","R","B",null],"character_chosen":"DEFECT","items_purchased":["Ball Lightning","Conserve Battery","Ball Lightning","Membership Card","Oddly Smooth Stone","Emotion Chip","PowerPotion"],"campfire_rested":0,"item_purchase_floors":[2,4,4,20,47,47,47],"current_hp_per_floor":[82,82,82,82,82,82,82,82,82,82,82,82,82,82,82,54,82,81,54,54,54,56,52,54,54,61,61,61,63,63,65,65,66,94,94,94,94,94,93,93,93,93,93,94,94,94,91,91,91,91],"gold":158,"neow_bonus":"TEN_PERCENT_HP_BONUS","is_prod":false,"is_daily":false,"chose_seed":false,"campfire_upgraded":11,"win_rate":0,"timestamp":1544748206,"path_taken":["M","$","?","$","?","R","?","R","T","R","M","?","?","M","R","BOSS","M","?","$","?","M","E","M","R","T","?","R","?","R","E","R","BOSS","M","?","M","?","M","R","?","R","T","M","M","M","$","M","R","BOSS"],"build_version":"2018-12-13","purchased_purges":2,"victory":true,"max_hp_per_floor":[82,82,82,82,82,82,82,82,82,82,82,82,82,82,82,82,82,82,82,82,82,82,82,82,82,89,89,89,89,89,89,89,89,94,94,94,94,94,94,94,94,94,94,94,94,94,91,91,91,91],"card_choices":[{"not_picked":["BootSequence","Ball Lightning"],"picked":"Defragment","floor":1.0},{"not_picked":["Recycle","Reprogram"],"picked":"Conserve Battery","floor":11.0},{"not_picked":["Leap","Redo"],"picked":"Coolheaded","floor":14.0},{"not_picked":["Biased Cognition","Core Surge"],"picked":"Seek","floor":16.0},{"not_picked":["Cold Snap","Redo+1"],"picked":"BootSequence","floor":18.0},{"not_picked":["Heatsinks","Sweeping Beam+1"],"picked":"Glacier+1","floor":19.0},{"not_picked":["Fusion","Force Field"],"picked":"Conserve Battery+1","floor":22.0},{"not_picked":["Turbo","Steam","Static Discharge"],"picked":"SKIP","floor":23.0},{"not_picked":["Coolheaded+1","Compile Driver","Sunder"],"picked":"SKIP","floor":24.0},{"not_picked":["Heatsinks","Stack","Loop"],"picked":"SKIP","floor":29.0},{"not_picked":["Creative AI","Gash+1"],"picked":"Chill","floor":31.0},{"not_picked":["Reboot","Meteor Strike"],"picked":"Creative AI","floor":33.0},{"not_picked":["Barrage+1","Steam+1","Sweeping Beam+1"],"picked":"SKIP","floor":35.0},{"not_picked":["Streamline","Coolheaded+1","Rebound"],"picked":"SKIP","floor":37.0},{"not_picked":["Steam+1","Ball Lightning+1","Chaos"],"picked":"SKIP","floor":38.0},{"not_picked":["Reprogram+1","Sweeping Beam+1","Blizzard"],"picked":"SKIP","floor":39.0},{"not_picked":["Conserve Battery","Sunder","Coolheaded+1"],"picked":"SKIP","floor":44.0},{"not_picked":["Glacier","Steam Power+1"],"picked":"Rainbow","floor":45.0},{"not_picked":["Steam+1","Storm+1","Turbo"],"picked":"SKIP","floor":46.0},{"not_picked":["Compile Driver+1","Barrage"],"picked":"Defragment","floor":48.0}],"player_experience":879330,"relics_obtained":[{"floor":3.0,"key":"DataDisk"},{"floor":9.0,"key":"Vajra"},{"floor":19.0,"key":"StoneCalendar"},{"floor":19.0,"key":"Symbiotic Virus"},{"floor":23.0,"key":"Omamori"},{"floor":26.0,"key":"Strawberry"},{"floor":31.0,"key":"Regal Pillow"},{"floor":43.0,"key":"Shuriken"}],"event_choices":[{"damage_healed":0.0,"max_hp_gain":0.0,"max_hp_loss":0.0,"gold_gain":0.0,"event_name":"Living Wall","player_choice":"Grow","floor":5.0,"gold_loss":0.0,"damage_taken":0.0,"cards_upgraded":["Defragment"]},{"damage_healed":0.0,"max_hp_gain":0.0,"max_hp_loss":0.0,"gold_gain":30.0,"event_name":"Dead Adventurer","player_choice":"Searched \u00272\u0027 times","floor":7.0,"gold_loss":0.0,"damage_taken":0.0,"relics_obtained":["Blood Vial"]},{"cards_removed":["Strike_B"],"damage_healed":0.0,"max_hp_gain":0.0,"max_hp_loss":0.0,"gold_gain":0.0,"event_name":"The Cleric","player_choice":"Card Removal","floor":12.0,"gold_loss":50.0,"damage_taken":0.0},{"damage_healed":0.0,"max_hp_gain":0.0,"max_hp_loss":0.0,"gold_gain":0.0,"event_name":"Colosseum","player_choice":"Fight","floor":19.0,"gold_loss":0.0,"damage_taken":0.0},{"damage_healed":0.0,"max_hp_gain":0.0,"max_hp_loss":0.0,"gold_gain":0.0,"event_name":"Colosseum","player_choice":"Fought Nobs","floor":19.0,"gold_loss":0.0,"damage_taken":0.0},{"damage_healed":0.0,"max_hp_gain":0.0,"max_hp_loss":0.0,"gold_gain":0.0,"cards_transformed":["Strike_B","Strike_B"],"event_name":"Drug Dealer","player_choice":"Became Test Subject","floor":21.0,"gold_loss":0.0,"damage_taken":0.0,"cards_obtained":["Auto Shields","Ball Lightning"]},{"damage_healed":0.0,"max_hp_gain":0.0,"max_hp_loss":0.0,"gold_gain":0.0,"event_name":"Back to Basics","player_choice":"Simplicity","floor":27.0,"gold_loss":0.0,"damage_taken":0.0,"cards_upgraded":["Strike_B","Defend_B","Defend_B","Defend_B"]},{"damage_healed":0.0,"max_hp_gain":0.0,"max_hp_loss":0.0,"gold_gain":0.0,"cards_transformed":["Defend_B"],"event_name":"Transmorgrifier","player_choice":"Transformed","floor":36.0,"gold_loss":0.0,"damage_taken":0.0,"cards_obtained":["Chill"]},{"cards_removed":["Strike_B"],"damage_healed":0.0,"max_hp_gain":0.0,"max_hp_loss":0.0,"gold_gain":0.0,"event_name":"Falling","player_choice":"Removed Attack","floor":41.0,"gold_loss":0.0,"damage_taken":0.0}],"is_beta":false,"boss_relics":[{"not_picked":["Inserter","Lizard Tail"],"picked":"Cursed Key"},{"not_picked":["Sozu","Velvet Choker"],"picked":"Tiny House"}],"items_purged_floors":[13,47],"is_endless":false,"potions_floor_spawned":[1,14,18,19,33,35,39],"ascension_level":0}