{"gold_per_floor":[112,132,132,57,82,115,140,40,40,40,40,54,85,35,35,158,221,239,339,17,17,40,83,97,97,97,112,112,143,143,190,190,190],"floor_reached":33,"playtime":2111,"items_purged":["Injury","Strike_B","Defend_B"],"score":421,"play_id":"fda65bb7-1ff2-494a-a65b-dc228415f924","local_time":"20180721123833","is_ascension_mode":true,"campfire_choices":[{"data":"Electrodynamics","floor":11,"key":"SMITH"},{"floor":15,"key":"REST"},{"floor":25,"key":"REST"},{"floor":28,"key":"REST"},{"floor":30,"key":"REST"},{"floor":32,"key":"REST"}],"neow_cost":"TEN_PERCENT_HP_LOSS","seed_source_timestamp":7947598606044,"circlet_count":0,"master_deck":["Strike_B+1","Defend_B","Defend_B","Defend_B","Zap","Dualcast","Electrodynamics+1","Conserve Battery","Steam","Rebound","Static Discharge","Go for the Eyes+1","Sunder+1","BootSequence","Creative AI","Tempest","White Noise","Reprogram","Auto Shields+1","White Noise","Stack+1","Ball Lightning"],"relics":["Cracked Core","Golden Idol","Torii","Unceasing Top","Mango","Tiny House","Lee\u0027s Waffle","Whetstone","Frozen Egg 2","Meat on the Bone","Bag of Marbles"],"potions_floor_usage":[7,18,18,23,27,29,33],"damage_taken":[{"damage":0,"enemies":"2 Louse","floor":1,"turns":1},{"damage":0,"enemies":"Cultist","floor":2,"turns":3},{"damage":0,"enemies":"Jaw Worm","floor":5,"turns":3},{"damage":17,"enemies":"Lagavulin","floor":6,"turns":6},{"damage":0,"enemies":"2 Fungi Beasts","floor":7,"turns":1},{"damage":2,"enemies":"Large Slime","floor":12,"turns":4},{"damage":10,"enemies":"3 Sentries","floor":13,"turns":4},{"damage":46,"enemies":"The Guardian","floor":16,"turns":10},{"damage":14,"enemies":"3 Byrds","floor":18,"turns":3},{"damage":18,"enemies":"2 Thieves","floor":22,"turns":3},{"damage":38,"enemies":"Slavers","floor":23,"turns":5},{"damage":10,"enemies":"Chosen and Byrds","floor":24,"turns":5},{"damage":1,"enemies":"Cultist and Chosen","floor":27,"turns":6},{"damage":51,"enemies":"Book of Stabbing","floor":29,"turns":6},{"damage":94,"enemies":"Champ","floor":33,"turns":13}],"seed_played":"-3378904236413314498","potions_obtained":[{"floor":2,"key":"Explosive Potion"},{"floor":12,"key":"SmokeBomb"},{"floor":13,"key":"Ancient Potion"},{"floor":16,"key":"Block Potion"},{"floor":17,"key":"SkillPotion"},{"floor":18,"key":"Fire Potion"},{"floor":27,"key":"AttackPotion"},{"floor":29,"key":"Dexterity Potion"}],"is_trial":false,"path_per_floor":["M","M","?","$","M","E","M","$","T","$","R","M","E","?","R","B",null,"M","?","$","?","M","E","M","R","T","M","R","E","R","T","R"],"character_chosen":"DEFECT","items_purchased":["Lee\u0027s Waffle"],"campfire_rested":5,"item_purchase_floors":[20],"current_hp_per_floor":[68,68,68,68,68,51,51,51,51,51,51,49,53,53,77,31,74,60,60,94,94,76,38,28,56,56,55,83,32,60,60,88,0],"gold":190,"neow_bonus":"THREE_RARE_CARDS","is_prod":false,"is_daily":false,"chose_seed":false,"campfire_upgraded":1,"win_rate":0,"timestamp":1532191113,"path_taken":["M","M","?","$","M","E","M","$","T","?","R","?","E","?","R","BOSS","M","?","$","?","M","E","M","R","T","M","R","E","R","?","R","BOSS"],"build_version":"2018-07-19v2","purchased_purges":3,"victory":false,"max_hp_per_floor":[68,68,68,68,68,68,68,68,68,68,68,68,82,82,82,82,87,87,87,94,94,94,94,94,94,94,94,94,94,94,94,94,94],"card_choices":[{"not_picked":["Echo Form","Seek"],"picked":"Electrodynamics","floor":0},{"not_picked":["Tempest","Coolheaded"],"picked":"Conserve Battery","floor":1},{"not_picked":["Heatsinks","Reprogram"],"picked":"Steam","floor":2},{"not_picked":["Compile Driver","Hello World"],"picked":"Rebound","floor":5},{"not_picked":["Steam","Sunder"],"picked":"Static Discharge","floor":6},{"not_picked":["Hologram","Rebound"],"picked":"Go for the Eyes","floor":7},{"not_picked":["Electrodynamics","Hologram"],"picked":"Sunder","floor":12},{"not_picked":["Aggregate","Steam Power"],"picked":"BootSequence","floor":13},{"not_picked":["Fission","All For One"],"picked":"Creative AI","floor":16},{"not_picked":["Chill","Ball Lightning"],"picked":"Tempest","floor":17},{"not_picked":["Go for the Eyes","Streamline+1"],"picked":"White Noise","floor":18},{"not_picked":["Steam","Steam Power"],"picked":"Reprogram","floor":22},{"not_picked":["Cold Snap","Force Field"],"picked":"Auto Shields+1","floor":23},{"not_picked":["Turbo","Stack"],"picked":"White Noise","floor":24},{"not_picked":["Coolheaded","Hyperbeam"],"picked":"Stack+1","floor":27},{"not_picked":["Turbo","Force Field"],"picked":"Ball Lightning","floor":29}],"player_experience":452697,"relics_obtained":[{"floor":6,"key":"Torii"},{"floor":9,"key":"Unceasing Top"},{"floor":13,"key":"Mango"},{"floor":23,"key":"Whetstone"},{"floor":26,"key":"Frozen Egg 2"},{"floor":29,"key":"Meat on the Bone"},{"floor":31,"key":"Bag of Marbles"}],"event_choices":[{"event_name":"Golden Idol","player_choice":"Take Wound","floor":3,"damage_taken":0},{"event_name":"The Cleric","player_choice":"Card Removal","floor":14,"damage_taken":0},{"event_name":"Golden Shrine","player_choice":"Pray","floor":19,"damage_taken":0},{"event_name":"Purifier","player_choice":"One Purge","floor":21,"damage_taken":0}],"is_beta":false,"boss_relics":[{"not_picked":["Velvet Choker","Fusion Hammer"],"picked":"Tiny House"}],"items_purged_floors":[4,8,20],"is_endless":false,"potions_floor_spawned":[2,12,13,16,18,27,29],"killed_by":"Champ","ascension_level":7}