{"gold_per_floor":[111,186,36,36,211,211,246,262,262,274,301,315,345,107,107,107],"floor_reached":16,"playtime":367,"items_purged":["Doubt"],"score":225,"play_id":"545af3f2-a987-4472-9930-842e3c8f0c90","local_time":"20190210033912","is_ascension_mode":true,"campfire_choices":[{"data":"Bash","floor":6.0,"key":"SMITH"},{"data":"Immolate","floor":15.0,"key":"SMITH"}],"neow_cost":"NONE","seed_source_timestamp":46740337599900,"circlet_count":0,"master_deck":["AscendersBane","Strike_R","Strike_R","Strike_R","Strike_R+1","Strike_R","Defend_R","Defend_R","Defend_R+1","Defend_R","Bash+1","Infernal Blade","Ghostly Armor","Whirlwind","Immolate+1"],"special_seed":0,"relics":["Burning Blood","NeowsBlessing","Oddly Smooth Stone","Orichalcum","Pear","Centennial Puzzle","Odd Mushroom"],"potions_floor_usage":[16],"damage_taken":[{"damage":0.0,"enemies":"Small Slimes","floor":1.0,"turns":1.0},{"damage":0.0,"enemies":"Gremlin Nob","floor":7.0,"turns":1.0},{"damage":0.0,"enemies":"Jaw Worm","floor":8.0,"turns":1.0},{"damage":5.0,"enemies":"2 Louse","floor":10.0,"turns":2.0},{"damage":28.0,"enemies":"Lagavulin","floor":11.0,"turns":6.0},{"damage":7.0,"enemies":"Lots of Slimes","floor":12.0,"turns":7.0},{"damage":35.0,"enemies":"The Mushroom Lair","floor":13.0,"turns":6.0},{"damage":28,"enemies":"Slime Boss","floor":16,"turns":6}],"seed_played":"2623430002436888659","potions_obtained":[{"floor":7.0,"key":"SteroidPotion"},{"floor":8.0,"key":"FearPotion"},{"floor":10.0,"key":"Fruit Juice"}],"is_trial":false,"path_per_floor":["M","?","$","?","?","R","E","M","T","M","E","M","?","$","R","B"],"character_chosen":"IRONCLAD","items_purchased":["Oddly Smooth Stone","Immolate"],"campfire_rested":0,"item_purchase_floors":[3,14],"current_hp_per_floor":[78,67,67,51,51,51,57,63,73,79,57,56,27,27,27,0],"gold":107,"neow_bonus":"THREE_ENEMY_KILL","is_prod":false,"is_daily":false,"chose_seed":false,"campfire_upgraded":2,"win_rate":0,"timestamp":1549762752,"path_taken":["M","?","$","?","?","R","E","M","T","M","E","M","?","$","R","BOSS"],"build_version":"2019-01-23","purchased_purges":1,"victory":false,"max_hp_per_floor":[80,80,80,80,80,80,80,80,90,95,95,95,95,95,95,95],"card_choices":[{"not_picked":["Armaments","Evolve","True Grit"],"picked":"SKIP","floor":1.0},{"not_picked":["Infernal Blade","Pommel Strike","Havoc"],"picked":"SKIP","floor":7.0},{"not_picked":["Pommel Strike","Havoc"],"picked":"Infernal Blade","floor":7.0},{"not_picked":["Body Slam","True Grit","Clothesline"],"picked":"SKIP","floor":8.0},{"not_picked":["Infernal Blade","Thunderclap"],"picked":"Ghostly Armor","floor":10.0},{"not_picked":["Armaments","Havoc","Second Wind"],"picked":"SKIP","floor":11.0},{"not_picked":["Body Slam","Perfected Strike"],"picked":"Whirlwind","floor":12.0}],"player_experience":685399,"relics_obtained":[{"floor":7.0,"key":"Orichalcum"},{"floor":9.0,"key":"Pear"},{"floor":11.0,"key":"Centennial Puzzle"},{"floor":13.0,"key":"Odd Mushroom"}],"event_choices":[{"damage_healed":0.0,"max_hp_gain":0.0,"max_hp_loss":0.0,"gold_gain":75.0,"event_name":"World of Goop","player_choice":"Gather Gold","floor":2.0,"gold_loss":0.0,"damage_taken":11.0},{"damage_healed":0.0,"max_hp_gain":0.0,"max_hp_loss":0.0,"gold_gain":0.0,"event_name":"Shining Light","player_choice":"Entered Light","floor":4.0,"gold_loss":0.0,"damage_taken":16.0,"cards_upgraded":["Strike_R","Defend_R"]},{"damage_healed":0.0,"max_hp_gain":0.0,"max_hp_loss":0.0,"gold_gain":175.0,"event_name":"Liars Game","player_choice":"AGREE","floor":5.0,"gold_loss":0.0,"damage_taken":0.0,"cards_obtained":["Doubt"]},{"damage_healed":0.0,"max_hp_gain":0.0,"max_hp_loss":0.0,"gold_gain":0.0,"event_name":"Mushrooms","player_choice":"Fought Mushrooms","floor":13.0,"gold_loss":0.0,"damage_taken":0.0}],"is_beta":false,"boss_relics":[],"items_purged_floors":[14],"is_endless":false,"potions_floor_spawned":[7,8,10],"killed_by":"Slime Boss","ascension_level":10}