{"gold_per_floor":[112,112,112,166,178,204,223,258,258,277,277,307,307,109,109,109],"floor_reached":16,"playtime":434,"items_purged":[],"score":108,"play_id":"987136a4-1619-4ee9-b1a9-f9681d5e19bd","local_time":"20181219224520","is_ascension_mode":false,"campfire_choices":[{"data":"Zap","floor":11,"key":"SMITH"},{"data":"Cold Snap","floor":15,"key":"SMITH"}],"neow_cost":"NONE","seed_source_timestamp":1813370761293765,"circlet_count":0,"master_deck":["Strike_B","Strike_B","Strike_B","Defend_B","Defend_B","Defend_B","Defend_B","Zap+1","Dualcast+1","Cold Snap+1","Conserve Battery"],"special_seed":0,"relics":["Cracked Core","Art of War","Strawberry","DataDisk","Juzu Bracelet"],"potions_floor_usage":[16],"damage_taken":[{"damage":0.0,"enemies":"Small Slimes","floor":1.0,"turns":2.0},{"damage":0.0,"enemies":"Cultist","floor":5.0,"turns":3.0},{"damage":29.0,"enemies":"3 Sentries","floor":6.0,"turns":8.0},{"damage":0.0,"enemies":"Jaw Worm","floor":7.0,"turns":4.0},{"damage":17.0,"enemies":"Lagavulin","floor":8.0,"turns":7.0},{"damage":0,"enemies":"Exordium Wildlife","floor":10,"turns":2},{"damage":33,"enemies":"Hexaghost","floor":16,"turns":15}],"seed_played":"-1455480516249463954","potions_obtained":[{"floor":8.0,"key":"PowerPotion"},{"floor":10,"key":"EssenceOfSteel"}],"is_trial":false,"path_per_floor":["M","?","$","T","M","E","M","E","E","T","M","R","?","?","$","R","B"],"character_chosen":"DEFECT","items_purchased":["Juzu Bracelet","Conserve Battery"],"campfire_rested":0,"item_purchase_floors":[14,14],"current_hp_per_floor":[75,75,75,75,75,53,53,36,36,36,36,36,36,36,36,3],"gold":109,"neow_bonus":"UPGRADE_CARD","is_prod":false,"is_daily":false,"chose_seed":false,"campfire_upgraded":2,"win_rate":0,"timestamp":1545259520,"path_taken":["M","?","$","?","M","E","M","E","T","M","R","?","?","$","R","BOSS"],"build_version":"2018-12-13","purchased_purges":0,"victory":false,"max_hp_per_floor":[75,75,75,75,75,82,82,82,82,82,82,82,82,82,82,82],"card_choices":[{"not_picked":["Rebound","Scrape","Barrage"],"picked":"SKIP","floor":1.0},{"not_picked":["Stack","Loop","Blizzard"],"picked":"SKIP","floor":5.0},{"not_picked":["Steam","Leap","Compile Driver"],"picked":"SKIP","floor":6.0},{"not_picked":["Turbo","Creative AI","Melter"],"picked":"SKIP","floor":7.0},{"not_picked":["Stack","Turbo"],"picked":"Cold Snap","floor":8.0},{"not_picked":["Hologram","Stack","Blizzard"],"picked":"SKIP","floor":10}],"player_experience":896550,"relics_obtained":[{"floor":4.0,"key":"Art of War"},{"floor":6.0,"key":"Strawberry"}],"event_choices":[{"cards_removed":["Strike_B"],"damage_healed":0.0,"max_hp_gain":0.0,"max_hp_loss":0.0,"gold_gain":0.0,"event_name":"Bonfire Elementals","player_choice":"Offered Basic","floor":2.0,"gold_loss":0.0,"damage_taken":0.0},{"damage_healed":0,"gold_gain":30,"player_choice":"Searched \u00273\u0027 times","damage_taken":0,"relics_obtained":["DataDisk"],"max_hp_gain":0,"max_hp_loss":0,"event_name":"Dead Adventurer","floor":12,"gold_loss":0},{"damage_healed":0,"gold_gain":0,"player_choice":"Ignored","damage_taken":0,"max_hp_gain":0,"max_hp_loss":0,"event_name":"NoteForYourself","floor":13,"gold_loss":0}],"is_beta":false,"boss_relics":[],"items_purged_floors":[],"is_endless":false,"potions_floor_spawned":[8,10],"killed_by":"Hexaghost","ascension_level":0}