{"gold_per_floor":[118,43,63,63,77,77,89,89,89,116,216,46,77,88,88,185,185,199,199,213,213,230,241,43,43,67,102,102,121,121,135,135,233,233,243,257,257,257,56,56,87,87],"floor_reached":42,"playtime":1907,"items_purged":["Strike_G","Strike_G","Strike_G","Strike_G"],"score":456,"play_id":"d64d20ae-2ab5-4c5f-a400-8127342da171","local_time":"20190208150055","is_ascension_mode":false,"campfire_choices":[{"data":"Dagger Spray","floor":6,"key":"SMITH"},{"data":"Neutralize","floor":8,"key":"SMITH"},{"data":"Blade Dance","floor":15,"key":"SMITH"},{"data":"Footwork","floor":25,"key":"SMITH"},{"floor":30,"key":"REST"},{"floor":32,"key":"REST"},{"data":"Storm of Steel","floor":40,"key":"SMITH"}],"neow_cost":"NONE","seed_source_timestamp":595480674802621,"circlet_count":0,"master_deck":["Defend_G","Defend_G","Defend_G","Defend_G","Defend_G","Survivor","Neutralize+1","Cloak And Dagger+1","Deflect","Dagger Spray+1","Choke","Accuracy","Caltrops","Blade Dance+1","A Thousand Cuts+1","Acrobatics+1","Footwork+1","Corpse Explosion","Storm of Steel+1","Strike_R"],"relics":["Ring of the Snake","Ornamental Fan","Ninja Scroll","Blood Vial","HoveringKite","Smiling Mask","Incense Burner","Sozu","PreservedInsect","Du-Vu Doll"],"potions_floor_usage":[16,16,29,33,33,42],"damage_taken":[{"damage":0,"enemies":"Small Slimes","floor":1,"turns":3},{"damage":1,"enemies":"Cultist","floor":3,"turns":4},{"damage":0,"enemies":"2 Louse","floor":5,"turns":2},{"damage":8,"enemies":"Large Slime","floor":7,"turns":8},{"damage":9,"enemies":"3 Sentries","floor":10,"turns":7},{"damage":10,"enemies":"Gremlin Nob","floor":13,"turns":4},{"damage":0,"enemies":"Red Slaver","floor":14,"turns":3},{"damage":51,"enemies":"Slime Boss","floor":16,"turns":10},{"damage":20,"enemies":"2 Thieves","floor":18,"turns":3},{"damage":0,"enemies":"3 Byrds","floor":20,"turns":4},{"damage":11,"enemies":"Snake Plant","floor":22,"turns":3},{"damage":17,"enemies":"Snecko","floor":23,"turns":6},{"damage":27,"enemies":"Gremlin Leader","floor":27,"turns":5},{"damage":8,"enemies":"Centurion and Healer","floor":29,"turns":5},{"damage":10,"enemies":"Cultist and Chosen","floor":31,"turns":6},{"damage":30,"enemies":"Champ","floor":33,"turns":11},{"damage":18,"enemies":"3 Darklings","floor":35,"turns":3},{"damage":7,"enemies":"Orb Walker","floor":36,"turns":3},{"damage":35,"enemies":"Nemesis","floor":41,"turns":7},{"damage":48,"enemies":"Transient","floor":42,"turns":5}],"seed_played":"-2811953838430230039","potions_obtained":[{"floor":1,"key":"Dexterity Potion"},{"floor":5,"key":"Dexterity Potion"},{"floor":16,"key":"SneckoOil"},{"floor":18,"key":"SneckoOil"},{"floor":23,"key":"AttackPotion"},{"floor":31,"key":"SkillPotion"}],"is_trial":false,"path_per_floor":["M","$","M","?","M","R","M","R","T","E","?","$","E","M","R","B",null,"M","?","M","?","M","M","$","R","T","E","?","M","R","M","R","B",null,"M","M","?","?","$","R","E","M"],"character_chosen":"THE_SILENT","items_purchased":["Accuracy","Footwork","PreservedInsect"],"campfire_rested":2,"item_purchase_floors":[12,24,39],"current_hp_per_floor":[77,77,76,76,76,76,68,68,68,59,59,59,49,51,51,2,77,57,57,59,59,50,35,35,35,35,10,10,4,27,19,42,14,77,59,54,54,54,54,54,21,0],"gold":87,"neow_bonus":"TEN_PERCENT_HP_BONUS","is_prod":false,"is_daily":false,"chose_seed":false,"campfire_upgraded":5,"win_rate":0,"timestamp":1549609255,"path_taken":["M","$","M","?","M","R","M","R","T","E","?","$","E","?","R","BOSS","M","?","?","?","M","M","$","R","T","E","?","M","R","?","R","BOSS","M","M","?","?","$","R","E","M"],"build_version":"2019-01-23","purchased_purges":4,"victory":false,"max_hp_per_floor":[77,77,77,77,77,77,77,77,77,77,77,77,77,77,77,77,77,77,77,77,77,77,77,77,77,77,77,77,77,77,77,77,77,77,77,77,77,77,77,77,77,77],"card_choices":[{"not_picked":["Predator","Reflex"],"picked":"Cloak And Dagger","floor":1},{"not_picked":["Reflex","All Out Attack"],"picked":"Deflect","floor":3},{"not_picked":["Outmaneuver","Wraith Form v2"],"picked":"Dagger Spray","floor":5},{"not_picked":["Blur","Underhanded Strike"],"picked":"Choke","floor":7},{"not_picked":["Reflex","Predator"],"picked":"Acrobatics","floor":10},{"not_picked":["Backflip","Catalyst"],"picked":"Caltrops","floor":13},{"not_picked":["Dagger Throw","Outmaneuver"],"picked":"Blade Dance","floor":14},{"not_picked":["Adrenaline","Venomology"],"picked":"A Thousand Cuts","floor":16},{"not_picked":["Quick Slash","Dagger Spray"],"picked":"Acrobatics+1","floor":18},{"not_picked":["All Out Attack+1","PiercingWail","Dagger Throw+1"],"picked":"SKIP","floor":20},{"not_picked":["Underhanded Strike","Eviscerate","Noxious Fumes"],"picked":"SKIP","floor":22},{"not_picked":["Reflex","Dodge and Roll","Deflect"],"picked":"SKIP","floor":23},{"not_picked":["Poisoned Stab","Setup","Deadly Poison"],"picked":"SKIP","floor":27},{"not_picked":["Choke","Poisoned Stab+1"],"picked":"Corpse Explosion","floor":29},{"not_picked":["Bane","All Out Attack","Noxious Fumes"],"picked":"SKIP","floor":31},{"not_picked":["Wraith Form v2","Malaise"],"picked":"Storm of Steel","floor":33},{"not_picked":["PiercingWail+1","Deadly Poison+1","Crippling Poison+1"],"picked":"SKIP","floor":35},{"not_picked":["Deadly Poison","Acrobatics+1","Leg Sweep"],"picked":"SKIP","floor":36},{"not_picked":["Corpse Explosion","Bane","Grand Finale"],"picked":"SKIP","floor":41}],"player_experience":208401,"relics_obtained":[{"floor":9,"key":"Ornamental Fan"},{"floor":10,"key":"Ninja Scroll"},{"floor":13,"key":"Blood Vial"},{"floor":26,"key":"Smiling Mask"},{"floor":27,"key":"Incense Burner"},{"floor":41,"key":"Du-Vu Doll"}],"event_choices":[{"damage_healed":0,"gold_gain":0,"player_choice":"Grow","damage_taken":0,"max_hp_gain":0,"max_hp_loss":0,"event_name":"Living Wall","floor":4,"gold_loss":0,"cards_upgraded":["Cloak And Dagger"]},{"damage_healed":0,"gold_gain":100,"player_choice":"Pray","damage_taken":0,"max_hp_gain":0,"max_hp_loss":0,"event_name":"Golden Shrine","floor":11,"gold_loss":0},{"damage_healed":0,"gold_gain":0,"player_choice":"Upgraded","damage_taken":0,"max_hp_gain":0,"max_hp_loss":0,"event_name":"Upgrade Shrine","floor":19,"gold_loss":0,"cards_upgraded":["A Thousand Cuts"]},{"damage_healed":0,"gold_gain":0,"player_choice":"Ignored","damage_taken":0,"max_hp_gain":0,"max_hp_loss":0,"event_name":"Vampires","floor":21,"gold_loss":0},{"damage_healed":0,"gold_gain":0,"player_choice":"Bought 0 Potions","damage_taken":0,"max_hp_gain":0,"max_hp_loss":0,"event_name":"The Woman in Blue","floor":28,"gold_loss":0},{"cards_removed":["Strike_G"],"damage_healed":0,"gold_gain":0,"player_choice":"Removed Attack","damage_taken":0,"max_hp_gain":0,"max_hp_loss":0,"event_name":"Falling","floor":37,"gold_loss":0},{"cards_removed":["Acrobatics"],"damage_healed":0,"gold_gain":0,"player_choice":"Took Card","damage_taken":0,"max_hp_gain":0,"max_hp_loss":0,"event_name":"NoteForYourself","floor":38,"gold_loss":0,"cards_obtained":["Strike_R"]}],"is_beta":false,"boss_relics":[{"not_picked":["Philosopher\u0027s Stone","Black Star"],"picked":"HoveringKite"},{"not_picked":["Fusion Hammer","Runic Pyramid"],"picked":"Sozu"}],"items_purged_floors":[2,12,24,39],"is_endless":false,"potions_floor_spawned":[1,5,16,18,23,31,36],"killed_by":"Transient","ascension_level":0}