{"gold_per_floor":[20,31,50,68,137,137,162,87,138,213,225,225,237,255,255,331,331,342,354,454,471,134,134,146,162,162,162,162,190,190,215,215,290,290,301,55,70,86,25,25,43,43,43,54,54,54,25,40,40,40],"floor_reached":51,"playtime":3530,"items_purged":["Defend_R","Strike_R","Strike_R"],"score":1179,"play_id":"5c450a25-2255-4b37-acb0-0eb71c07afe6","local_time":"20180826011218","is_ascension_mode":true,"campfire_choices":[{"data":"Hemokinesis","floor":6,"key":"SMITH"},{"data":"Shockwave","floor":12,"key":"SMITH"},{"data":"Metallicize","floor":15,"key":"SMITH"},{"floor":23,"key":"REST"},{"floor":27,"key":"REST"},{"floor":30,"key":"REST"},{"floor":32,"key":"REST"},{"data":"Whirlwind","floor":40,"key":"SMITH"},{"data":"Flame Barrier","floor":42,"key":"SMITH"},{"data":"Barricade","floor":45,"key":"SMITH"},{"floor":49,"key":"REST"}],"neow_cost":"NO_GOLD","seed_source_timestamp":261537897979710,"circlet_count":0,"master_deck":["Strike_R","Strike_R","Defend_R","Defend_R","Bash","AscendersBane","Hemokinesis+1","Flame Barrier+1","Flex","Shockwave+1","Infernal Blade+1","Metallicize+1","Flex+1","Iron Wave","Double Tap+1","Havoc+1","Whirlwind+1","Armaments+1","Ghostly Armor+1","Iron Wave","Warcry+1","Barricade+1","Offering+1","Impatience+1","Armaments+1","Madness+1","Madness+1","True Grit+1","Shrug It Off+1"],"relics":["Burning Blood","Toxic Egg 2","Bag of Marbles","Cursed Key","Bird Faced Urn","Shuriken","Chemical X","Red Skull","Mummified Hand","Busted Crown"],"potions_floor_usage":[16,20,20,29,50,50],"damage_taken":[{"damage":6,"enemies":"Cultist","floor":1,"turns":3},{"damage":5,"enemies":"2 Louse","floor":2,"turns":2},{"damage":3,"enemies":"Small Slimes","floor":3,"turns":3},{"damage":12,"enemies":"Exordium Thugs","floor":4,"turns":5},{"damage":16,"enemies":"Gremlin Nob","floor":7,"turns":3},{"damage":7,"enemies":"Gremlin Gang","floor":11,"turns":4},{"damage":6,"enemies":"Looter","floor":13,"turns":2},{"damage":2,"enemies":"Large Slime","floor":14,"turns":4},{"damage":35,"enemies":"Hexaghost","floor":16,"turns":9},{"damage":10,"enemies":"3 Byrds","floor":18,"turns":4},{"damage":14,"enemies":"Spheric Guardian","floor":19,"turns":4},{"damage":16,"enemies":"Colosseum Slavers","floor":20,"turns":4},{"damage":24,"enemies":"Colosseum Nobs","floor":20,"turns":4},{"damage":22,"enemies":"Snake Plant","floor":21,"turns":2},{"damage":13,"enemies":"Centurion and Healer","floor":24,"turns":4},{"damage":9,"enemies":"3 Cultists","floor":25,"turns":3},{"damage":27,"enemies":"Slavers","floor":29,"turns":5},{"damage":16,"enemies":"Book of Stabbing","floor":31,"turns":5},{"damage":44,"enemies":"Collector","floor":33,"turns":8},{"damage":0,"enemies":"Orb Walker","floor":35,"turns":2},{"damage":2,"enemies":"3 Shapes","floor":37,"turns":10},{"damage":18,"enemies":"Spire Growth","floor":38,"turns":4},{"damage":6,"enemies":"Sphere and 2 Shapes","floor":41,"turns":3},{"damage":8,"enemies":"Maw","floor":44,"turns":8},{"damage":6,"enemies":"Spire Growth","floor":48,"turns":6},{"damage":38,"enemies":"Donu and Deca","floor":50,"turns":4}],"seed_played":"940061283491197001","potions_obtained":[{"floor":1,"key":"Fire Potion"},{"floor":2,"key":"SteroidPotion"},{"floor":14,"key":"Regen Potion"},{"floor":18,"key":"Weak Potion"},{"floor":21,"key":"SteroidPotion"},{"floor":29,"key":"Fire Potion"},{"floor":35,"key":"SteroidPotion"},{"floor":48,"key":"Ancient Potion"}],"is_trial":false,"path_per_floor":["M","M","M","M","?","R","E","$","T","?","M","R","M","M","R","B",null,"M","M","?","M","$","R","M","M","T","R","?","E","R","E","R","B",null,"M","$","M","M","$","R","M","R","T","M","R","?","$","M","R","B"],"character_chosen":"IRONCLAD","items_purchased":["Chemical X","Impatience+1","Armaments+1","True Grit+1"],"campfire_rested":5,"item_purchase_floors":[22,36,39,47],"current_hp_per_floor":[68,69,72,66,66,66,56,56,56,45,44,44,44,48,48,34,65,61,53,25,11,11,33,28,25,25,47,62,43,65,55,75,37,66,72,72,75,63,63,63,65,65,65,67,67,53,53,66,75,45],"gold":40,"neow_bonus":"REMOVE_TWO","is_prod":false,"is_daily":false,"chose_seed":false,"campfire_upgraded":6,"win_rate":0,"timestamp":1535260338,"path_taken":["M","M","M","M","?","R","E","$","T","?","M","R","M","M","R","BOSS","M","M","?","?","?","R","M","M","T","R","?","E","R","E","R","BOSS","M","$","M","M","$","R","M","R","T","M","R","?","?","?","R","BOSS"],"build_version":"2018-08-23v2","purchased_purges":3,"victory":true,"max_hp_per_floor":[75,75,75,75,75,75,75,75,75,75,75,75,75,75,75,75,75,75,75,75,75,75,75,75,75,75,75,75,75,75,75,75,75,75,75,75,75,75,75,75,75,75,75,75,75,75,75,75,75,75],"card_choices":[{"not_picked":["Uppercut","Spot Weakness"],"picked":"Hemokinesis","floor":1},{"not_picked":["Anger","Havoc"],"picked":"Flame Barrier","floor":2},{"not_picked":["Twin Strike","Bloodletting"],"picked":"Flex","floor":3},{"not_picked":["Dual Wield","Metallicize"],"picked":"Shockwave","floor":4},{"not_picked":["Cleave","Iron Wave"],"picked":"Infernal Blade","floor":7},{"not_picked":["Pommel Strike","Pummel"],"picked":"Metallicize","floor":11},{"not_picked":["Burning Pact+1","Clash"],"picked":"Flex+1","floor":13},{"not_picked":["Bludgeon","Clothesline"],"picked":"Iron Wave","floor":14},{"not_picked":["Brutality","Juggernaut"],"picked":"Double Tap+1","floor":16},{"not_picked":["Perfected Strike","Rupture"],"picked":"Havoc+1","floor":18},{"not_picked":["Corruption","Clothesline","Flex+1"],"picked":"SKIP","floor":19},{"not_picked":["Twin Strike","Corruption"],"picked":"Whirlwind","floor":20},{"not_picked":["Brutality","Hemokinesis"],"picked":"Armaments+1","floor":21},{"not_picked":["Wild Strike","Havoc+1"],"picked":"Ghostly Armor+1","floor":24},{"not_picked":["Burning Pact+1","Flex+1"],"picked":"Iron Wave","floor":25},{"not_picked":["Burning Pact+1","Immolate"],"picked":"Warcry+1","floor":29},{"not_picked":["Twin Strike+1","Anger"],"picked":"Barricade","floor":31},{"not_picked":["Brutality","Dark Embrace"],"picked":"Offering+1","floor":33},{"not_picked":["Flex+1"],"picked":"SKIP","floor":35},{"not_picked":["Flex+1"],"picked":"SKIP","floor":35},{"not_picked":["Clothesline"],"picked":"SKIP","floor":37},{"not_picked":["Combust+1"],"picked":"SKIP","floor":38},{"not_picked":["Armaments+1"],"picked":"SKIP","floor":41},{"not_picked":["Hemokinesis"],"picked":"SKIP","floor":44},{"not_picked":[],"picked":"Shrug It Off+1","floor":48}],"player_experience":2485349,"relics_obtained":[{"floor":7,"key":"Toxic Egg 2"},{"floor":9,"key":"Bag of Marbles"},{"floor":20,"key":"Bird Faced Urn"},{"floor":20,"key":"Shuriken"},{"floor":29,"key":"Red Skull"},{"floor":31,"key":"Mummified Hand"}],"event_choices":[{"event_name":"Golden Wing","player_choice":"Gained Gold","floor":5,"damage_taken":0},{"event_name":"World of Goop","player_choice":"Gather Gold","floor":10,"damage_taken":0},{"event_name":"Colosseum","player_choice":"Fight","floor":20,"damage_taken":0},{"event_name":"Colosseum","player_choice":"Fought Nobs","floor":20,"damage_taken":0},{"event_name":"The Library","player_choice":"Heal","floor":28,"damage_taken":0},{"event_name":"Winding Halls","player_choice":"Embrace Madness","floor":46,"damage_taken":0}],"is_beta":false,"boss_relics":[{"not_picked":["Velvet Choker","Empty Cage"],"picked":"Cursed Key"},{"not_picked":["White Beast Statue","Black Blood"],"picked":"Busted Crown"}],"items_purged_floors":[8,22,36],"is_endless":false,"potions_floor_spawned":[1,2,14,18,19,21,29,35,38,41,48],"ascension_level":16}