{"gold_per_floor":[116,116,129,129,229,229,259,259,286,286,317,337,352,352,352,481,481,495,516,516,541,444,475,489,489,489,489,489,505,121,141,141,265,265,285,167,167,167,167,210,210,233,256,156,171,14,35,60,60,60],"floor_reached":51,"playtime":1775,"items_purged":["Strike_B","Strike_B"],"score":705,"play_id":"8e0dc332-a2db-4b91-8345-91de2ae329d8","local_time":"20190128000451","is_ascension_mode":false,"campfire_choices":[{"data":"Zap","floor":6.0,"key":"SMITH"},{"data":"Defend_B","floor":8.0,"key":"SMITH"},{"data":"Strike_B","floor":10.0,"key":"SMITH"},{"data":"Undo","floor":15.0,"key":"SMITH"},{"floor":25.0,"key":"REST"},{"data":"Defragment","floor":28.0,"key":"SMITH"},{"floor":32.0,"key":"REST"},{"data":"Echo Form","floor":49.0,"key":"SMITH"}],"neow_cost":"NONE","seed_source_timestamp":0,"circlet_count":0,"master_deck":["Strike_B+1","Defend_B+1","Defend_B","Defend_B","Zap+1","Dualcast+1","Undo+1","Electrodynamics","Ball Lightning+1","Hologram","Echo Form+1","Defragment+1","Defragment","Defragment+1","Coolheaded","Thunder Strike+1","Echo Form","Conserve Battery","Capacitor","Bandage Up","Conserve Battery","Force Field"],"special_seed":0,"relics":["Cracked Core","Bag of Preparation","Orichalcum","Lantern","Golden Idol","Inserter","Sundial","Centennial Puzzle","DollysMirror","Coffee Dripper","Matryoshka","Singing Bowl","Whetstone"],"potions_floor_usage":[50,50,50],"damage_taken":[{"damage":3.0,"enemies":"2 Louse","floor":1.0,"turns":2.0},{"damage":0.0,"enemies":"Cultist","floor":3.0,"turns":3.0},{"damage":33.0,"enemies":"Gremlin Nob","floor":7.0,"turns":4.0},{"damage":10.0,"enemies":"Lagavulin","floor":11.0,"turns":5.0},{"damage":0.0,"enemies":"Small Slimes","floor":12.0,"turns":2.0},{"damage":0.0,"enemies":"Exordium Thugs","floor":13.0,"turns":4.0},{"damage":1.0,"enemies":"The Guardian","floor":16.0,"turns":13.0},{"damage":3.0,"enemies":"2 Thieves","floor":18.0,"turns":4.0},{"damage":0.0,"enemies":"Spheric Guardian","floor":19.0,"turns":4.0},{"damage":8.0,"enemies":"Snake Plant","floor":21.0,"turns":5.0},{"damage":25.0,"enemies":"Book of Stabbing","floor":23.0,"turns":7.0},{"damage":4.0,"enemies":"Snecko","floor":24.0,"turns":5.0},{"damage":7.0,"enemies":"Shelled Parasite and Fungi","floor":29.0,"turns":6.0},{"damage":7.0,"enemies":"Cultist and Chosen","floor":31.0,"turns":4.0},{"damage":18.0,"enemies":"Champ","floor":33.0,"turns":9.0},{"damage":6.0,"enemies":"3 Shapes","floor":35.0,"turns":2.0},{"damage":58.0,"enemies":"Reptomancer","floor":40.0,"turns":5.0},{"damage":7.0,"enemies":"Orb Walker","floor":42.0,"turns":3.0},{"damage":0.0,"enemies":"Sphere and 2 Shapes","floor":45.0,"turns":3.0},{"damage":0.0,"enemies":"Writhing Mass","floor":47.0,"turns":5.0},{"damage":0.0,"enemies":"Maw","floor":48.0,"turns":6.0},{"damage":54,"enemies":"Awakened One","floor":50,"turns":10}],"seed_played":"7022695885044376157","potions_obtained":[{"floor":3.0,"key":"Block Potion"},{"floor":12.0,"key":"GamblersBrew"},{"floor":13.0,"key":"GamblersBrew"},{"floor":16.0,"key":"Swift Potion"},{"floor":19.0,"key":"AttackPotion"},{"floor":29.0,"key":"PowerPotion"},{"floor":31.0,"key":"EssenceOfSteel"},{"floor":40.0,"key":"SkillPotion"},{"floor":47.0,"key":"FearPotion"}],"is_trial":false,"path_per_floor":["M","?","M","$","?","R","E","R","T","R","E","M","M","?","R","B",null,"M","M","?","M","$","E","M","R","T","?","R","M","$","M","R","B",null,"M","$","?","?","?","E","?","M","T","$","M","$","M","M","R","B",null],"character_chosen":"DEFECT","items_purchased":["Hologram","Defragment","DollysMirror","Coolheaded","Conserve Battery","Capacitor","Conserve Battery","FocusPotion","Force Field","Regen Potion"],"campfire_rested":2,"item_purchase_floors":[22,30,30,30,36,36,44,44,46,46],"current_hp_per_floor":[72,72,72,72,72,72,39,39,39,39,29,29,29,11,11,10,75,72,72,72,64,64,39,35,57,57,57,57,50,50,43,65,47,75,69,69,69,75,75,21,21,18,18,18,24,24,34,40,40,5],"gold":60,"neow_bonus":"REMOVE_CARD","is_prod":false,"is_daily":false,"chose_seed":false,"campfire_upgraded":6,"win_rate":0,"timestamp":1548633891,"path_taken":["M","?","M","$","?","R","E","R","T","R","E","M","?","?","R","BOSS","M","M","?","M","$","E","M","R","T","?","R","M","$","?","R","BOSS","M","$","?","?","?","E","?","?","T","$","M","?","?","M","R","BOSS"],"build_version":"2019-01-23","purchased_purges":2,"victory":true,"max_hp_per_floor":[75,75,75,75,75,75,75,75,75,75,75,75,75,75,75,75,75,75,75,75,75,75,75,75,75,75,75,75,75,75,75,75,75,75,75,75,75,75,75,75,75,75,75,75,77,77,79,81,81,81],"card_choices":[{"not_picked":["Go for the Eyes","Blizzard","Genetic Algorithm"],"picked":"SKIP","floor":1.0},{"not_picked":["Darkness","Aggregate","Storm"],"picked":"SKIP","floor":3.0},{"not_picked":["Lockon","White Noise","Sweeping Beam"],"picked":"SKIP","floor":7.0},{"not_picked":["Scrape","Blizzard"],"picked":"Undo","floor":11.0},{"not_picked":["Leap","Beam Cell"],"picked":"Cold Snap","floor":12.0},{"not_picked":["Heatsinks","Barrage","Stack"],"picked":"SKIP","floor":13.0},{"not_picked":["Meteor Strike","Seek"],"picked":"Electrodynamics","floor":16.0},{"not_picked":["Reinforced Body","Loop","Steam Power"],"picked":"SKIP","floor":18.0},{"not_picked":["Gash+1","Doom and Gloom","Static Discharge"],"picked":"SKIP","floor":19.0},{"not_picked":["Leap","Heatsinks","Sunder"],"picked":"SKIP","floor":21.0},{"not_picked":["Consume","Redo"],"picked":"Echo Form","floor":23.0},{"not_picked":["Recycle","Go for the Eyes","Undo+1"],"picked":"SKIP","floor":24.0},{"not_picked":["Turbo","Gash","Loop"],"picked":"SKIP","floor":29.0},{"not_picked":["Stack","Fusion"],"picked":"Thunder Strike","floor":31.0},{"not_picked":["Hyperbeam","All For One"],"picked":"Echo Form","floor":33.0},{"not_picked":["Compile Driver+1","Blizzard+1","Redo"],"picked":"SKIP","floor":35.0},{"not_picked":["Swift Strike","Deep Breath"],"picked":"Bandage Up","floor":39.0},{"not_picked":["Rebound","Beam Cell+1","Stack"],"picked":"SKIP","floor":40.0},{"not_picked":["Heatsinks+1","Coolheaded","Melter+1"],"picked":"SKIP","floor":42.0},{"not_picked":["Melter","Streamline+1","Steam+1"],"picked":"Singing Bowl","floor":45.0},{"not_picked":["Hologram","Steam+1","Ball Lightning+1"],"picked":"Singing Bowl","floor":47.0},{"not_picked":["Rebound","Hyperbeam","Stack+1"],"picked":"Singing Bowl","floor":48.0}],"player_experience":1002726,"relics_obtained":[{"floor":7.0,"key":"Bag of Preparation"},{"floor":9.0,"key":"Orichalcum"},{"floor":11.0,"key":"Lantern"},{"floor":23.0,"key":"Sundial"},{"floor":26.0,"key":"Centennial Puzzle"},{"floor":40.0,"key":"Matryoshka"},{"floor":43.0,"key":"Singing Bowl"},{"floor":43.0,"key":"Whetstone"}],"event_choices":[{"damage_healed":0.0,"max_hp_gain":0.0,"max_hp_loss":0.0,"gold_gain":0.0,"event_name":"Living Wall","player_choice":"Grow","floor":2.0,"gold_loss":0.0,"damage_taken":0.0,"cards_upgraded":["Dualcast"]},{"damage_healed":0.0,"max_hp_gain":0.0,"max_hp_loss":0.0,"gold_gain":100.0,"event_name":"Golden Shrine","player_choice":"Pray","floor":5.0,"gold_loss":0.0,"damage_taken":0.0},{"damage_healed":0.0,"max_hp_gain":0.0,"max_hp_loss":0.0,"gold_gain":0.0,"event_name":"Golden Idol","player_choice":"Take Damage","floor":14.0,"gold_loss":0.0,"damage_taken":18.0,"relics_obtained":["Golden Idol"]},{"damage_healed":0.0,"max_hp_gain":0.0,"max_hp_loss":0.0,"gold_gain":0.0,"event_name":"The Library","player_choice":"Read","floor":20.0,"gold_loss":0.0,"damage_taken":0.0,"cards_obtained":["Ball Lightning"]},{"damage_healed":0.0,"max_hp_gain":0.0,"max_hp_loss":0.0,"gold_gain":0.0,"cards_transformed":["Strike_B"],"event_name":"Transmorgrifier","player_choice":"Transformed","floor":27.0,"gold_loss":0.0,"damage_taken":0.0,"cards_obtained":["Defragment"]},{"cards_removed":["Cold Snap"],"damage_healed":0.0,"max_hp_gain":0.0,"max_hp_loss":0.0,"gold_gain":0.0,"event_name":"Falling","player_choice":"Removed Attack","floor":37.0,"gold_loss":0.0,"damage_taken":0.0},{"damage_healed":19.0,"max_hp_gain":0.0,"max_hp_loss":0.0,"gold_gain":0.0,"event_name":"Winding Halls","player_choice":"Writhe","floor":38.0,"gold_loss":0.0,"damage_taken":0.0,"cards_obtained":["Writhe"]},{"damage_healed":0.0,"max_hp_gain":0.0,"max_hp_loss":0.0,"gold_gain":0.0,"event_name":"SensoryStone","player_choice":"Memory 1","floor":39.0,"gold_loss":0.0,"damage_taken":0.0},{"cards_removed":["Writhe"],"damage_healed":0.0,"max_hp_gain":0.0,"max_hp_loss":0.0,"gold_gain":0.0,"event_name":"Wheel of Change","player_choice":"Card Removal","floor":41.0,"gold_loss":0.0,"damage_taken":0.0}],"is_beta":false,"boss_relics":[{"not_picked":["Runic Pyramid","Philosopher\u0027s Stone"],"picked":"Inserter"},{"not_picked":["Tiny House","White Beast Statue"],"picked":"Coffee Dripper"}],"items_purged_floors":[22,30],"is_endless":false,"potions_floor_spawned":[3,12,13,16,19,21,29,31,40,47],"ascension_level":0}