{"gold_per_floor":[14,28,28,28,46,46,78,99,182,182,21,48,65,65,65,142,142,113,113],"floor_reached":19,"playtime":1439,"items_purged":["Strike_R"],"score":370,"play_id":"832a91c9-f74b-40ff-bf86-e8c0760aec0a","local_time":"20190210123511","is_ascension_mode":true,"campfire_choices":[{"data":"Bash","floor":6,"key":"SMITH"},{"floor":10,"key":"REST"},{"data":"Limit Break","floor":15,"key":"SMITH"}],"neow_cost":"NO_GOLD","seed_source_timestamp":439811835371800,"circlet_count":0,"master_deck":["AscendersBane","Strike_R","Defend_R","Defend_R","Defend_R","Defend_R","Bash+1","Heavy Blade","Shrug It Off","Spot Weakness","Ghostly Armor","Clothesline","Offering","Limit Break+1","Demon Form","Rampage+1","Cleave+1","Dropkick+1","Flame Barrier"],"relics":["Burning Blood","Torii","PreservedInsect","Odd Mushroom","Tiny Chest","Regal Pillow","Astrolabe"],"potions_floor_usage":[8,12,18],"damage_taken":[{"damage":2,"enemies":"2 Louse","floor":1,"turns":5},{"damage":10,"enemies":"Small Slimes","floor":2,"turns":3},{"damage":8,"enemies":"Jaw Worm","floor":5,"turns":5},{"damage":42,"enemies":"Lagavulin","floor":7,"turns":6},{"damage":15,"enemies":"The Mushroom Lair","floor":8,"turns":5},{"damage":6,"enemies":"Gremlin Nob","floor":12,"turns":2},{"damage":7,"enemies":"Exordium Wildlife","floor":13,"turns":3},{"damage":16,"enemies":"The Guardian","floor":16,"turns":12},{"damage":33,"enemies":"2 Thieves","floor":18,"turns":4},{"damage":39,"enemies":"Spheric Guardian","floor":19,"turns":7}],"seed_played":"5482085571244347952","potions_obtained":[{"floor":7,"key":"SkillPotion"},{"floor":8,"key":"Energy Potion"},{"floor":16,"key":"Block Potion"}],"is_trial":false,"path_per_floor":["M","M","$","?","M","R","E","?","T","R","$","E","M","$","R","B",null,"M","M"],"character_chosen":"IRONCLAD","items_purchased":["Offering"],"campfire_rested":1,"item_purchase_floors":[11],"current_hp_per_floor":[72,68,68,68,66,66,30,21,21,43,43,43,42,42,42,32,64,37,0],"gold":113,"neow_bonus":"ONE_RARE_RELIC","is_prod":false,"is_daily":false,"chose_seed":false,"campfire_upgraded":2,"win_rate":0,"timestamp":1549798511,"path_taken":["M","M","$","?","M","R","E","?","T","R","?","E","?","$","R","BOSS","M","M"],"build_version":"2019-01-23","purchased_purges":1,"victory":false,"max_hp_per_floor":[75,75,75,75,75,75,75,75,75,75,75,75,75,75,75,75,75,75,75],"card_choices":[{"not_picked":["Body Slam","Iron Wave"],"picked":"Heavy Blade","floor":1},{"not_picked":["Bloodletting","Seeing Red"],"picked":"Shrug It Off","floor":2},{"not_picked":["Hemokinesis","Sever Soul"],"picked":"Spot Weakness","floor":5},{"not_picked":["Cleave","Bloodletting"],"picked":"Ghostly Armor","floor":7},{"not_picked":["Flex","Perfected Strike"],"picked":"Clothesline","floor":8},{"not_picked":["Flex","Infernal Blade","Heavy Blade"],"picked":"SKIP","floor":12},{"not_picked":["True Grit","Shrug It Off"],"picked":"Limit Break","floor":13},{"not_picked":["Bludgeon","Fiend Fire"],"picked":"Demon Form","floor":16},{"not_picked":["Flex","Clothesline"],"picked":"Flame Barrier","floor":18}],"player_experience":548874,"relics_obtained":[{"floor":7,"key":"PreservedInsect"},{"floor":8,"key":"Odd Mushroom"},{"floor":9,"key":"Tiny Chest"},{"floor":12,"key":"Regal Pillow"}],"event_choices":[{"damage_healed":0,"gold_gain":0,"player_choice":"Leave","damage_taken":0,"max_hp_gain":0,"max_hp_loss":0,"event_name":"The Cleric","floor":4,"gold_loss":0},{"damage_healed":0,"gold_gain":0,"player_choice":"Fought Mushrooms","damage_taken":0,"max_hp_gain":0,"max_hp_loss":0,"event_name":"Mushrooms","floor":8,"gold_loss":0}],"is_beta":false,"boss_relics":[{"not_picked":["Black Star","White Beast Statue"],"picked":"Astrolabe"}],"items_purged_floors":[11],"is_endless":false,"potions_floor_spawned":[7,8,16],"killed_by":"Spheric Guardian","ascension_level":17}