{"gold_per_floor":[119,44,56,68,85,85,100,100,123,151,151,226,256,158,158,262,262,282,298,398,313,313,313,330,349,349,9,21,32,32,44,44,44],"floor_reached":33,"playtime":1111,"items_purged":["Strike_B","Strike_B","Strike_B"],"score":284,"play_id":"63b27a24-e52f-4ee0-9bb7-ebc7f3e7d806","local_time":"20190202000956","is_ascension_mode":false,"campfire_choices":[{"data":"Zap","floor":6.0,"key":"SMITH"},{"data":"Sunder","floor":8.0,"key":"SMITH"},{"data":"Sunder","floor":11.0,"key":"SMITH"},{"data":"Streamline","floor":15.0,"key":"SMITH"},{"floor":30,"key":"REST"},{"data":"Defragment","floor":32,"key":"SMITH"}],"neow_cost":"NONE","seed_source_timestamp":0,"circlet_count":0,"master_deck":["Defend_B","Defend_B","Defend_B","Defend_B","Zap+1","Dualcast","Sunder+1","Conserve Battery","Rebound","Streamline+1","Loop","Sunder+1","White Noise","Cold Snap","Electrodynamics","Undo","Cold Snap","Barrage","Defragment+1","Beam Cell+1","Storm","Sweeping Beam","Thunder Strike","Cold Snap"],"special_seed":0,"relics":["Cracked Core","Strawberry","Happy Flower","Smiling Mask","Lizard Tail","FossilizedHelix","Bottled Lightning","Mercury Hourglass","Matryoshka","Dream Catcher","Emotion Chip","Pear"],"potions_floor_usage":[20,20,20,33,33,33],"damage_taken":[{"damage":1.0,"enemies":"Cultist","floor":1.0,"turns":3.0},{"damage":0.0,"enemies":"Small Slimes","floor":3.0,"turns":2.0},{"damage":0.0,"enemies":"Jaw Worm","floor":4.0,"turns":3.0},{"damage":4.0,"enemies":"3 Louse","floor":5.0,"turns":3.0},{"damage":4.0,"enemies":"Blue Slaver","floor":7.0,"turns":3.0},{"damage":14.0,"enemies":"Gremlin Nob","floor":10.0,"turns":3.0},{"damage":18.0,"enemies":"3 Sentries","floor":13.0,"turns":4.0},{"damage":32,"enemies":"The Guardian","floor":16,"turns":8},{"damage":17,"enemies":"Spheric Guardian","floor":18,"turns":4},{"damage":25,"enemies":"3 Byrds","floor":19,"turns":3},{"damage":23,"enemies":"Colosseum Slavers","floor":20,"turns":3},{"damage":16,"enemies":"Colosseum Nobs","floor":20,"turns":4},{"damage":20,"enemies":"Snecko","floor":24,"turns":5},{"damage":7,"enemies":"Snake Plant","floor":25,"turns":4},{"damage":8,"enemies":"Centurion and Healer","floor":28,"turns":2},{"damage":25,"enemies":"Shelled Parasite and Fungi","floor":29,"turns":4},{"damage":9,"enemies":"Sentry and Sphere","floor":31,"turns":4},{"damage":38,"enemies":"Champ","floor":33,"turns":8}],"seed_played":"908518298881988136","potions_obtained":[{"floor":1.0,"key":"Energy Potion"},{"floor":10.0,"key":"SpeedPotion"},{"floor":16,"key":"FearPotion"},{"floor":20,"key":"SteroidPotion"},{"floor":24,"key":"Energy Potion"},{"floor":25,"key":"GamblersBrew"}],"is_trial":false,"path_per_floor":["M","$","M","M","M","R","M","R","T","E","R","?","E","$","R","B",null,"M","M","?","?","T","?","M","M","T","$","M","M","R","M","R","B"],"character_chosen":"DEFECT","items_purchased":["Cold Snap","Storm","Pear"],"campfire_rested":1,"item_purchase_floors":[14,27,27],"current_hp_per_floor":[81,81,81,81,77,77,73,73,80,66,66,55,37,37,37,5,89,72,47,8,8,8,8,44,37,37,47,39,14,43,34,34,0],"gold":44,"neow_bonus":"TEN_PERCENT_HP_BONUS","is_prod":false,"is_daily":false,"chose_seed":false,"campfire_upgraded":5,"win_rate":0,"timestamp":1549037396,"path_taken":["M","$","M","?","?","R","M","R","T","E","R","?","E","$","R","BOSS","M","M","?","?","?","?","M","?","T","$","M","?","R","M","R","BOSS"],"build_version":"2019-01-23","purchased_purges":3,"victory":false,"max_hp_per_floor":[82,82,82,82,82,82,82,82,89,89,89,89,89,89,89,89,89,89,89,89,89,89,89,89,89,89,99,99,99,99,99,99,99],"card_choices":[{"not_picked":["Barrage","Beam Cell"],"picked":"Sunder","floor":1.0},{"not_picked":["Gash","Hologram"],"picked":"Conserve Battery","floor":3.0},{"not_picked":["Turbo","Chill"],"picked":"Rebound","floor":4.0},{"not_picked":["Steam Power","Seek"],"picked":"Streamline","floor":5.0},{"not_picked":["Rebound","Steam Power"],"picked":"Loop","floor":7.0},{"not_picked":["Go for the Eyes","Gash"],"picked":"Sunder","floor":10.0},{"not_picked":["Rebound","Tempest"],"picked":"White Noise","floor":13.0},{"not_picked":["Buffer","Rainbow"],"picked":"Electrodynamics","floor":16},{"not_picked":["Recycle","Stack"],"picked":"Undo","floor":18},{"not_picked":["Turbo+1","Conserve Battery+1"],"picked":"Cold Snap","floor":19},{"not_picked":["Turbo","Capacitor"],"picked":"Barrage","floor":20},{"not_picked":["Beam Cell","Sweeping Beam"],"picked":"Defragment","floor":24},{"not_picked":["Conserve Battery","Barrage"],"picked":"Beam Cell+1","floor":25},{"not_picked":["Doom and Gloom","Go for the Eyes+1","Darkness"],"picked":"SKIP","floor":28},{"not_picked":["Steam Power","Go for the Eyes+1"],"picked":"Sweeping Beam","floor":29},{"not_picked":["Sweeping Beam","Steam"],"picked":"Thunder Strike","floor":30},{"not_picked":["Undo+1","Doom and Gloom"],"picked":"Cold Snap","floor":31}],"player_experience":165168,"relics_obtained":[{"floor":9.0,"key":"Strawberry"},{"floor":10.0,"key":"Happy Flower"},{"floor":13.0,"key":"Smiling Mask"},{"floor":20,"key":"FossilizedHelix"},{"floor":20,"key":"Bottled Lightning"},{"floor":22,"key":"Matryoshka"},{"floor":26,"key":"Dream Catcher"},{"floor":26,"key":"Emotion Chip"}],"event_choices":[{"damage_healed":0.0,"max_hp_gain":0.0,"max_hp_loss":0.0,"gold_gain":75.0,"event_name":"World of Goop","player_choice":"Gather Gold","floor":12.0,"gold_loss":0.0,"damage_taken":11.0},{"damage_healed":0,"gold_gain":0,"player_choice":"Fight","damage_taken":0,"max_hp_gain":0,"max_hp_loss":0,"event_name":"Colosseum","floor":20,"gold_loss":0},{"damage_healed":0,"gold_gain":0,"player_choice":"Fought Nobs","damage_taken":0,"max_hp_gain":0,"max_hp_loss":0,"event_name":"Colosseum","floor":20,"gold_loss":0},{"damage_healed":0,"gold_gain":0,"player_choice":"Obtained Relic","damage_taken":0,"relics_obtained":["Mercury Hourglass"],"max_hp_gain":0,"max_hp_loss":0,"event_name":"Addict","floor":21,"gold_loss":85},{"cards_removed":["Strike_B"],"damage_healed":0,"gold_gain":0,"player_choice":"Card Removal","damage_taken":0,"max_hp_gain":0,"max_hp_loss":0,"event_name":"Wheel of Change","floor":23,"gold_loss":0}],"is_beta":false,"boss_relics":[{"not_picked":["Runic Dome","FrozenCore"],"picked":"Lizard Tail"}],"items_purged_floors":[2,14,27],"is_endless":false,"potions_floor_spawned":[1,10,16,20,20,24,25],"killed_by":"Champ","ascension_level":0}