{"gold_per_floor":[116,116,133,146,146,146,159,189,189,189,200,230,155,180,180,253,253,263,72,84,84,103,103,115,115,168,185,211,227,44,59,59,135,135,147,167,186,196,296,296,296,330,407,420,420],"floor_reached":45,"playtime":4903,"items_purged":["Strike_B","Strike_B"],"score":1024,"play_id":"a668b9b6-b81e-4c55-8322-f9ee87976e4e","local_time":"20190210001016","is_ascension_mode":true,"campfire_choices":[{"data":"Ball Lightning","floor":6,"key":"SMITH"},{"floor":10,"key":"REST"},{"data":"Dualcast","floor":15,"key":"SMITH"},{"data":"Sunder","floor":23,"key":"SMITH"},{"data":"Leap","floor":25,"key":"SMITH"},{"floor":32,"key":"REST"},{"data":"Sunder","floor":40,"key":"SMITH"}],"neow_cost":"NONE","seed_source_timestamp":348897894132246,"circlet_count":0,"master_deck":["AscendersBane","Defend_B","Defend_B","Defend_B+1","Defend_B","Zap+1","Ball Lightning+1","Steam","Leap+1","Ball Lightning","All For One","Sunder+1","Hologram+1","Seek+1","Conserve Battery+1","Hologram+1","Reinforced Body+1","Coolheaded+1","Undo+1","Electrodynamics+1","Glacier+1","Hologram+1","Sunder+1","Go for the Eyes","Leap+1","Forethought+1","Doom and Gloom+1","Gash"],"relics":["Cracked Core","Toxic Egg 2","Gremlin Horn","Pantograph","Frozen Egg 2","Snecko Eye","Happy Flower","Bag of Preparation","DataDisk","Empty Cage","Girya","Shuriken"],"potions_floor_usage":[8,14,28,28,33,45,45],"damage_taken":[{"damage":1,"enemies":"Small Slimes","floor":1,"turns":4},{"damage":7,"enemies":"2 Louse","floor":3,"turns":2},{"damage":0,"enemies":"Cultist","floor":4,"turns":3},{"damage":2,"enemies":"2 Fungi Beasts","floor":7,"turns":3},{"damage":8,"enemies":"3 Sentries","floor":8,"turns":7},{"damage":10,"enemies":"3 Louse","floor":11,"turns":3},{"damage":20,"enemies":"Lagavulin","floor":12,"turns":5},{"damage":14,"enemies":"Gremlin Nob","floor":14,"turns":3},{"damage":2,"enemies":"Slime Boss","floor":16,"turns":6},{"damage":9,"enemies":"Shell Parasite","floor":18,"turns":3},{"damage":6,"enemies":"Spheric Guardian","floor":20,"turns":3},{"damage":11,"enemies":"Snake Plant","floor":22,"turns":6},{"damage":0,"enemies":"Cultist and Chosen","floor":24,"turns":2},{"damage":0,"enemies":"Sentry and Sphere","floor":27,"turns":2},{"damage":39,"enemies":"Slavers","floor":28,"turns":8},{"damage":0,"enemies":"Centurion and Healer","floor":29,"turns":2},{"damage":0,"enemies":"Snake Plant","floor":31,"turns":3},{"damage":4,"enemies":"Champ","floor":33,"turns":13},{"damage":0,"enemies":"3 Shapes","floor":35,"turns":3},{"damage":0,"enemies":"Orb Walker","floor":36,"turns":3},{"damage":0,"enemies":"Writhing Mass","floor":37,"turns":8},{"damage":2,"enemies":"Maw","floor":38,"turns":7},{"damage":0,"enemies":"Mind Bloom Boss Battle","floor":39,"turns":4},{"damage":0,"enemies":"Reptomancer","floor":42,"turns":6},{"damage":0,"enemies":"Spire Growth","floor":44,"turns":4},{"damage":77,"enemies":"Giant Head","floor":45,"turns":9}],"seed_played":"3895034450333764741","potions_obtained":[{"floor":4,"key":"Swift Potion"},{"floor":11,"key":"LiquidBronze"},{"floor":12,"key":"AttackPotion"},{"floor":14,"key":"GamblersBrew"},{"floor":18,"key":"Weak Potion"},{"floor":20,"key":"Dexterity Potion"},{"floor":33,"key":"Energy Potion"},{"floor":36,"key":"GamblersBrew"},{"floor":44,"key":"FocusPotion"}],"is_trial":false,"path_per_floor":["M","?","M","M","?","R","M","E","T","R","M","E","$","E","R","B",null,"M","$","M","?","M","R","M","R","T","M","E","M","$","M","R","B",null,"M","M","M","M","?","R","?","E","T","M","E"],"character_chosen":"DEFECT","items_purchased":["Happy Flower","Hologram+1","FocusPotion"],"campfire_rested":2,"item_purchase_floors":[19,19,30],"current_hp_per_floor":[70,47,40,40,40,40,38,30,30,53,43,23,23,9,9,32,67,58,58,52,52,41,41,41,41,41,41,2,2,2,2,25,46,70,70,70,70,68,78,78,68,68,68,68,0],"gold":420,"neow_bonus":"TEN_PERCENT_HP_BONUS","is_prod":false,"is_daily":false,"chose_seed":false,"campfire_upgraded":5,"win_rate":0,"timestamp":1549786216,"path_taken":["M","?","M","M","?","R","M","E","T","R","M","E","$","E","R","BOSS","M","$","?","?","M","R","M","R","T","M","E","M","$","M","R","BOSS","M","M","M","M","?","R","?","E","T","M","E"],"build_version":"2019-01-23","purchased_purges":2,"victory":false,"max_hp_per_floor":[78,78,78,78,78,78,78,78,78,78,78,78,78,78,78,78,78,78,78,78,78,78,78,78,78,78,78,78,78,78,78,78,78,78,78,78,78,78,78,78,78,78,78,78,78],"card_choices":[{"not_picked":["Undo","Sweeping Beam"],"picked":"Ball Lightning","floor":1},{"not_picked":["Conserve Battery","Darkness"],"picked":"Steam","floor":3},{"not_picked":["Go for the Eyes","Blizzard","Gash"],"picked":"SKIP","floor":4},{"not_picked":["Conserve Battery","Coolheaded"],"picked":"Leap","floor":7},{"not_picked":["Redo","Steam"],"picked":"Ball Lightning","floor":8},{"not_picked":["Gash","Go for the Eyes"],"picked":"All For One","floor":11},{"not_picked":["Chaos+1","Static Discharge"],"picked":"Sunder","floor":12},{"not_picked":["Storm","Redo+1"],"picked":"Hologram+1","floor":14},{"not_picked":["Hyperbeam","Creative AI+1"],"picked":"Seek+1","floor":16},{"not_picked":["Doom and Gloom","Auto Shields+1"],"picked":"Conserve Battery+1","floor":18},{"not_picked":["Gash","Ball Lightning"],"picked":"Reinforced Body+1","floor":20},{"not_picked":["Gash","Cold Snap"],"picked":"Coolheaded+1","floor":22},{"not_picked":["Stack+1","Redo+1","Rebound"],"picked":"SKIP","floor":24},{"not_picked":["Stack+1","Redo+1","Rebound"],"picked":"SKIP","floor":24},{"not_picked":["Leap+1","Steam+1","Go for the Eyes"],"picked":"SKIP","floor":27},{"not_picked":["Beam Cell","Cold Snap"],"picked":"Undo+1","floor":28},{"not_picked":["Steam+1","Gash","Leap+1"],"picked":"SKIP","floor":29},{"not_picked":["Reboot+1","Redo+1","Lockon"],"picked":"SKIP","floor":31},{"not_picked":["Amplify+1","Fission+1"],"picked":"Electrodynamics+1","floor":33},{"not_picked":["Leap+1","Ball Lightning"],"picked":"Glacier+1","floor":35},{"not_picked":["Sweeping Beam","Static Discharge+1"],"picked":"Hologram+1","floor":36},{"not_picked":["Barrage","Steam+1"],"picked":"Sunder","floor":37},{"not_picked":["Sweeping Beam","Recycle+1"],"picked":"Go for the Eyes","floor":38},{"not_picked":["Rebound","White Noise+1"],"picked":"Leap+1","floor":39},{"not_picked":["Panacea+1","Flash of Steel"],"picked":"Forethought+1","floor":41},{"not_picked":["Recycle+1","Leap+1"],"picked":"Doom and Gloom+1","floor":42},{"not_picked":["Self Repair+1","Genetic Algorithm+1"],"picked":"Gash","floor":44}],"player_experience":518436,"relics_obtained":[{"floor":8,"key":"Toxic Egg 2"},{"floor":9,"key":"Gremlin Horn"},{"floor":12,"key":"Pantograph"},{"floor":14,"key":"Frozen Egg 2"},{"floor":26,"key":"Bag of Preparation"},{"floor":28,"key":"DataDisk"},{"floor":39,"key":"Girya"},{"floor":42,"key":"Shuriken"}],"event_choices":[{"damage_healed":0,"gold_gain":0,"player_choice":"Entered Light","damage_taken":23,"max_hp_gain":0,"max_hp_loss":0,"event_name":"Shining Light","floor":2,"gold_loss":0,"cards_upgraded":["Zap","Defend_B"]},{"cards_removed":["Strike_B"],"damage_healed":0,"gold_gain":0,"player_choice":"Offered Basic","damage_taken":0,"max_hp_gain":0,"max_hp_loss":0,"event_name":"Bonfire Elementals","floor":5,"gold_loss":0},{"damage_healed":0,"gold_gain":0,"player_choice":"Ignored","damage_taken":0,"max_hp_gain":0,"max_hp_loss":0,"event_name":"Ghosts","floor":21,"gold_loss":0},{"damage_healed":0,"gold_gain":0,"player_choice":"Fight","damage_taken":0,"max_hp_gain":0,"max_hp_loss":0,"event_name":"MindBloom","floor":39,"gold_loss":0},{"damage_healed":0,"gold_gain":0,"player_choice":"Memory 3","damage_taken":10,"max_hp_gain":0,"max_hp_loss":0,"event_name":"SensoryStone","floor":41,"gold_loss":0}],"is_beta":false,"boss_relics":[{"not_picked":["White Beast Statue","Black Star"],"picked":"Snecko Eye"},{"not_picked":["Velvet Choker","FrozenCore"],"picked":"Empty Cage"}],"items_purged_floors":[13,30],"is_endless":false,"potions_floor_spawned":[4,11,12,14,18,20,22,27,33,36,37,39,44],"killed_by":"Giant Head","ascension_level":18}