{"gold_per_floor":[418,437,450,461,431,431,461,461,461,411,411,586,617,461,461,461],"floor_reached":16,"playtime":2047,"items_purged":["Doubt"],"score":121,"play_id":"087740d2-bfb9-41c1-a7ec-4881bdc568f3","local_time":"20190125051338","is_ascension_mode":true,"campfire_choices":[{"data":"Neutralize","floor":6,"key":"SMITH"},{"data":"Footwork","floor":8,"key":"SMITH"},{"data":"Footwork","floor":15,"key":"SMITH"}],"neow_cost":"TEN_PERCENT_HP_LOSS","seed_source_timestamp":30664336281200,"circlet_count":0,"master_deck":["Defend_G","Defend_G","Defend_G","Defend_G","Defend_G","Strike_G","Strike_G","Strike_G","Strike_G","Survivor","Neutralize+1","PiercingWail","Footwork+1","Caltrops","Dodge and Roll","Footwork+1","Footwork"],"relics":["Ring of the Snake","Old Coin","Strawberry","Blue Candle","Pear","Meat on the Bone"],"potions_floor_usage":[7,13],"damage_taken":[{"damage":0,"enemies":"Cultist","floor":1,"turns":3},{"damage":0,"enemies":"Small Slimes","floor":2,"turns":5},{"damage":0,"enemies":"2 Louse","floor":3,"turns":3},{"damage":12,"enemies":"2 Fungi Beasts","floor":4,"turns":8},{"damage":12,"enemies":"Exordium Thugs","floor":5,"turns":6},{"damage":20,"enemies":"Lagavulin","floor":7,"turns":12},{"damage":11,"enemies":"3 Sentries","floor":13,"turns":12},{"damage":20,"enemies":"Slime Boss","floor":16,"turns":13}],"seed_played":"-4318743123153675501","potions_obtained":[{"floor":5,"key":"SkillPotion"},{"floor":7,"key":"AttackPotion"}],"is_trial":false,"path_per_floor":["M","M","M","M","M","R","E","R","T","?","?","?","E","$","R","B"],"character_chosen":"THE_SILENT","items_purchased":["Footwork"],"campfire_rested":0,"item_purchase_floors":[14],"current_hp_per_floor":[63,63,63,51,39,39,26,26,26,26,29,29,18,18,18,0],"gold":461,"neow_bonus":"ONE_RARE_RELIC","is_prod":false,"is_daily":false,"chose_seed":false,"campfire_upgraded":3,"win_rate":1,"timestamp":1548389618,"path_taken":["M","M","M","M","?","R","E","R","T","?","?","?","E","$","R","BOSS"],"build_version":"2019-01-23","purchased_purges":1,"victory":false,"max_hp_per_floor":[63,63,63,63,63,63,70,70,70,70,80,80,80,80,80,80],"card_choices":[{"not_picked":["Prepared","Flying Knee"],"picked":"PiercingWail","floor":1},{"not_picked":["Acrobatics","Flying Knee","Infinite Blades"],"picked":"SKIP","floor":2},{"not_picked":["Choke","Well Laid Plans"],"picked":"Footwork","floor":3},{"not_picked":["Flechettes","Riddle With Holes"],"picked":"Caltrops","floor":4},{"not_picked":["Blade Dance","Poisoned Stab","Deflect"],"picked":"SKIP","floor":5},{"not_picked":["Flechettes","Tactician"],"picked":"Dodge and Roll","floor":7},{"not_picked":["Terror","Blade Dance"],"picked":"Footwork","floor":13}],"player_experience":64281,"relics_obtained":[{"floor":7,"key":"Strawberry"},{"floor":9,"key":"Blue Candle"},{"floor":13,"key":"Meat on the Bone"}],"event_choices":[{"cards_removed":["Strike_G"],"damage_healed":0,"gold_gain":0,"player_choice":"Card Removal","damage_taken":0,"max_hp_gain":0,"max_hp_loss":0,"event_name":"The Cleric","floor":10,"gold_loss":50},{"damage_healed":0,"gold_gain":0,"player_choice":"Success","damage_taken":7,"relics_obtained":["Pear"],"max_hp_gain":0,"max_hp_loss":0,"event_name":"Scrap Ooze","floor":11,"gold_loss":0},{"damage_healed":0,"gold_gain":175,"player_choice":"AGREE","damage_taken":0,"max_hp_gain":0,"max_hp_loss":0,"event_name":"Liars Game","floor":12,"gold_loss":0,"cards_obtained":["Doubt"]}],"is_beta":false,"boss_relics":[],"items_purged_floors":[14],"is_endless":false,"potions_floor_spawned":[5,7],"killed_by":"Slime Boss","ascension_level":2}