{"gold_per_floor":[111,111,126,145,145,145,145,145,170,60,60,74,85,114,114,210,210,225,244,257,80,95,95,126,138,138,138,150,25,25,51,51,156,156,170,181,113,125,141,141,141,141,190,48,62,62,82,82,82,82],"floor_reached":51,"playtime":1923,"items_purged":["Strike_B","Strike_B","Defend_B"],"score":714,"play_id":"7c225b40-b001-48c8-a33c-469c486624ff","local_time":"20181109222039","is_ascension_mode":false,"campfire_choices":[{"data":"Rainbow","floor":6.0,"key":"SMITH"},{"data":"Coolheaded","floor":8.0,"key":"SMITH"},{"data":"Lockon","floor":11.0,"key":"SMITH"},{"data":"Ball Lightning","floor":15.0,"key":"SMITH"},{"floor":23.0,"key":"REST"},{"floor":27.0,"key":"REST"},{"floor":32.0,"key":"REST"},{"data":"Go for the Eyes","floor":40.0,"key":"SMITH"},{"data":"Glacier","floor":42.0,"key":"SMITH"},{"data":"Strike_B","floor":46,"key":"SMITH"},{"data":"Seek","floor":49,"key":"SMITH"}],"neow_cost":"NONE","seed_source_timestamp":2258048797295291,"circlet_count":0,"master_deck":["Strike_B+1","Strike_B","Defend_B","Defend_B","Defend_B","Zap+1","Dualcast+1","Auto Shields","Coolheaded+1","Rainbow+1","Lockon+1","Ball Lightning+1","Hello World+1","Creative AI+1","Cold Snap+1","Capacitor+1","Glacier+1","Defragment+1","Glacier+1","Conserve Battery+1","Go for the Eyes+1","Electrodynamics+1","Glacier+1","Loop+1","Parasite","Machine Learning+1","BootSequence+1","Seek+1","Writhe"],"special_seed":0,"relics":["FrozenCore","Frozen Egg 2","Pen Nib","Regal Pillow","Philosopher\u0027s Stone","Letter Opener","Darkstone Periapt","Happy Flower","Anchor"],"potions_floor_usage":[50,50,50],"damage_taken":[{"damage":0.0,"enemies":"Cultist","floor":1.0,"turns":3.0},{"damage":2.0,"enemies":"Jaw Worm","floor":3.0,"turns":3.0},{"damage":0.0,"enemies":"2 Louse","floor":4.0,"turns":2.0},{"damage":7.0,"enemies":"Blue Slaver","floor":12.0,"turns":2.0},{"damage":5.0,"enemies":"3 Louse","floor":13.0,"turns":2.0},{"damage":9.0,"enemies":"Gremlin Nob","floor":14.0,"turns":3.0},{"damage":7.0,"enemies":"The Guardian","floor":16.0,"turns":10.0},{"damage":16.0,"enemies":"2 Thieves","floor":18.0,"turns":4.0},{"damage":0.0,"enemies":"Spheric Guardian","floor":19.0,"turns":6.0},{"damage":36.0,"enemies":"Shelled Parasite and Fungi","floor":20.0,"turns":6.0},{"damage":12.0,"enemies":"Centurion and Healer","floor":22.0,"turns":7.0},{"damage":10.0,"enemies":"Book of Stabbing","floor":24.0,"turns":6.0},{"damage":15.0,"enemies":"Chosen and Byrds","floor":25.0,"turns":7.0},{"damage":7.0,"enemies":"Snecko","floor":28.0,"turns":5.0},{"damage":19.0,"enemies":"Gremlin Leader","floor":31.0,"turns":7.0},{"damage":29.0,"enemies":"Automaton","floor":33.0,"turns":9.0},{"damage":2.0,"enemies":"Orb Walker","floor":35.0,"turns":3.0},{"damage":17.0,"enemies":"3 Darklings","floor":36.0,"turns":5.0},{"damage":4.0,"enemies":"Writhing Mass","floor":38.0,"turns":6.0},{"damage":0.0,"enemies":"Transient","floor":39.0,"turns":5.0},{"damage":0.0,"enemies":"Sphere and 2 Shapes","floor":45.0,"turns":6.0},{"damage":6,"enemies":"Jaw Worm Horde","floor":47,"turns":4},{"damage":57,"enemies":"Awakened One","floor":50,"turns":15}],"seed_played":"1316686153089473015","potions_obtained":[{"floor":1.0,"key":"Ancient Potion"},{"floor":4.0,"key":"Strength Potion"},{"floor":16.0,"key":"Poison Potion"},{"floor":25.0,"key":"Fruit Juice"},{"floor":31.0,"key":"Strength Potion"},{"floor":35.0,"key":"Dexterity Potion"}],"is_trial":false,"path_per_floor":["M","?","M","M","$","R","?","R","T","$","R","M","M","E","R","B",null,"M","M","M","$","M","R","E","M","T","R","M","$","?","E","R","B",null,"M","M","$","M","M","R","$","R","T","$","M","R","M","?","R","B",null],"character_chosen":"DEFECT","items_purchased":["Lockon","Defragment+1","Loop+1","Machine Learning+1"],"campfire_rested":3,"item_purchase_floors":[10,21,37,44],"current_hp_per_floor":[75,75,73,73,73,73,70,70,70,70,70,63,58,49,49,42,75,59,59,23,23,11,48,38,28,28,67,60,60,60,41,80,51,80,78,61,61,63,63,63,63,63,63,63,63,63,57,85,85,28],"gold":82,"neow_bonus":"UPGRADE_CARD","is_prod":false,"is_daily":false,"chose_seed":false,"campfire_upgraded":8,"win_rate":0,"timestamp":1541802039,"path_taken":["M","?","M","M","$","R","?","R","T","$","R","M","M","E","R","BOSS","M","M","M","$","M","R","E","M","T","R","M","$","?","E","R","BOSS","M","M","$","M","M","R","$","R","T","$","M","R","M","?","R","BOSS"],"build_version":"2018-11-08","purchased_purges":3,"victory":true,"max_hp_per_floor":[75,75,75,75,75,75,75,75,75,75,75,75,75,75,75,75,75,75,75,75,75,75,75,75,80,80,80,80,80,80,80,80,80,80,80,80,80,86,86,86,86,86,86,86,86,86,86,92,92,92],"card_choices":[{"not_picked":["Fusion","Heatsinks"],"picked":"Auto Shields","floor":1.0},{"not_picked":["Capacitor","Cold Snap"],"picked":"Coolheaded","floor":3.0},{"not_picked":["Stack","Barrage"],"picked":"Rainbow","floor":4.0},{"not_picked":["Barrage","Gash"],"picked":"Ball Lightning","floor":12.0},{"not_picked":["FTL","Rip and Tear","Scrape"],"picked":"SKIP","floor":13.0},{"not_picked":["Loop+1","Aggregate"],"picked":"Hello World+1","floor":14.0},{"not_picked":["Core Surge","Rainbow"],"picked":"Creative AI+1","floor":16.0},{"not_picked":["Steam","Ball Lightning"],"picked":"Cold Snap+1","floor":18.0},{"not_picked":["Genetic Algorithm","Chaos"],"picked":"Capacitor+1","floor":19.0},{"not_picked":["Double Energy","Scrape"],"picked":"Glacier+1","floor":20.0},{"not_picked":["Doom and Gloom+1","Redo+1","Cold Snap+1"],"picked":"SKIP","floor":22.0},{"not_picked":["Auto Shields+1","Streamline+1"],"picked":"Glacier","floor":24.0},{"not_picked":["Streamline+1","Double Energy","FTL"],"picked":"SKIP","floor":25.0},{"not_picked":["Rainbow","Coolheaded"],"picked":"Conserve Battery+1","floor":28.0},{"not_picked":["Scrape","Gash"],"picked":"Go for the Eyes","floor":31.0},{"not_picked":["Thunder Strike","Biased Cognition+1"],"picked":"Electrodynamics+1","floor":33.0},{"not_picked":["Streamline","Gash","Rebound+1"],"picked":"SKIP","floor":35.0},{"not_picked":["Redo+1","Beam Cell+1"],"picked":"Glacier+1","floor":36.0},{"not_picked":["Rebound+1","Turbo+1","Beam Cell+1"],"picked":"SKIP","floor":38.0},{"not_picked":["Hologram+1","Scrape+1","Sweeping Beam"],"picked":"SKIP","floor":39.0},{"not_picked":["Beam Cell","Auto Shields"],"picked":"BootSequence+1","floor":45.0},{"not_picked":["Beam Cell+1","Gash"],"picked":"Seek","floor":47}],"player_experience":770920,"relics_obtained":[{"floor":9.0,"key":"Pen Nib"},{"floor":14.0,"key":"Regal Pillow"},{"floor":24.0,"key":"Letter Opener"},{"floor":26.0,"key":"Darkstone Periapt"},{"floor":31.0,"key":"Happy Flower"},{"floor":43.0,"key":"Anchor"}],"event_choices":[{"damage_healed":0.0,"max_hp_gain":0.0,"max_hp_loss":0.0,"gold_gain":0.0,"event_name":"Living Wall","player_choice":"Grow","floor":2.0,"gold_loss":0.0,"damage_taken":0.0,"cards_upgraded":["Zap"]},{"damage_healed":0.0,"max_hp_gain":0.0,"max_hp_loss":0.0,"gold_gain":0.0,"event_name":"Scrap Ooze","player_choice":"Success","floor":7.0,"gold_loss":0.0,"damage_taken":3.0,"relics_obtained":["Frozen Egg 2"]},{"damage_healed":0.0,"max_hp_gain":0.0,"max_hp_loss":0.0,"gold_gain":0.0,"event_name":"Cursed Tome","player_choice":"Ignored","floor":30.0,"gold_loss":0.0,"damage_taken":0.0},{"damage_healed":22,"gold_gain":0,"player_choice":"Writhe","damage_taken":0,"max_hp_gain":0,"max_hp_loss":0,"event_name":"Winding Halls","floor":48,"gold_loss":0,"cards_obtained":["Writhe"]}],"is_beta":false,"boss_relics":[{"not_picked":["Pandora\u0027s Box","Orrery"],"picked":"Philosopher\u0027s Stone"},{"not_picked":["Empty Cage","Nuclear Battery"],"picked":"FrozenCore"}],"items_purged_floors":[10,21,29],"is_endless":false,"potions_floor_spawned":[1,4,16,20,22,25,31,35,36,47],"ascension_level":0}