{"gold_per_floor":[10,10,10,10,22,22,56,56,83,110,110,127,127,140,140,241,241,259,275,275,304,12,12,26,26,26,26,26,44,44,63,63,158,158,169,169,169,269,73,106,106,125,125,125,125,140,140,153,153,153],"floor_reached":50,"playtime":2106,"items_purged":["Strike_R"],"score":643,"play_id":"d4afa3bf-252e-4e9b-8fa3-92945aaa3c07","local_time":"20190208195402","is_ascension_mode":true,"campfire_choices":[{"data":"Armaments","floor":6,"key":"SMITH"},{"floor":11,"key":"REST"},{"data":"Body Slam","floor":15,"key":"SMITH"},{"data":"Immolate","floor":23,"key":"SMITH"},{"data":"Shockwave","floor":30,"key":"SMITH"},{"floor":32,"key":"REST"},{"data":"Exhume","floor":41,"key":"SMITH"},{"floor":45,"key":"RECALL"},{"data":"Flame Barrier","floor":47,"key":"SMITH"},{"floor":49,"key":"REST"}],"neow_cost":"NO_GOLD","seed_source_timestamp":2149029501862,"circlet_count":0,"master_deck":["Defend_R","Defend_R","Defend_R+1","Defend_R+1","Bash","Reaper","Evolve","Body Slam+1","Armaments+1","Pommel Strike","Flame Barrier+1","Immolate+1","Necronomicurse","Juggernaut+1","Carnage","Shockwave+1","Juggernaut+1","Juggernaut+1","Ghostly Armor+1","Madness","Madness","Iron Wave","Disarm","Dark Shackles","Exhume+1","Ghostly Armor+1","Finesse","Shrug It Off","Flame Barrier+1"],"relics":["Burning Blood","Frozen Egg 2","Meat on the Bone","War Paint","Champion Belt","Mercury Hourglass","Empty Cage","Necronomicon","Red Mask","Happy Flower","Mark of Pain","Peace Pipe","Vajra","Juzu Bracelet"],"potions_floor_usage":[10,14,16,33,40,50,50],"damage_taken":[{"damage":14,"enemies":"Jaw Worm","floor":1,"turns":6},{"damage":12,"enemies":"Small Slimes","floor":5,"turns":5},{"damage":30,"enemies":"3 Sentries","floor":7,"turns":8},{"damage":56,"enemies":"Gremlin Nob","floor":10,"turns":5},{"damage":2,"enemies":"2 Louse","floor":12,"turns":3},{"damage":33,"enemies":"Exordium Wildlife","floor":14,"turns":5},{"damage":47,"enemies":"Slime Boss","floor":16,"turns":13},{"damage":47,"enemies":"2 Thieves","floor":18,"turns":4},{"damage":20,"enemies":"Shell Parasite","floor":19,"turns":5},{"damage":2,"enemies":"Masked Bandits","floor":21,"turns":2},{"damage":8,"enemies":"Cultist and Chosen","floor":24,"turns":4},{"damage":11,"enemies":"3 Cultists","floor":29,"turns":4},{"damage":17,"enemies":"Snake Plant","floor":31,"turns":4},{"damage":21,"enemies":"Champ","floor":33,"turns":8},{"damage":9,"enemies":"3 Darklings","floor":35,"turns":3},{"damage":0,"enemies":"Mind Bloom Boss Battle","floor":38,"turns":4},{"damage":47,"enemies":"Nemesis","floor":40,"turns":9},{"damage":12,"enemies":"Orb Walker","floor":42,"turns":4},{"damage":18,"enemies":"4 Shapes","floor":46,"turns":4},{"damage":3,"enemies":"Maw","floor":48,"turns":6},{"damage":87,"enemies":"Donu and Deca","floor":50,"turns":6}],"seed_played":"-5794065364319355514","potions_obtained":[{"floor":7,"key":"LiquidBronze"},{"floor":10,"key":"Strength Potion"},{"floor":14,"key":"GamblersBrew"},{"floor":24,"key":"SteroidPotion"},{"floor":29,"key":"Explosive Potion"},{"floor":31,"key":"EssenceOfSteel"},{"floor":38,"key":"LiquidBronze"},{"floor":40,"key":"EssenceOfSteel"}],"is_trial":false,"path_per_floor":["M","$","?","?","M","R","E","$","T","E","R","M","?","M","R","B",null,"M","M","?","?","$","R","M","$","T","$","?","M","R","M","R","B",null,"M","?","?","?","$","E","R","M","T","?","R","M","R","M","R","B"],"character_chosen":"IRONCLAD","items_purchased":["Happy Flower","Juggernaut+1","Disarm","Dark Shackles"],"campfire_rested":3,"item_purchase_floors":[22,22,39,39],"current_hp_per_floor":[70,70,70,63,65,65,56,56,56,24,48,62,62,55,55,34,69,42,40,24,40,40,40,48,48,48,48,74,69,69,58,80,65,76,73,73,63,73,73,48,48,49,49,49,49,49,49,52,76,0],"gold":153,"neow_bonus":"TRANSFORM_TWO_CARDS","is_prod":false,"is_daily":false,"chose_seed":false,"campfire_upgraded":6,"win_rate":0,"timestamp":1549623242,"path_taken":["M","$","?","?","M","R","E","$","T","E","R","M","?","?","R","BOSS","M","M","?","?","$","R","M","?","T","$","?","M","R","M","R","BOSS","M","?","?","?","$","E","R","?","T","?","R","M","R","M","R","BOSS"],"build_version":"2019-01-23","purchased_purges":1,"victory":false,"max_hp_per_floor":[80,80,80,80,80,80,80,80,80,80,80,80,80,80,80,80,80,80,80,80,80,80,80,80,80,80,80,80,80,80,80,80,80,80,80,80,80,80,80,80,80,80,80,80,80,80,80,80,80,80],"card_choices":[{"not_picked":["Pommel Strike","Clash"],"picked":"Body Slam","floor":1},{"not_picked":["Flex","Iron Wave"],"picked":"Armaments","floor":5},{"not_picked":["Brutality+1","Corruption+1"],"picked":"Pommel Strike","floor":7},{"not_picked":["Headbutt","Flex","Rage"],"picked":"SKIP","floor":10},{"not_picked":["Wild Strike","Clothesline","Heavy Blade"],"picked":"SKIP","floor":12},{"not_picked":["Havoc","Clash"],"picked":"Flame Barrier","floor":14},{"not_picked":["Exhume","Dark Embrace+1"],"picked":"Immolate","floor":16},{"not_picked":["Clothesline","Dual Wield","Blood for Blood"],"picked":"SKIP","floor":18},{"not_picked":["Burning Pact","Havoc","Armaments"],"picked":"SKIP","floor":19},{"not_picked":["Blood for Blood+1","Sword Boomerang"],"picked":"Carnage","floor":24},{"not_picked":["Cleave","Armaments"],"picked":"Shockwave","floor":29},{"not_picked":["Clothesline+1","Anger+1"],"picked":"Juggernaut+1","floor":31},{"not_picked":["Berserk+1","Dark Embrace+1"],"picked":"Juggernaut+1","floor":33},{"not_picked":["Body Slam","Shrug It Off+1"],"picked":"Ghostly Armor+1","floor":35},{"not_picked":["Armaments+1","Wild Strike"],"picked":"Iron Wave","floor":38},{"not_picked":["Entrench","Sentinel+1"],"picked":"Exhume","floor":40},{"not_picked":["Perfected Strike","Pommel Strike+1"],"picked":"Ghostly Armor+1","floor":42},{"not_picked":["Magnetism+1","PanicButton"],"picked":"Finesse","floor":44},{"not_picked":["Heavy Blade+1","True Grit"],"picked":"Shrug It Off","floor":46},{"not_picked":["Havoc+1","Clash+1"],"picked":"Flame Barrier+1","floor":48}],"player_experience":836399,"relics_obtained":[{"floor":7,"key":"Meat on the Bone"},{"floor":9,"key":"War Paint"},{"floor":10,"key":"Champion Belt"},{"floor":20,"key":"Necronomicon"},{"floor":21,"key":"Red Mask"},{"floor":38,"key":"Peace Pipe"},{"floor":40,"key":"Vajra"},{"floor":43,"key":"Juzu Bracelet"}],"event_choices":[{"damage_healed":0,"gold_gain":0,"player_choice":"Leave","damage_taken":0,"max_hp_gain":0,"max_hp_loss":0,"event_name":"The Cleric","floor":3,"gold_loss":0},{"damage_healed":0,"gold_gain":0,"player_choice":"Success","damage_taken":7,"relics_obtained":["Frozen Egg 2"],"max_hp_gain":0,"max_hp_loss":0,"event_name":"Scrap Ooze","floor":4,"gold_loss":0},{"damage_healed":0,"gold_gain":0,"player_choice":"Box","damage_taken":0,"relics_obtained":["Mercury Hourglass"],"max_hp_gain":0,"max_hp_loss":0,"event_name":"Big Fish","floor":13,"gold_loss":0,"cards_obtained":["Regret"]},{"damage_healed":0,"gold_gain":0,"player_choice":"Obtained Book","damage_taken":16,"max_hp_gain":0,"max_hp_loss":0,"event_name":"Cursed Tome","floor":20,"gold_loss":0},{"damage_healed":0,"gold_gain":0,"player_choice":"Fought Bandits","damage_taken":0,"max_hp_gain":0,"max_hp_loss":0,"event_name":"Masked Bandits","floor":21,"gold_loss":0},{"damage_healed":26,"gold_gain":0,"player_choice":"Heal","damage_taken":0,"max_hp_gain":0,"max_hp_loss":0,"event_name":"The Library","floor":28,"gold_loss":0},{"cards_removed":["Strike_R"],"damage_healed":0,"gold_gain":0,"player_choice":"Removed Attack","damage_taken":0,"max_hp_gain":0,"max_hp_loss":0,"event_name":"Falling","floor":36,"gold_loss":0},{"damage_healed":0,"gold_gain":0,"player_choice":"Embrace Madness","damage_taken":10,"max_hp_gain":0,"max_hp_loss":0,"event_name":"Winding Halls","floor":37,"gold_loss":0,"cards_obtained":["Madness","Madness"]},{"damage_healed":0,"gold_gain":0,"player_choice":"Fight","damage_taken":0,"max_hp_gain":0,"max_hp_loss":0,"event_name":"MindBloom","floor":38,"gold_loss":0},{"damage_healed":0,"gold_gain":0,"player_choice":"Memory 1","damage_taken":0,"max_hp_gain":0,"max_hp_loss":0,"event_name":"SensoryStone","floor":44,"gold_loss":0}],"is_beta":false,"boss_relics":[{"not_picked":["White Beast Statue","Pandora\u0027s Box"],"picked":"Empty Cage"},{"not_picked":["Lizard Tail","Tiny House"],"picked":"Mark of Pain"}],"items_purged_floors":[39],"is_endless":false,"potions_floor_spawned":[7,10,14,24,29,31,38,40,46,48],"killed_by":"Donu and Deca","ascension_level":7}