{"gold_per_floor":[109,72,82,32,47,47,47,47,47,66,86,86,98,98,98,199,199,212,212,212],"floor_reached":20,"playtime":766,"items_purged":[],"score":164,"play_id":"14876b34-50bd-4ffd-9c8b-4f8885ff1add","local_time":"20181008101612","is_ascension_mode":false,"campfire_choices":[{"data":"Well Laid Plans","floor":6,"key":"SMITH"},{"data":"Dagger Spray","floor":8,"key":"SMITH"},{"data":"Neutralize","floor":12,"key":"SMITH"},{"floor":15,"key":"REST"}],"neow_cost":"TEN_PERCENT_HP_LOSS","seed_source_timestamp":1358425285567739,"circlet_count":0,"master_deck":["Defend_G+1","Defend_G","Defend_G","Defend_G","Defend_G","Strike_G+1","Strike_G","Survivor","Neutralize+1","Flying Knee","Well Laid Plans+1","Dagger Spray+1","Predator","Quick Slash","Caltrops+1","A Thousand Cuts","Leg Sweep+1"],"relics":["Ring of the Snake","Toxic Egg 2","Runic Dome"],"potions_floor_usage":[],"damage_taken":[{"damage":0,"enemies":"2 Louse","floor":1,"turns":5},{"damage":5,"enemies":"Small Slimes","floor":3,"turns":6},{"damage":4,"enemies":"Cultist","floor":5,"turns":4},{"damage":4,"enemies":"Blue Slaver","floor":10,"turns":3},{"damage":0,"enemies":"Looter","floor":11,"turns":3},{"damage":0,"enemies":"Lots of Slimes","floor":13,"turns":1},{"damage":10,"enemies":"Hexaghost","floor":16,"turns":9},{"damage":24,"enemies":"2 Thieves","floor":18,"turns":4},{"damage":36,"enemies":"Spheric Guardian","floor":20,"turns":5}],"seed_played":"1030848586410383341","potions_obtained":[{"floor":5,"key":"SpeedPotion"},{"floor":11,"key":"EssenceOfSteel"},{"floor":13,"key":"Weak Potion"},{"floor":18,"key":"Poison Potion"}],"is_trial":false,"path_per_floor":["M","$","M","?","M","R","?","R","T","M","M","R","M","?","R","B",null,"M","?"],"character_chosen":"THE_SILENT","items_purchased":["Well Laid Plans"],"campfire_rested":1,"item_purchase_floors":[2],"current_hp_per_floor":[63,63,58,58,54,54,41,41,41,37,37,37,37,37,55,45,63,39,28,0],"gold":212,"neow_bonus":"REMOVE_TWO","is_prod":false,"is_daily":false,"chose_seed":false,"campfire_upgraded":3,"win_rate":0,"timestamp":1538964972,"path_taken":["M","$","M","?","M","R","?","R","T","M","M","R","?","?","R","BOSS","M","?","M"],"build_version":"2018-10-04v2","purchased_purges":0,"victory":false,"max_hp_per_floor":[63,63,63,63,63,63,63,63,63,63,63,63,63,63,63,63,63,63,68,68],"card_choices":[{"not_picked":["Slice","Choke"],"picked":"Flying Knee","floor":1},{"not_picked":["Outmaneuver","Backflip"],"picked":"Dagger Spray","floor":3},{"not_picked":["Leg Sweep","Underhanded Strike"],"picked":"Predator","floor":5},{"not_picked":["Slice","Caltrops"],"picked":"Quick Slash","floor":10},{"not_picked":["Doppelganger+1","Catalyst+1","Bane"],"picked":"SKIP","floor":11},{"not_picked":["Blade Dance+1","Deadly Poison+1"],"picked":"Caltrops","floor":13},{"not_picked":["Tools of the Trade","Night Terror+1"],"picked":"A Thousand Cuts","floor":16},{"not_picked":["Caltrops+1","Heel Hook"],"picked":"Leg Sweep+1","floor":18}],"player_experience":19985,"relics_obtained":[{"floor":9,"key":"Toxic Egg 2"}],"event_choices":[{"event_name":"The Cleric","player_choice":"Card Removal","floor":4,"damage_taken":0},{"event_name":"Shining Light","player_choice":"Entered Light","floor":7,"damage_taken":0},{"event_name":"Upgrade Shrine","player_choice":"Upgraded","floor":14,"damage_taken":0},{"event_name":"Forgotten Altar","player_choice":"Shed Blood","floor":19,"damage_taken":0}],"is_beta":false,"boss_relics":[{"not_picked":["Fusion Hammer","Black Star"],"picked":"Runic Dome"}],"items_purged_floors":[],"is_endless":false,"potions_floor_spawned":[5,11,13,18],"killed_by":"Spheric Guardian","ascension_level":0}