{"gold_per_floor":[115,126,126,140,154,154,179,196,221,233,260,305,94,105,105,208,208,219,248,248,248,248,248,283,283,334,350,350,213,227,244,244,345,345,358,406,406,21,31,31,60,60,60,71,71,83,83,15,15,15],"floor_reached":51,"playtime":6050,"items_purged":["Strike_G","Strike_G","Decay"],"score":1008,"play_id":"68ed2273-d8a1-4635-aa71-2bfd784025cc","local_time":"20190127203312","is_ascension_mode":true,"campfire_choices":[{"data":"Neutralize","floor":6.0,"key":"SMITH"},{"data":"Noxious Fumes","floor":10.0,"key":"SMITH"},{"data":"Footwork","floor":15.0,"key":"SMITH"},{"floor":23.0,"key":"REST"},{"floor":25.0,"key":"REST"},{"data":"Footwork","floor":32.0,"key":"SMITH"},{"data":"Well Laid Plans","floor":42,"key":"SMITH"},{"data":"Malaise","floor":45,"key":"SMITH"},{"data":"Leg Sweep","floor":47,"key":"SMITH"},{"floor":49,"key":"REST"}],"neow_cost":"NONE","seed_source_timestamp":0,"circlet_count":0,"master_deck":["AscendersBane","Defend_G","Defend_G","Defend_G","Defend_G","Defend_G","Strike_G","Strike_G","Survivor","Neutralize+1","Blur","Slice","Sucker Punch","Escape Plan","Noxious Fumes+1","Bane","Footwork+1","Malaise+1","Well Laid Plans+1","Backflip","Footwork+1","PiercingWail","Leg Sweep+1","PiercingWail+1","Leg Sweep+1","Noxious Fumes"],"special_seed":0,"relics":["Ring of the Snake","Ancient Tea Set","MawBank","Lantern","Velvet Choker","Red Mask","Pear","Bronze Scales","Blood Vial","Shuriken","Lizard Tail","Calipers","Strawberry","Bottled Tornado","Blue Candle","Anchor"],"potions_floor_usage":[36,36,50],"damage_taken":[{"damage":0.0,"enemies":"Cultist","floor":1.0,"turns":5.0},{"damage":0.0,"enemies":"2 Louse","floor":2.0,"turns":3.0},{"damage":2.0,"enemies":"Jaw Worm","floor":4.0,"turns":6.0},{"damage":4.0,"enemies":"Blue Slaver","floor":5.0,"turns":6.0},{"damage":5.0,"enemies":"3 Sentries","floor":7.0,"turns":10.0},{"damage":2.0,"enemies":"2 Fungi Beasts","floor":8.0,"turns":5.0},{"damage":0.0,"enemies":"Large Slime","floor":11.0,"turns":7.0},{"damage":17.0,"enemies":"Gremlin Nob","floor":12.0,"turns":4.0},{"damage":0.0,"enemies":"Looter","floor":14.0,"turns":3.0},{"damage":4.0,"enemies":"Slime Boss","floor":16.0,"turns":11.0},{"damage":0.0,"enemies":"Chosen","floor":18.0,"turns":7.0},{"damage":52.0,"enemies":"Masked Bandits","floor":19.0,"turns":6.0},{"damage":4.0,"enemies":"Colosseum Slavers","floor":22.0,"turns":7.0},{"damage":21.0,"enemies":"Book of Stabbing","floor":24.0,"turns":9.0},{"damage":0.0,"enemies":"Shell Parasite","floor":27.0,"turns":7.0},{"damage":8.0,"enemies":"Centurion and Healer","floor":30.0,"turns":9.0},{"damage":4.0,"enemies":"Chosen and Byrds","floor":31.0,"turns":9.0},{"damage":5.0,"enemies":"Automaton","floor":33.0,"turns":15.0},{"damage":0,"enemies":"3 Shapes","floor":35,"turns":6},{"damage":24,"enemies":"2 Orb Walkers","floor":36,"turns":7},{"damage":0,"enemies":"Orb Walker","floor":39,"turns":6},{"damage":5,"enemies":"Nemesis","floor":41,"turns":15},{"damage":15,"enemies":"4 Shapes","floor":44,"turns":6},{"damage":0,"enemies":"Spire Growth","floor":46,"turns":9},{"damage":4,"enemies":"Awakened One","floor":50,"turns":30}],"seed_played":"-7293586112874483242","potions_obtained":[{"floor":3.0,"key":"FairyPotion"},{"floor":3.0,"key":"Block Potion"},{"floor":3.0,"key":"PowerPotion"},{"floor":4.0,"key":"PowerPotion"},{"floor":7.0,"key":"GhostInAJar"},{"floor":8.0,"key":"EssenceOfSteel"},{"floor":12.0,"key":"Fire Potion"},{"floor":19.0,"key":"Ancient Potion"},{"floor":31.0,"key":"SteroidPotion"},{"floor":36,"key":"FearPotion"},{"floor":41,"key":"Ancient Potion"}],"is_trial":false,"path_per_floor":["M","M","?","M","M","R","E","M","T","R","M","E","$","M","R","B",null,"M","?","?","T","?","R","E","R","T","M","T","$","M","M","R","B",null,"M","?","T","$","M","$","E","R","T","M","R","M","R","$","R","B",null],"character_chosen":"THE_SILENT","items_purchased":["Footwork","GhostInAJar","Footwork","Bottled Tornado","Noxious Fumes"],"campfire_rested":3,"item_purchase_floors":[13,13,29,38,48],"current_hp_per_floor":[63,63,63,61,57,57,52,50,50,50,50,33,33,33,33,29,60,60,8,8,18,14,38,17,41,41,43,43,43,37,35,35,32,68,70,48,55,55,57,57,54,54,54,41,41,43,43,43,69,67],"gold":15,"neow_bonus":"TRANSFORM_CARD","is_prod":false,"is_daily":false,"chose_seed":false,"campfire_upgraded":7,"win_rate":0,"timestamp":1548617592,"path_taken":["M","M","?","M","M","R","E","M","T","R","?","E","?","M","R","BOSS","M","?","?","?","?","R","E","R","T","M","?","$","M","M","R","BOSS","M","?","?","$","?","$","E","R","T","M","R","M","R","?","R","BOSS"],"build_version":"2019-01-23","purchased_purges":3,"victory":true,"max_hp_per_floor":[70,70,70,70,70,70,70,70,70,70,70,70,70,70,70,70,70,70,70,70,80,80,80,80,80,80,80,80,80,80,80,80,80,80,80,80,87,87,87,87,87,87,87,87,87,87,87,87,87,87],"card_choices":[{"not_picked":["Well Laid Plans","Deadly Poison"],"picked":"Slice","floor":1.0},{"not_picked":["Setup","Calculated Gamble","Outmaneuver"],"picked":"SKIP","floor":2.0},{"not_picked":["Accuracy","Choke"],"picked":"Sucker Punch","floor":4.0},{"not_picked":["Acrobatics","Bane"],"picked":"Escape Plan","floor":5.0},{"not_picked":["Bane","Deadly Poison"],"picked":"Noxious Fumes","floor":7.0},{"not_picked":["Prepared","Blade Dance"],"picked":"Bane","floor":8.0},{"not_picked":["Masterful Stab","Acrobatics","Blade Dance"],"picked":"SKIP","floor":11.0},{"not_picked":["Storm of Steel","Flying Knee","Distraction"],"picked":"SKIP","floor":12.0},{"not_picked":["Bane","Prepared","Reflex"],"picked":"SKIP","floor":14.0},{"not_picked":["Phantasmal Killer","Tools of the Trade"],"picked":"Malaise","floor":16.0},{"not_picked":["Blade Dance","Underhanded Strike"],"picked":"Well Laid Plans","floor":18.0},{"not_picked":["Finisher+1","Underhanded Strike+1"],"picked":"Backflip","floor":19.0},{"not_picked":["Caltrops","Terror","Poisoned Stab"],"picked":"SKIP","floor":24.0},{"not_picked":["Expertise+1","Heel Hook","Escape Plan"],"picked":"SKIP","floor":27.0},{"not_picked":["Tactician","Quick Slash"],"picked":"PiercingWail","floor":30.0},{"not_picked":["Reflex","Deadly Poison"],"picked":"Leg Sweep","floor":31.0},{"not_picked":["Deflect","Expertise","Acrobatics"],"picked":"SKIP","floor":35},{"not_picked":["Deadly Poison+1","Heel Hook+1","All Out Attack"],"picked":"SKIP","floor":39},{"not_picked":["Deadly Poison+1","Grand Finale","Tactician+1"],"picked":"SKIP","floor":41},{"not_picked":["Backflip","Cloak And Dagger"],"picked":"PiercingWail+1","floor":44},{"not_picked":["Bane+1","Prepared+1"],"picked":"Leg Sweep+1","floor":46}],"player_experience":138558,"relics_obtained":[{"floor":7.0,"key":"Ancient Tea Set"},{"floor":9.0,"key":"MawBank"},{"floor":12.0,"key":"Lantern"},{"floor":19.0,"key":"Red Mask"},{"floor":21.0,"key":"Pear"},{"floor":24.0,"key":"Bronze Scales"},{"floor":26.0,"key":"Blood Vial"},{"floor":28.0,"key":"Shuriken"},{"floor":36,"key":"Calipers"},{"floor":37,"key":"Strawberry"},{"floor":41,"key":"Blue Candle"},{"floor":43,"key":"Anchor"}],"event_choices":[{"damage_healed":0.0,"max_hp_gain":0.0,"max_hp_loss":0.0,"gold_gain":0.0,"event_name":"Lab","player_choice":"Got Potions","floor":3.0,"gold_loss":0.0,"damage_taken":0.0},{"damage_healed":0.0,"max_hp_gain":0.0,"max_hp_loss":0.0,"gold_gain":0.0,"event_name":"Masked Bandits","player_choice":"Fought Bandits","floor":19.0,"gold_loss":0.0,"damage_taken":0.0},{"damage_healed":0.0,"max_hp_gain":0.0,"max_hp_loss":0.0,"gold_gain":0.0,"event_name":"Forgotten Altar","player_choice":"Smashed Altar","floor":20.0,"gold_loss":0.0,"damage_taken":0.0,"cards_obtained":["Decay"]},{"damage_healed":0.0,"max_hp_gain":0.0,"max_hp_loss":0.0,"gold_gain":0.0,"event_name":"Colosseum","player_choice":"Fight","floor":22.0,"gold_loss":0.0,"damage_taken":0.0},{"damage_healed":0.0,"max_hp_gain":0.0,"max_hp_loss":0.0,"gold_gain":0.0,"event_name":"Colosseum","player_choice":"Fled From Nobs","floor":22.0,"gold_loss":0.0,"damage_taken":0.0},{"damage_healed":0,"gold_gain":0,"player_choice":"Fight","damage_taken":0,"max_hp_gain":0,"max_hp_loss":0,"event_name":"Mysterious Sphere","floor":36,"gold_loss":0}],"is_beta":false,"boss_relics":[{"not_picked":["Empty Cage","Ectoplasm"],"picked":"Velvet Choker"},{"not_picked":["HoveringKite","Eternal Feather"],"picked":"Lizard Tail"}],"items_purged_floors":[13,29,38],"is_endless":false,"potions_floor_spawned":[4,7,8,11,12,19,22,31,36,41],"ascension_level":10}