{"gold_per_floor":[119,130,154,154,168,212,212,248,248,272,296,340,340,361,361,486,486,504,603,603,616,372,372,408,408,408,432,448,481,88,101,101,231,231,252,267,291,291,305,305,100,113,181,3,16,40,40,63,63,63],"floor_reached":51,"playtime":1876,"items_purged":["Strike_B","Defend_B","Defend_B"],"score":763,"play_id":"f3d76bdf-a6a8-4330-80e9-e9826114b4e6","local_time":"20181111164827","is_ascension_mode":false,"campfire_choices":[{"data":"Dualcast","floor":7.0,"key":"SMITH"},{"data":"Lockon","floor":13.0,"key":"SMITH"},{"data":"Zap","floor":15.0,"key":"SMITH"},{"data":"Go for the Eyes","floor":23.0,"key":"SMITH"},{"data":"Beam Cell","floor":25.0,"key":"SMITH"},{"floor":32.0,"key":"REST"},{"data":"Defragment","floor":40.0,"key":"SMITH"},{"data":"Echo Form","floor":47.0,"key":"SMITH"},{"floor":49,"key":"REST"}],"neow_cost":"NONE","seed_source_timestamp":2410869932762196,"circlet_count":0,"master_deck":["Strike_B+1","Strike_B+1","Defend_B","Defend_B","Zap+1","Dualcast+1","Lockon+1","Conserve Battery","Beam Cell+1","Go for the Eyes+1","Echo Form+1","Cold Snap+1","Coolheaded+1","Defragment+1","Auto Shields","Electrodynamics+1","Conserve Battery+1","Undo+1","Capacitor+1","Loop+1"],"special_seed":0,"relics":["Cracked Core","Pen Nib","Golden Idol","Meat on the Bone","Vajra","Incense Burner","Matryoshka","Inserter","Mummified Hand","StoneCalendar","Bag of Marbles","Peace Pipe","Kunai","Membership Card","Frozen Egg 2","Nuclear Battery","FossilizedHelix","Lantern","Whetstone"],"potions_floor_usage":[50,50,50],"damage_taken":[{"damage":0.0,"enemies":"Cultist","floor":1.0,"turns":3.0},{"damage":0.0,"enemies":"Small Slimes","floor":2.0,"turns":3.0},{"damage":1.0,"enemies":"2 Louse","floor":5.0,"turns":2.0},{"damage":0.0,"enemies":"Gremlin Nob","floor":6.0,"turns":2.0},{"damage":9.0,"enemies":"Lagavulin","floor":8.0,"turns":5.0},{"damage":1.0,"enemies":"Large Slime","floor":10.0,"turns":4.0},{"damage":3.0,"enemies":"Exordium Thugs","floor":11.0,"turns":4.0},{"damage":6.0,"enemies":"Gremlin Nob","floor":12.0,"turns":3.0},{"damage":0.0,"enemies":"Looter","floor":14.0,"turns":2.0},{"damage":32.0,"enemies":"Slime Boss","floor":16.0,"turns":12.0},{"damage":24.0,"enemies":"2 Thieves","floor":18.0,"turns":5.0},{"damage":5.0,"enemies":"Chosen","floor":21.0,"turns":4.0},{"damage":23.0,"enemies":"Slavers","floor":24.0,"turns":6.0},{"damage":5.0,"enemies":"Sentry and Sphere","floor":27.0,"turns":6.0},{"damage":2.0,"enemies":"Snake Plant","floor":28.0,"turns":3.0},{"damage":8.0,"enemies":"Book of Stabbing","floor":29.0,"turns":6.0},{"damage":6.0,"enemies":"Snecko","floor":31.0,"turns":5.0},{"damage":26.0,"enemies":"Collector","floor":33.0,"turns":11.0},{"damage":14.0,"enemies":"3 Darklings","floor":35.0,"turns":3.0},{"damage":0.0,"enemies":"Orb Walker","floor":36.0,"turns":3.0},{"damage":4.0,"enemies":"Transient","floor":37.0,"turns":5.0},{"damage":2.0,"enemies":"Maw","floor":39.0,"turns":7.0},{"damage":0.0,"enemies":"Jaw Worm Horde","floor":42.0,"turns":2.0},{"damage":0.0,"enemies":"Spire Growth","floor":45.0,"turns":5.0},{"damage":0.0,"enemies":"3 Darklings","floor":46.0,"turns":5.0},{"damage":0,"enemies":"Maw","floor":48,"turns":7},{"damage":5,"enemies":"Time Eater","floor":50,"turns":7}],"seed_played":"-3352094289321489552","potions_obtained":[{"floor":1.0,"key":"AttackPotion"},{"floor":2.0,"key":"FocusPotion"},{"floor":5.0,"key":"PowerPotion"},{"floor":14.0,"key":"FocusPotion"},{"floor":27.0,"key":"Regen Potion"},{"floor":29.0,"key":"FearPotion"},{"floor":46.0,"key":"AttackPotion"}],"is_trial":false,"path_per_floor":["M","M","T","?","M","E","R","E","T","M","M","E","R","M","R","B",null,"M","?","?","M","$","R","E","R","T","M","M","E","$","M","R","B",null,"M","M","M","?","M","R","$","M","T","$","M","M","R","M","R","B",null],"character_chosen":"DEFECT","items_purchased":["Mummified Hand","Membership Card","Defragment","Frozen Egg 2","FossilizedHelix","Whetstone","Loop+1"],"campfire_rested":2,"item_purchase_floors":[22,30,30,30,41,44,44],"current_hp_per_floor":[82,82,82,62,61,61,61,52,52,51,48,42,42,42,42,22,82,58,58,82,77,77,77,54,54,54,49,47,54,54,48,72,46,82,68,68,64,64,62,62,62,62,62,62,62,62,62,62,82,77],"gold":63,"neow_bonus":"TEN_PERCENT_HP_BONUS","is_prod":false,"is_daily":false,"chose_seed":false,"campfire_upgraded":7,"win_rate":0,"timestamp":1541954907,"path_taken":["M","M","?","?","M","E","R","E","T","M","M","E","R","M","R","BOSS","M","?","?","M","$","R","E","R","T","M","?","E","$","M","R","BOSS","M","M","M","?","M","R","$","M","T","$","M","M","R","M","R","BOSS"],"build_version":"2018-11-08","purchased_purges":3,"victory":true,"max_hp_per_floor":[82,82,82,82,82,82,82,82,82,82,82,82,82,82,82,82,82,82,82,82,82,82,82,82,82,82,82,82,82,82,82,82,82,82,82,82,82,82,82,82,82,82,82,82,82,82,82,82,82,82],"card_choices":[{"not_picked":["Redo","Streamline"],"picked":"Lockon","floor":1.0},{"not_picked":["Sweeping Beam","Turbo"],"picked":"Conserve Battery","floor":2.0},{"not_picked":["Compile Driver","Aggregate"],"picked":"Beam Cell","floor":5.0},{"not_picked":["Turbo","Steam","Streamline"],"picked":"SKIP","floor":6.0},{"not_picked":["Melter","Beam Cell"],"picked":"Go for the Eyes","floor":8.0},{"not_picked":["Consume","Hyperbeam","Turbo"],"picked":"SKIP","floor":10.0},{"not_picked":["Go for the Eyes","FTL","Tempest"],"picked":"SKIP","floor":11.0},{"not_picked":["Sweeping Beam","Thunder Strike","Multi-Cast"],"picked":"SKIP","floor":12.0},{"not_picked":["Redo","Beam Cell","Streamline"],"picked":"SKIP","floor":14.0},{"not_picked":["Multi-Cast","Creative AI"],"picked":"Echo Form","floor":16.0},{"not_picked":["Steam","Beam Cell+1","Sweeping Beam"],"picked":"SKIP","floor":18.0},{"not_picked":["Rebound","Turbo","Go for the Eyes"],"picked":"SKIP","floor":21.0},{"not_picked":["Hologram","Sweeping Beam"],"picked":"Cold Snap+1","floor":24.0},{"not_picked":["White Noise","Leap"],"picked":"Coolheaded+1","floor":27.0},{"not_picked":["Rebound","Beam Cell","Gash"],"picked":"SKIP","floor":28.0},{"not_picked":["Skim","FTL","Scrape"],"picked":"SKIP","floor":29.0},{"not_picked":["Steam","Consume"],"picked":"Auto Shields","floor":31.0},{"not_picked":["Reboot","Hyperbeam"],"picked":"Electrodynamics+1","floor":33.0},{"not_picked":["Rebound","Coolheaded+1"],"picked":"Conserve Battery+1","floor":35.0},{"not_picked":["Genetic Algorithm","Rebound","Hologram"],"picked":"SKIP","floor":36.0},{"not_picked":["Coolheaded","Stack+1"],"picked":"Undo+1","floor":37.0},{"not_picked":["Double Energy","Consume+1"],"picked":"Capacitor+1","floor":39.0},{"not_picked":["Go for the Eyes","Leap+1","Aggregate+1"],"picked":"SKIP","floor":42.0},{"not_picked":["Doom and Gloom+1","Reboot","Beam Cell+1"],"picked":"SKIP","floor":45.0},{"not_picked":["Rebound+1","Undo+1","Cold Snap+1"],"picked":"SKIP","floor":46.0},{"not_picked":["Skim","Gash","BootSequence+1"],"picked":"SKIP","floor":48}],"player_experience":773777,"relics_obtained":[{"floor":3.0,"key":"Pen Nib"},{"floor":6.0,"key":"Meat on the Bone"},{"floor":8.0,"key":"Vajra"},{"floor":9.0,"key":"Incense Burner"},{"floor":12.0,"key":"Matryoshka"},{"floor":24.0,"key":"StoneCalendar"},{"floor":26.0,"key":"Bag of Marbles"},{"floor":26.0,"key":"Peace Pipe"},{"floor":29.0,"key":"Kunai"},{"floor":43.0,"key":"Lantern"}],"event_choices":[{"damage_healed":0.0,"max_hp_gain":0.0,"max_hp_loss":0.0,"gold_gain":0.0,"event_name":"Golden Idol","player_choice":"Take Damage","floor":4.0,"gold_loss":0.0,"damage_taken":20.0,"relics_obtained":["Golden Idol"]},{"damage_healed":0.0,"max_hp_gain":0.0,"max_hp_loss":0.0,"gold_gain":99.0,"event_name":"Nest","player_choice":"Stole From Cult","floor":19.0,"gold_loss":0.0,"damage_taken":0.0},{"damage_healed":24.0,"max_hp_gain":0.0,"max_hp_loss":0.0,"gold_gain":0.0,"event_name":"Wheel of Change","player_choice":"Full Heal","floor":20.0,"gold_loss":0.0,"damage_taken":0.0},{"cards_removed":["Strike_B"],"damage_healed":0.0,"max_hp_gain":0.0,"max_hp_loss":0.0,"gold_gain":0.0,"event_name":"Purifier","player_choice":"Purged","floor":38.0,"gold_loss":0.0,"damage_taken":0.0}],"is_beta":false,"boss_relics":[{"not_picked":["Eternal Feather","Black Star"],"picked":"Inserter"},{"not_picked":["Calling Bell","Astrolabe"],"picked":"Nuclear Battery"}],"items_purged_floors":[30,41,44],"is_endless":false,"potions_floor_spawned":[1,2,5,14,16,18,27,29,42,45,46,48],"ascension_level":0}