{"gold_per_floor":[113,113,43,43,53,53,128,159,184,132,132,157,157,157,157,256,256,268,268,232,244,261,261,276,276,276,304,316,343,84,84,84,182,182,192,49,124,56,73,73,73,85,85,85,99,110,129,148,148,148,148,148,8,35,35],"floor_reached":56,"playtime":1655,"items_purged":["Defend_B"],"score":1160,"play_id":"0dec2454-448d-497e-b783-670f5b7e46bd","local_time":"20181118001445","is_ascension_mode":false,"campfire_choices":[{"floor":6.0,"key":"RECALL"},{"floor":11.0,"key":"REST"},{"floor":13.0,"key":"REST"},{"data":"Defragment","floor":15.0,"key":"SMITH"},{"data":"Defragment","floor":23.0,"key":"SMITH"},{"data":"Zap","floor":25.0,"key":"SMITH"},{"data":"Chaos","floor":28.0,"key":"SMITH"},{"floor":32.0,"key":"REST"},{"data":"Blizzard","floor":40,"key":"SMITH"},{"floor":44,"key":"REST"},{"floor":49,"key":"REST"},{"data":"Echo Form","floor":52,"key":"SMITH"}],"neow_cost":"NONE","seed_source_timestamp":11602306857036,"circlet_count":0,"master_deck":["Strike_B+1","Defend_B","Defend_B","Zap+1","Dualcast+1","Defragment+1","Chaos+1","Leap","Ball Lightning+1","Seek","Biased Cognition+1","Rainbow+1","Stack+1","Coolheaded+1","Defragment+1","Conserve Battery+1","Glacier+1","Glacier","Echo Form+1","Blizzard+1","Conserve Battery+1","Blizzard","Capacitor"],"special_seed":0,"relics":["Cracked Core","PreservedInsect","Centennial Puzzle","Astrolabe","MawBank","Whetstone","Inserter","DataDisk","Blue Candle","Regal Pillow"],"potions_floor_usage":[55,55],"damage_taken":[{"damage":0.0,"enemies":"2 Louse","floor":1.0,"turns":2.0},{"damage":0.0,"enemies":"Small Slimes","floor":5.0,"turns":3.0},{"damage":47.0,"enemies":"3 Sentries","floor":8.0,"turns":10.0},{"damage":26.0,"enemies":"Gremlin Nob","floor":12.0,"turns":4.0},{"damage":24.0,"enemies":"Slime Boss","floor":16.0,"turns":8.0},{"damage":0.0,"enemies":"Spheric Guardian","floor":18.0,"turns":3.0},{"damage":16.0,"enemies":"Colosseum Slavers","floor":19.0,"turns":3.0},{"damage":1.0,"enemies":"Chosen","floor":21.0,"turns":3.0},{"damage":11.0,"enemies":"Shelled Parasite and Fungi","floor":22.0,"turns":4.0},{"damage":0.0,"enemies":"Snecko","floor":24.0,"turns":5.0},{"damage":6.0,"enemies":"Cultist and Chosen","floor":27.0,"turns":6.0},{"damage":1.0,"enemies":"Chosen and Byrds","floor":29.0,"turns":4.0},{"damage":17.0,"enemies":"Automaton","floor":33.0,"turns":12.0},{"damage":14.0,"enemies":"3 Darklings","floor":35.0,"turns":7.0},{"damage":0,"enemies":"Orb Walker","floor":39,"turns":4},{"damage":16,"enemies":"Jaw Worm Horde","floor":42,"turns":6},{"damage":10,"enemies":"Writhing Mass","floor":45,"turns":5},{"damage":4,"enemies":"Spire Growth","floor":46,"turns":7},{"damage":9,"enemies":"Sphere and 2 Shapes","floor":47,"turns":5},{"damage":0,"enemies":"Maw","floor":48,"turns":7},{"damage":21,"enemies":"Time Eater","floor":50,"turns":11},{"damage":22,"enemies":"Shield and Spear","floor":54,"turns":8},{"damage":50,"enemies":"The Heart","floor":55,"turns":12}],"seed_played":"433406703571707344","potions_obtained":[{"floor":1.0,"key":"Poison Potion"},{"floor":5.0,"key":"SpeedPotion"},{"floor":21.0,"key":"FairyPotion"},{"floor":22.0,"key":"AttackPotion"},{"floor":27.0,"key":"AttackPotion"},{"floor":41,"key":"Weak Potion"},{"floor":46,"key":"Swift Potion"}],"is_trial":false,"path_per_floor":["M","?","$","?","M","R","?","E","T","$","R","E","R","?","R","B",null,"M","?","$","M","M","R","M","R","T","M","R","M","$","?","R","B",null,"M","$","?","$","M","R","?","M","T","R","M","M","M","M","R","B",null,"R","$","E","B",null],"character_chosen":"DEFECT","items_purchased":["Defragment","Leap","Defragment","Whetstone","Glacier","DataDisk","Blizzard","Capacitor","FocusPotion"],"campfire_rested":5,"item_purchase_floors":[3,10,20,30,30,36,38,53,53],"current_hp_per_floor":[75,68,68,68,68,68,57,10,10,10,32,6,28,75,75,51,75,75,59,59,58,47,47,47,47,47,41,41,40,40,40,62,45,75,61,61,54,54,54,54,54,38,38,60,50,46,37,37,59,38,75,75,75,53,3],"gold":35,"neow_bonus":"UPGRADE_CARD","is_prod":false,"is_daily":false,"chose_seed":false,"campfire_upgraded":6,"win_rate":0,"timestamp":1542500085,"path_taken":["M","?","$","?","M","R","?","E","T","$","R","E","R","?","R","BOSS","M","?","$","M","M","R","M","R","T","M","R","M","$","?","R","BOSS","M","$","?","$","?","R","?","M","T","R","M","M","M","M","R","BOSS","R","$","E","BOSS"],"build_version":"2018-11-15","purchased_purges":1,"victory":true,"max_hp_per_floor":[75,75,75,75,75,75,75,75,75,75,75,75,75,75,75,75,75,75,75,75,75,75,75,75,75,75,75,75,75,75,75,75,75,75,75,75,75,75,75,75,75,75,75,75,75,75,75,75,75,75,75,75,75,75,75],"card_choices":[{"not_picked":["Force Field","Redo","Steam Power"],"picked":"SKIP","floor":1.0},{"not_picked":["Doom and Gloom","Reinforced Body"],"picked":"Chaos","floor":5.0},{"not_picked":["Loop","Leap","Double Energy"],"picked":"SKIP","floor":8.0},{"not_picked":["Cold Snap","Rip and Tear"],"picked":"Ball Lightning","floor":12.0},{"not_picked":["Machine Learning","Creative AI"],"picked":"Seek","floor":16.0},{"not_picked":["Redo","Gash+1"],"picked":"Coolheaded+1","floor":18.0},{"not_picked":["Ball Lightning","Auto Shields"],"picked":"Conserve Battery+1","floor":21.0},{"not_picked":["Compile Driver","Steam","Redo"],"picked":"SKIP","floor":22.0},{"not_picked":["Amplify","Lockon","Sweeping Beam+1"],"picked":"SKIP","floor":24.0},{"not_picked":["Compile Driver","Recycle","Doom and Gloom+1"],"picked":"SKIP","floor":27.0},{"not_picked":["Stack+1","Loop+1"],"picked":"Glacier+1","floor":29.0},{"not_picked":["Seek","Machine Learning"],"picked":"Echo Form","floor":33.0},{"not_picked":["Streamline","Hologram+1","Sunder"],"picked":"SKIP","floor":35.0},{"not_picked":["Streamline+1","Reprogram","Sweeping Beam+1"],"picked":"SKIP","floor":39},{"not_picked":["Hologram+1","Storm+1"],"picked":"Conserve Battery+1","floor":42},{"not_picked":["Redo","Coolheaded","Steam+1"],"picked":"SKIP","floor":45},{"not_picked":["Hologram+1","Tempest+1","All For One"],"picked":"SKIP","floor":46},{"not_picked":["Double Energy","Chaos","Tempest+1"],"picked":"SKIP","floor":47},{"not_picked":["Cold Snap","Steam"],"picked":"Blizzard","floor":48},{"not_picked":["Blizzard","Beam Cell+1","Hologram"],"picked":"SKIP","floor":54}],"player_experience":798068,"relics_obtained":[{"floor":8.0,"key":"PreservedInsect"},{"floor":12.0,"key":"Centennial Puzzle"},{"floor":26.0,"key":"MawBank"},{"floor":43,"key":"Blue Candle"},{"floor":54,"key":"Regal Pillow"}],"event_choices":[{"cards_removed":["Strike_B"],"damage_healed":0.0,"max_hp_gain":0.0,"max_hp_loss":0.0,"gold_gain":0.0,"event_name":"Golden Wing","player_choice":"Card Removal","floor":2.0,"gold_loss":0.0,"damage_taken":7.0},{"damage_healed":0.0,"max_hp_gain":0.0,"max_hp_loss":0.0,"gold_gain":0.0,"event_name":"The Cleric","player_choice":"Leave","floor":4.0,"gold_loss":0.0,"damage_taken":0.0},{"damage_healed":0.0,"max_hp_gain":0.0,"max_hp_loss":0.0,"gold_gain":75.0,"event_name":"World of Goop","player_choice":"Gather Gold","floor":7.0,"gold_loss":0.0,"damage_taken":11.0},{"damage_healed":47.0,"max_hp_gain":0.0,"max_hp_loss":0.0,"gold_gain":0.0,"event_name":"Wheel of Change","player_choice":"Full Heal","floor":14.0,"gold_loss":0.0,"damage_taken":0.0},{"damage_healed":0.0,"max_hp_gain":0.0,"max_hp_loss":0.0,"gold_gain":0.0,"event_name":"Colosseum","player_choice":"Fight","floor":19.0,"gold_loss":0.0,"damage_taken":0.0},{"damage_healed":0.0,"max_hp_gain":0.0,"max_hp_loss":0.0,"gold_gain":0.0,"event_name":"Colosseum","player_choice":"Fled From Nobs","floor":19.0,"gold_loss":0.0,"damage_taken":0.0},{"damage_healed":0,"gold_gain":75,"player_choice":"Touch","damage_taken":7,"max_hp_gain":0,"max_hp_loss":0,"event_name":"FaceTrader","floor":37,"gold_loss":0},{"damage_healed":0,"gold_gain":0,"player_choice":"Got Potions","damage_taken":0,"max_hp_gain":0,"max_hp_loss":0,"event_name":"Lab","floor":41,"gold_loss":0}],"is_beta":false,"boss_relics":[{"not_picked":["Lizard Tail","Nuclear Battery"],"picked":"Astrolabe"},{"not_picked":["Calling Bell","Snecko Eye"],"picked":"Inserter"}],"items_purged_floors":[30],"is_endless":false,"potions_floor_spawned":[1,5,21,22,27,33,42,46,47,54],"ascension_level":0}