{"gold_per_floor":[215,490,205,224,240,266,266,299,299,299,299],"floor_reached":11,"playtime":709,"items_purged":["Regret"],"score":162,"play_id":"485a7cb4-6f58-4f60-87de-84a715f57de6","local_time":"20181229201905","is_ascension_mode":true,"campfire_choices":[{"floor":7,"key":"REST"}],"neow_cost":"NONE","seed_source_timestamp":1073149245498186,"circlet_count":0,"master_deck":["AscendersBane","Defend_G","Defend_G","Defend_G","Defend_G","Defend_G","Strike_G","Strike_G","Strike_G","Strike_G","Strike_G","Survivor","Neutralize","Quick Slash","Predator","Deadly Poison","Deadly Poison","Deflect","Leg Sweep"],"relics":["Ring of the Snake","Incense Burner","Darkstone Periapt","Nunchaku"],"potions_floor_usage":[4,6,8,11,11],"damage_taken":[{"damage":10,"enemies":"Small Slimes","floor":1,"turns":3},{"damage":0,"enemies":"Cultist","floor":4,"turns":4},{"damage":2,"enemies":"Jaw Worm","floor":5,"turns":4},{"damage":56,"enemies":"3 Sentries","floor":6,"turns":11},{"damage":17,"enemies":"Lagavulin","floor":8,"turns":7},{"damage":7,"enemies":"3 Sentries","floor":11,"turns":4}],"seed_played":"-8531977784991656780","potions_obtained":[{"floor":5,"key":"GamblersBrew"},{"floor":10,"key":"SkillPotion"},{"floor":10,"key":"Energy Potion"}],"is_trial":false,"path_per_floor":["M","?","$","M","M","E","R","E","T","?","E"],"character_chosen":"THE_SILENT","items_purchased":["SkillPotion","Regen Potion","Predator"],"campfire_rested":1,"item_purchase_floors":[3,3,3],"current_hp_per_floor":[49,49,49,61,59,3,22,5,5,5,0],"gold":299,"neow_bonus":"HUNDRED_GOLD","is_prod":false,"is_daily":false,"chose_seed":false,"campfire_upgraded":0,"win_rate":0,"timestamp":1546143545,"path_taken":["M","?","$","?","M","E","R","E","T","?","E"],"build_version":"2018-12-20","purchased_purges":1,"victory":false,"max_hp_per_floor":[66,66,66,66,66,66,66,66,66,66,66],"card_choices":[{"not_picked":["PiercingWail","Backflip"],"picked":"Quick Slash","floor":1},{"not_picked":["Slice","Dodge and Roll"],"picked":"Deadly Poison","floor":4},{"not_picked":["Backflip","Poisoned Stab"],"picked":"Deadly Poison","floor":5},{"not_picked":["Storm of Steel","Quick Slash"],"picked":"Deflect","floor":6},{"not_picked":["Flying Knee","Bane"],"picked":"Leg Sweep","floor":8}],"player_experience":271776,"relics_obtained":[{"floor":6,"key":"Incense Burner"},{"floor":8,"key":"Darkstone Periapt"},{"floor":9,"key":"Nunchaku"}],"event_choices":[{"damage_healed":0,"gold_gain":275,"player_choice":"Desecrate","damage_taken":0,"max_hp_gain":0,"max_hp_loss":0,"event_name":"Golden Shrine","floor":2,"gold_loss":0,"cards_obtained":["Regret"]},{"damage_healed":0,"gold_gain":0,"player_choice":"Got Potions","damage_taken":0,"max_hp_gain":0,"max_hp_loss":0,"event_name":"Lab","floor":10,"gold_loss":0}],"is_beta":false,"boss_relics":[],"items_purged_floors":[3],"is_endless":false,"potions_floor_spawned":[5],"killed_by":"3 Sentries","ascension_level":20}