{"gold_per_floor":[109,125,143,143,155,155,155,105,130,130,161,172,172,172,172,267,267,254,254,5,19,118,118,152,152,177,177,189,249,249,278,278,377,377,393,0,52,52,69,69,88,88,88,88,88,116,134,146,146,146,146,146,22,51,51],"floor_reached":56,"playtime":67304,"items_purged":["Defend_R"],"score":1790,"play_id":"f2e023c0-0e89-4e41-b574-250485982ad1","local_time":"20190114075057","is_ascension_mode":true,"campfire_choices":[{"data":"Armaments","floor":6,"key":"SMITH"},{"data":"True Grit","floor":10,"key":"SMITH"},{"floor":15,"key":"REST"},{"data":"Demon Form","floor":23,"key":"SMITH"},{"floor":27,"key":"REST"},{"floor":30,"key":"REST"},{"floor":32,"key":"REST"},{"floor":40,"key":"REST"},{"floor":42,"key":"REST"},{"data":"Entrench","floor":45,"key":"SMITH"},{"floor":49,"key":"RECALL"},{"floor":52,"key":"REST"}],"neow_cost":"NONE","seed_source_timestamp":309362580069900,"circlet_count":0,"master_deck":["AscendersBane","Strike_R","Strike_R","Strike_R","Defend_R","Defend_R","Defend_R+1","Bash+1","True Grit+1","Armaments+1","Spot Weakness","Heavy Blade","Shockwave","Body Slam+1","Demon Form+1","Pommel Strike","Ghostly Armor","Entrench+1","Metallicize+1","Barricade+1","Disarm","Battle Trance","Metallicize+1"],"relics":["Burning Blood","Gremlin Horn","Red Skull","Self Forming Clay","Velvet Choker","Paper Frog","Art of War","Tiny Chest","Regal Pillow","Runic Pyramid","Red Mask","Peace Pipe","Mango","Happy Flower","Ornamental Fan","Bag of Preparation"],"potions_floor_usage":[16,16,18,24,29,31,46,55],"damage_taken":[{"damage":1,"enemies":"Cultist","floor":1,"turns":4},{"damage":9,"enemies":"2 Louse","floor":2,"turns":4},{"damage":9,"enemies":"Jaw Worm","floor":3,"turns":5},{"damage":4,"enemies":"Looter","floor":5,"turns":3},{"damage":47,"enemies":"Gremlin Nob","floor":11,"turns":5},{"damage":9,"enemies":"Exordium Wildlife","floor":12,"turns":4},{"damage":14,"enemies":"The Guardian","floor":16,"turns":9},{"damage":24,"enemies":"2 Thieves","floor":18,"turns":4},{"damage":5,"enemies":"Shell Parasite","floor":21,"turns":3},{"damage":46,"enemies":"Book of Stabbing","floor":24,"turns":6},{"damage":30,"enemies":"Cultist and Chosen","floor":28,"turns":5},{"damage":20,"enemies":"Gremlin Leader","floor":29,"turns":4},{"damage":25,"enemies":"Slavers","floor":31,"turns":6},{"damage":29,"enemies":"Champ","floor":33,"turns":7},{"damage":0,"enemies":"3 Shapes","floor":35,"turns":5},{"damage":80,"enemies":"2 Orb Walkers","floor":37,"turns":8},{"damage":3,"enemies":"Orb Walker","floor":39,"turns":5},{"damage":28,"enemies":"Sphere and 2 Shapes","floor":41,"turns":8},{"damage":22,"enemies":"Reptomancer","floor":46,"turns":8},{"damage":9,"enemies":"Spire Growth","floor":47,"turns":6},{"damage":13,"enemies":"4 Shapes","floor":48,"turns":6},{"damage":27,"enemies":"Time Eater","floor":50,"turns":12},{"damage":26,"enemies":"Shield and Spear","floor":54,"turns":9},{"damage":58,"enemies":"The Heart","floor":55,"turns":8}],"seed_played":"3004653462444252899","potions_obtained":[{"floor":3,"key":"GamblersBrew"},{"floor":11,"key":"SkillPotion"},{"floor":16,"key":"BloodPotion"},{"floor":18,"key":"Dexterity Potion"},{"floor":28,"key":"Energy Potion"},{"floor":29,"key":"Weak Potion"},{"floor":37,"key":"Energy Potion"},{"floor":39,"key":"SteroidPotion"},{"floor":46,"key":"AttackPotion"}],"is_trial":false,"path_per_floor":["M","M","M","?","M","R","T","?","T","R","E","M","?","?","R","B",null,"M","?","$","M","?","R","E","?","T","R","M","E","R","E","R","B",null,"M","?","?","T","M","R","M","R","T","?","R","E","M","M","R","B",null,"R","$","E","B",null],"character_chosen":"IRONCLAD","items_purchased":["Paper Frog","PowerPotion"],"campfire_rested":7,"item_purchase_floors":[20,53],"current_hp_per_floor":[85,82,79,61,63,63,63,63,63,63,22,19,19,12,38,30,74,64,64,64,65,65,65,25,25,25,51,27,13,39,20,61,38,76,82,82,8,22,25,70,48,93,93,93,93,77,74,67,67,46,88,102,102,82,30],"gold":51,"neow_bonus":"TEN_PERCENT_HP_BONUS","is_prod":false,"is_daily":false,"chose_seed":false,"campfire_upgraded":4,"win_rate":0,"timestamp":1547481057,"path_taken":["M","?","M","?","M","R","?","?","T","R","E","?","?","?","R","BOSS","M","?","$","M","?","R","E","?","T","R","M","E","R","E","R","BOSS","M","?","?","?","M","R","?","R","T","?","R","E","M","M","R","BOSS","R","$","E","BOSS"],"build_version":"2019-01-10","purchased_purges":1,"victory":true,"max_hp_per_floor":[88,88,88,88,88,88,88,88,88,88,88,88,88,88,88,88,88,88,88,88,88,88,88,88,88,88,88,88,88,88,88,88,88,88,88,88,88,102,102,102,102,102,102,102,102,102,102,102,102,102,102,102,102,102,102],"card_choices":[{"not_picked":["Blood for Blood","Twin Strike"],"picked":"True Grit","floor":1},{"not_picked":["Havoc","Warcry"],"picked":"Armaments","floor":2},{"not_picked":["Intimidate","True Grit"],"picked":"Spot Weakness","floor":3},{"not_picked":["Infernal Blade","Headbutt"],"picked":"Heavy Blade","floor":5},{"not_picked":["Flex","Warcry"],"picked":"Shockwave","floor":11},{"not_picked":["Dark Embrace","True Grit"],"picked":"Body Slam","floor":12},{"not_picked":["Brutality","Berserk"],"picked":"Demon Form","floor":16},{"not_picked":["Clash+1","Iron Wave"],"picked":"Pommel Strike","floor":18},{"not_picked":["Blood for Blood","Reckless Charge+1","Clash"],"picked":"SKIP","floor":21},{"not_picked":["Hemokinesis+1","Disarm+1"],"picked":"Entrench","floor":24},{"not_picked":["Rage","Second Wind"],"picked":"Metallicize+1","floor":28},{"not_picked":["Clash","Heavy Blade","True Grit"],"picked":"SKIP","floor":29},{"not_picked":["Havoc+1","Pommel Strike+1","Dark Embrace"],"picked":"SKIP","floor":31},{"not_picked":["Reaper","Berserk"],"picked":"Barricade","floor":33},{"not_picked":["Infernal Blade","Flex+1","Burning Pact"],"picked":"SKIP","floor":35},{"not_picked":["Shockwave","Second Wind+1"],"picked":"Disarm","floor":37},{"not_picked":["Perfected Strike","Dual Wield+1"],"picked":"Battle Trance","floor":39},{"not_picked":["Sentinel","Metallicize","Body Slam+1"],"picked":"SKIP","floor":41},{"not_picked":["Clothesline+1","Havoc","Juggernaut"],"picked":"SKIP","floor":46},{"not_picked":["Body Slam","Fire Breathing"],"picked":"Metallicize+1","floor":47},{"not_picked":["Heavy Blade","Sword Boomerang","Pommel Strike"],"picked":"SKIP","floor":48},{"not_picked":["Reckless Charge","Shockwave","Disarm"],"picked":"SKIP","floor":54}],"player_experience":1066642,"relics_obtained":[{"floor":7,"key":"Gremlin Horn"},{"floor":9,"key":"Red Skull"},{"floor":11,"key":"Self Forming Clay"},{"floor":24,"key":"Art of War"},{"floor":29,"key":"Tiny Chest"},{"floor":31,"key":"Regal Pillow"},{"floor":37,"key":"Peace Pipe"},{"floor":38,"key":"Mango"},{"floor":43,"key":"Happy Flower"},{"floor":46,"key":"Ornamental Fan"},{"floor":54,"key":"Bag of Preparation"}],"event_choices":[{"damage_healed":0,"gold_gain":0,"player_choice":"Entered Light","damage_taken":18,"max_hp_gain":0,"max_hp_loss":0,"event_name":"Shining Light","floor":4,"gold_loss":0,"cards_upgraded":["Defend_R","Bash"]},{"cards_removed":["Strike_R"],"damage_healed":0,"gold_gain":0,"player_choice":"Card Removal","damage_taken":0,"max_hp_gain":0,"max_hp_loss":0,"event_name":"The Cleric","floor":8,"gold_loss":50},{"damage_healed":0,"gold_gain":0,"player_choice":"Grow","damage_taken":0,"max_hp_gain":0,"max_hp_loss":0,"event_name":"Living Wall","floor":13,"gold_loss":0,"cards_upgraded":["Body Slam"]},{"cards_removed":["Strike_R"],"damage_healed":0,"gold_gain":0,"player_choice":"Card Removal","damage_taken":7,"max_hp_gain":0,"max_hp_loss":0,"event_name":"Golden Wing","floor":14,"gold_loss":0},{"damage_healed":0,"gold_gain":0,"player_choice":"Read","damage_taken":0,"max_hp_gain":0,"max_hp_loss":0,"event_name":"The Library","floor":19,"gold_loss":0,"cards_obtained":["Ghostly Armor"]},{"damage_healed":0,"gold_gain":99,"player_choice":"Stole From Cult","damage_taken":0,"max_hp_gain":0,"max_hp_loss":0,"event_name":"Nest","floor":22,"gold_loss":0},{"damage_healed":0,"gold_gain":0,"player_choice":"Ignored","damage_taken":0,"max_hp_gain":0,"max_hp_loss":0,"event_name":"Ghosts","floor":25,"gold_loss":0},{"damage_healed":0,"gold_gain":0,"player_choice":"Paid","damage_taken":0,"relics_obtained":["Red Mask"],"max_hp_gain":0,"max_hp_loss":0,"event_name":"Tomb of Lord Red Mask","floor":36,"gold_loss":393},{"damage_healed":0,"gold_gain":0,"player_choice":"Fight","damage_taken":0,"max_hp_gain":0,"max_hp_loss":0,"event_name":"Mysterious Sphere","floor":37,"gold_loss":0},{"damage_healed":0,"gold_gain":0,"player_choice":"Upgraded","damage_taken":0,"max_hp_gain":0,"max_hp_loss":0,"event_name":"Upgrade Shrine","floor":44,"gold_loss":0,"cards_upgraded":["Barricade"]}],"is_beta":false,"boss_relics":[{"not_picked":["Sozu","Pandora\u0027s Box"],"picked":"Velvet Choker"},{"not_picked":["Lizard Tail","Snecko Eye"],"picked":"Runic Pyramid"}],"items_purged_floors":[53],"is_endless":false,"potions_floor_spawned":[3,11,16,18,28,29,37,39,46,48],"ascension_level":12}