{"gold_per_floor":[360,5,23,98,114,114,125,125,125,125,275,66,85,118,118,118],"floor_reached":16,"playtime":1000,"items_purged":["Doubt"],"score":185,"play_id":"45b14ca9-16a5-407d-b417-4975ca4accb1","local_time":"20190210132514","is_ascension_mode":true,"campfire_choices":[{"data":"Bash","floor":6,"key":"SMITH"},{"data":"Headbutt","floor":8,"key":"SMITH"},{"data":"Offering","floor":10,"key":"SMITH"},{"data":"Clothesline","floor":15,"key":"SMITH"}],"neow_cost":"TEN_PERCENT_HP_LOSS","seed_source_timestamp":443253360163200,"circlet_count":0,"master_deck":["AscendersBane","Strike_R","Strike_R","Strike_R","Strike_R","Strike_R","Defend_R","Defend_R","Defend_R","Defend_R","Bash+1","Iron Wave","Offering+1","Metallicize","Headbutt+1","Clothesline+1","Impervious"],"relics":["Burning Blood","Mercury Hourglass","Frozen Egg 2","Ginger"],"potions_floor_usage":[14,16],"damage_taken":[{"damage":2,"enemies":"Cultist","floor":1,"turns":4},{"damage":5,"enemies":"2 Louse","floor":3,"turns":2},{"damage":4,"enemies":"Jaw Worm","floor":5,"turns":4},{"damage":7,"enemies":"Exordium Wildlife","floor":7,"turns":3},{"damage":14,"enemies":"Large Slime","floor":13,"turns":5},{"damage":18,"enemies":"Lagavulin","floor":14,"turns":5},{"damage":40,"enemies":"Hexaghost","floor":16,"turns":11}],"seed_played":"8236981440768363612","potions_obtained":[{"floor":7,"key":"Explosive Potion"}],"is_trial":false,"path_per_floor":["M","$","M","?","M","R","M","R","T","R","?","$","M","E","R","B"],"character_chosen":"IRONCLAD","items_purchased":["Mercury Hourglass","Offering","Impervious","Fire Potion"],"campfire_rested":0,"item_purchase_floors":[2,2,12,12],"current_hp_per_floor":[68,68,68,57,59,59,58,58,58,58,58,58,50,38,38,0],"gold":118,"neow_bonus":"TWO_FIFTY_GOLD","is_prod":false,"is_daily":false,"chose_seed":false,"campfire_upgraded":4,"win_rate":0,"timestamp":1549801514,"path_taken":["M","$","?","?","M","R","M","R","T","R","?","$","M","E","R","BOSS"],"build_version":"2019-01-23","purchased_purges":1,"victory":false,"max_hp_per_floor":[68,68,68,68,68,68,68,68,68,68,68,68,68,68,68,68],"card_choices":[{"not_picked":["Clash","Infernal Blade"],"picked":"Iron Wave","floor":1},{"not_picked":["Body Slam","Wild Strike"],"picked":"Metallicize","floor":3},{"not_picked":["Perfected Strike","Flex"],"picked":"Headbutt","floor":5},{"not_picked":["Perfected Strike","Pummel"],"picked":"Clothesline","floor":7},{"not_picked":["Armaments","Reckless Charge","Heavy Blade"],"picked":"SKIP","floor":13},{"not_picked":["Searing Blow","Brutality+1","Thunderclap"],"picked":"SKIP","floor":14}],"player_experience":552267,"relics_obtained":[{"floor":9,"key":"Frozen Egg 2"},{"floor":14,"key":"Ginger"}],"event_choices":[{"damage_healed":0,"gold_gain":75,"player_choice":"Gather Gold","damage_taken":11,"max_hp_gain":0,"max_hp_loss":0,"event_name":"World of Goop","floor":4,"gold_loss":0},{"damage_healed":0,"gold_gain":150,"player_choice":"AGREE","damage_taken":0,"max_hp_gain":0,"max_hp_loss":0,"event_name":"Liars Game","floor":11,"gold_loss":0,"cards_obtained":["Doubt"]}],"is_beta":false,"boss_relics":[],"items_purged_floors":[12],"is_endless":false,"potions_floor_spawned":[7],"killed_by":"Hexaghost","ascension_level":17}