{"gold_per_floor":[113,131,146,146,157,157,174,174,174,3,3,32,12],"floor_reached":13,"playtime":371,"items_purged":[],"score":162,"play_id":"05cc87c7-8562-43f2-971c-09e7a89f5d53","local_time":"20190206232342","is_ascension_mode":true,"campfire_choices":[{"data":"Bash","floor":6,"key":"SMITH"},{"floor":8,"key":"REST"},{"data":"Pommel Strike","floor":11,"key":"SMITH"}],"neow_cost":"NONE","seed_source_timestamp":2491879335326289,"circlet_count":0,"master_deck":["AscendersBane","Strike_R","Strike_R+1","Strike_R","Strike_R","Strike_R","Defend_R","Defend_R","Defend_R+1","Defend_R","Bash+1","Exhume","Pommel Strike+1","Metallicize","Twin Strike","Demon Form","Battle Trance"],"relics":["Burning Blood","Lantern","Bronze Scales","Centennial Puzzle"],"potions_floor_usage":[12],"damage_taken":[{"damage":18,"enemies":"Cultist","floor":1,"turns":5},{"damage":2,"enemies":"Jaw Worm","floor":2,"turns":3},{"damage":7,"enemies":"2 Louse","floor":3,"turns":3},{"damage":14,"enemies":"Large Slime","floor":5,"turns":6},{"damage":5,"enemies":"Blue Slaver","floor":7,"turns":4},{"damage":50,"enemies":"Gremlin Nob","floor":12,"turns":4},{"damage":8,"enemies":"Exordium Thugs","floor":13,"turns":1}],"seed_played":"-4382162329203351984","potions_obtained":[{"floor":1,"key":"LiquidBronze"},{"floor":7,"key":"Energy Potion"}],"is_trial":false,"path_per_floor":["M","M","M","?","M","R","M","R","T","$","R","E","M"],"character_chosen":"IRONCLAD","items_purchased":["Bronze Scales"],"campfire_rested":1,"item_purchase_floors":[10],"current_hp_per_floor":[56,60,59,36,28,28,29,51,51,51,51,7,0],"gold":12,"neow_bonus":"ONE_RANDOM_RARE_CARD","is_prod":false,"is_daily":false,"chose_seed":false,"campfire_upgraded":2,"win_rate":0,"timestamp":1549513422,"path_taken":["M","?","M","?","M","R","M","R","T","$","R","E","M"],"build_version":"2019-01-23","purchased_purges":0,"victory":false,"max_hp_per_floor":[75,75,75,75,75,75,75,75,75,75,75,75,75],"card_choices":[{"not_picked":["Feel No Pain","Cleave"],"picked":"Pommel Strike","floor":1},{"not_picked":["Intimidate","Second Wind"],"picked":"Metallicize","floor":2},{"not_picked":["Pummel","Dual Wield"],"picked":"Twin Strike","floor":3},{"not_picked":["Fire Breathing","Rupture","Cleave"],"picked":"SKIP","floor":5},{"not_picked":["Rage","Fire Breathing"],"picked":"Demon Form","floor":7},{"not_picked":["Offering","Body Slam"],"picked":"Battle Trance","floor":12}],"player_experience":424459,"relics_obtained":[{"floor":9,"key":"Lantern"},{"floor":12,"key":"Centennial Puzzle"}],"event_choices":[{"damage_healed":0,"gold_gain":0,"player_choice":"Entered Light","damage_taken":23,"max_hp_gain":0,"max_hp_loss":0,"event_name":"Shining Light","floor":4,"gold_loss":0,"cards_upgraded":["Defend_R","Strike_R"]}],"is_beta":false,"boss_relics":[],"items_purged_floors":[],"is_endless":false,"potions_floor_spawned":[1,7],"killed_by":"Exordium Thugs","ascension_level":18}