{"gold_per_floor":[113,74,87,48,48,78,78,253,253,203,215,215,244,260,260,357,407,397,174,193,14,14,46,46,46,72,85,117,67,97,97,97,196,196,208,220,235,247,264,214,214,228,277,277,287,287,387,609,609,609],"floor_reached":51,"playtime":2241,"items_purged":["Defend_B","Strike_B"],"score":818,"play_id":"ecb8ea0b-61b1-41cf-8a4a-ce806034306d","local_time":"20190115204704","is_ascension_mode":false,"campfire_choices":[{"data":"Defragment","floor":7.0,"key":"SMITH"},{"data":"Defragment","floor":12.0,"key":"SMITH"},{"data":"Zap","floor":15.0,"key":"SMITH"},{"data":"Apotheosis","floor":24.0,"key":"SMITH"},{"floor":32.0,"key":"REST"},{"data":"Echo Form","floor":41.0,"key":"SMITH"},{"data":"Defragment","floor":46.0,"key":"SMITH"},{"floor":49.0,"key":"REST"}],"neow_cost":"NONE","seed_source_timestamp":0,"circlet_count":0,"master_deck":["Strike_B+1","Strike_B+1","Strike_B","Defend_B+1","Defend_B","Defend_B+1","Zap+1","Dualcast","Defragment+1","Glacier","Defragment+1","Coolheaded","Conserve Battery","Chill","Core Surge+1","Glacier","Defragment+1","Apotheosis+1","Tempest+1","Defragment+1","Ball Lightning","Echo Form+1"],"special_seed":0,"relics":["Cracked Core","Orichalcum","Smiling Mask","Ancient Tea Set","Blue Candle","Thread and Needle","Tiny House","War Paint","Singing Bowl","Boot","Red Mask","Oddly Smooth Stone","Nuclear Battery","Whetstone","FossilizedHelix"],"potions_floor_usage":[50,50,50],"damage_taken":[{"damage":0.0,"enemies":"2 Louse","floor":1.0,"turns":2.0},{"damage":0.0,"enemies":"Small Slimes","floor":3.0,"turns":2.0},{"damage":9.0,"enemies":"Lagavulin","floor":6.0,"turns":10.0},{"damage":6.0,"enemies":"Jaw Worm","floor":11.0,"turns":3.0},{"damage":2.0,"enemies":"Gremlin Nob","floor":13.0,"turns":5.0},{"damage":0.0,"enemies":"Large Slime","floor":14.0,"turns":6.0},{"damage":16.0,"enemies":"Slime Boss","floor":16.0,"turns":15.0},{"damage":14.0,"enemies":"2 Thieves","floor":18.0,"turns":4.0},{"damage":0.0,"enemies":"Shell Parasite","floor":20.0,"turns":10.0},{"damage":12.0,"enemies":"Gremlin Leader","floor":23.0,"turns":11.0},{"damage":0.0,"enemies":"Cultist and Chosen","floor":27.0,"turns":6.0},{"damage":0.0,"enemies":"Masked Bandits","floor":28.0,"turns":6.0},{"damage":34.0,"enemies":"Slavers","floor":30.0,"turns":8.0},{"damage":0.0,"enemies":"Colosseum Slavers","floor":31.0,"turns":4.0},{"damage":25.0,"enemies":"Automaton","floor":33.0,"turns":14.0},{"damage":0.0,"enemies":"3 Darklings","floor":35.0,"turns":6.0},{"damage":0.0,"enemies":"3 Shapes","floor":36.0,"turns":6.0},{"damage":0.0,"enemies":"Maw","floor":37.0,"turns":9.0},{"damage":0.0,"enemies":"Spire Growth","floor":38.0,"turns":7.0},{"damage":0.0,"enemies":"Transient","floor":39.0,"turns":5.0},{"damage":1.0,"enemies":"3 Darklings","floor":42.0,"turns":8.0},{"damage":0.0,"enemies":"Sphere and 2 Shapes","floor":45.0,"turns":6.0},{"damage":0.0,"enemies":"Mind Bloom Boss Battle","floor":47.0,"turns":7.0},{"damage":0,"enemies":"Awakened One","floor":50,"turns":15}],"seed_played":"1462261954950229109","potions_obtained":[{"floor":11.0,"key":"SteroidPotion"},{"floor":14.0,"key":"SpeedPotion"},{"floor":16.0,"key":"EssenceOfSteel"},{"floor":23.0,"key":"PowerPotion"},{"floor":27.0,"key":"GamblersBrew"},{"floor":30.0,"key":"GamblersBrew"},{"floor":35.0,"key":"FocusPotion"},{"floor":47.0,"key":"Dexterity Potion"}],"is_trial":false,"path_per_floor":["M","$","M","$","?","E","R","?","T","?","M","R","E","M","R","B",null,"M","$","M","$","?","E","R","?","T","M","?","$","E","?","R","B",null,"M","M","M","M","M","$","R","M","T","?","M","R","?","?","R","B",null],"character_chosen":"DEFECT","items_purchased":["Defragment","Glacier","Defragment","War Paint","Apotheosis"],"campfire_rested":2,"item_purchase_floors":[2,4,19,19,21],"current_hp_per_floor":[75,75,75,75,57,48,48,48,48,48,42,42,40,40,40,24,80,66,66,66,66,66,54,54,54,54,54,54,54,22,22,46,21,82,84,86,88,90,92,92,92,93,93,89,91,91,93,93,104,104],"gold":609,"neow_bonus":"RANDOM_COMMON_RELIC","is_prod":false,"is_daily":false,"chose_seed":false,"campfire_upgraded":6,"win_rate":0,"timestamp":1547585224,"path_taken":["M","$","M","$","?","E","R","?","T","?","M","R","E","M","R","BOSS","M","$","M","$","?","E","R","?","T","M","?","$","E","?","R","BOSS","M","M","M","M","M","$","R","M","T","?","M","R","?","?","R","BOSS"],"build_version":"2019-01-10","purchased_purges":2,"victory":true,"max_hp_per_floor":[75,75,75,75,75,75,75,75,75,75,75,75,75,75,75,75,80,80,80,80,80,80,80,80,80,80,80,80,80,82,82,82,82,82,84,86,88,90,92,92,92,94,94,100,102,102,104,104,104,104],"card_choices":[{"not_picked":["Redo","Go for the Eyes","Stack"],"picked":"SKIP","floor":1.0},{"not_picked":["Force Field","White Noise","Go for the Eyes"],"picked":"SKIP","floor":3.0},{"not_picked":["Double Energy","Coolheaded"],"picked":"Defragment","floor":6.0},{"not_picked":["Compile Driver","Redo"],"picked":"Coolheaded","floor":11.0},{"not_picked":["Chaos","Lockon"],"picked":"Conserve Battery","floor":13.0},{"not_picked":["Fusion","Steam Power"],"picked":"Chill","floor":14.0},{"not_picked":["Fission","Multi-Cast"],"picked":"Core Surge","floor":16.0},{"not_picked":["Coolheaded","Sweeping Beam"],"picked":"Glacier","floor":18.0},{"not_picked":["Sunder","Rebound","Barrage"],"picked":"SKIP","floor":20.0},{"not_picked":["Core Surge","Lockon"],"picked":"Tempest+1","floor":23.0},{"not_picked":["Undo","Rebound"],"picked":"Defragment+1","floor":27.0},{"not_picked":["Sunder+1","Gash"],"picked":"Ball Lightning","floor":28.0},{"not_picked":["Streamline","Coolheaded+1","Go for the Eyes"],"picked":"Singing Bowl","floor":30.0},{"not_picked":["Thunder Strike","Multi-Cast"],"picked":"Echo Form","floor":33.0},{"not_picked":["Heatsinks+1","Lockon","Compile Driver"],"picked":"Singing Bowl","floor":35.0},{"not_picked":["Coolheaded","Beam Cell","Consume+1"],"picked":"Singing Bowl","floor":36.0},{"not_picked":["Genetic Algorithm","Double Energy","Barrage+1"],"picked":"Singing Bowl","floor":37.0},{"not_picked":["Hello World+1","Genetic Algorithm+1","Fusion"],"picked":"Singing Bowl","floor":38.0},{"not_picked":["Redo+1","Stack+1","Turbo"],"picked":"Singing Bowl","floor":39.0},{"not_picked":["Barrage","Gash","Rebound"],"picked":"Singing Bowl","floor":42.0},{"not_picked":["Transmutation","Panacea","PanicButton"],"picked":"Singing Bowl","floor":44.0},{"not_picked":["Secret Technique","Dark Shackles","Trip"],"picked":"Singing Bowl","floor":44.0},{"not_picked":["Madness","Dark Shackles","Good Instincts"],"picked":"Singing Bowl","floor":44.0},{"not_picked":["Hologram","Tempest+1","Beam Cell"],"picked":"Singing Bowl","floor":45.0},{"not_picked":["Steam","Genetic Algorithm+1","BootSequence"],"picked":"Singing Bowl","floor":47.0}],"player_experience":968878,"relics_obtained":[{"floor":6.0,"key":"Ancient Tea Set"},{"floor":9.0,"key":"Blue Candle"},{"floor":13.0,"key":"Thread and Needle"},{"floor":23.0,"key":"Singing Bowl"},{"floor":26.0,"key":"Boot"},{"floor":28.0,"key":"Red Mask"},{"floor":30.0,"key":"Oddly Smooth Stone"},{"floor":43.0,"key":"Whetstone"},{"floor":47.0,"key":"FossilizedHelix"}],"event_choices":[{"damage_healed":0.0,"max_hp_gain":0.0,"max_hp_loss":0.0,"gold_gain":0.0,"event_name":"Scrap Ooze","player_choice":"Success","floor":5.0,"gold_loss":0.0,"damage_taken":18.0,"relics_obtained":["Smiling Mask"]},{"damage_healed":0.0,"max_hp_gain":0.0,"max_hp_loss":0.0,"gold_gain":175.0,"event_name":"Liars Game","player_choice":"AGREE","floor":8.0,"gold_loss":0.0,"damage_taken":0.0,"cards_obtained":["Doubt"]},{"cards_removed":["Doubt"],"damage_healed":0.0,"max_hp_gain":0.0,"max_hp_loss":0.0,"gold_gain":0.0,"event_name":"The Cleric","player_choice":"Card Removal","floor":10.0,"gold_loss":50.0,"damage_taken":0.0},{"damage_healed":0.0,"max_hp_gain":0.0,"max_hp_loss":0.0,"gold_gain":0.0,"event_name":"Ghosts","player_choice":"Ignored","floor":22.0,"gold_loss":0.0,"damage_taken":0.0},{"damage_healed":0.0,"max_hp_gain":0.0,"max_hp_loss":0.0,"gold_gain":0.0,"event_name":"Cursed Tome","player_choice":"Ignored","floor":25.0,"gold_loss":0.0,"damage_taken":0.0},{"damage_healed":0.0,"max_hp_gain":0.0,"max_hp_loss":0.0,"gold_gain":0.0,"event_name":"Masked Bandits","player_choice":"Fought Bandits","floor":28.0,"gold_loss":0.0,"damage_taken":0.0},{"damage_healed":0.0,"max_hp_gain":0.0,"max_hp_loss":0.0,"gold_gain":0.0,"event_name":"Colosseum","player_choice":"Fight","floor":31.0,"gold_loss":0.0,"damage_taken":0.0},{"damage_healed":0.0,"max_hp_gain":0.0,"max_hp_loss":0.0,"gold_gain":0.0,"event_name":"Colosseum","player_choice":"Fled From Nobs","floor":31.0,"gold_loss":0.0,"damage_taken":0.0},{"damage_healed":0.0,"max_hp_gain":0.0,"max_hp_loss":0.0,"gold_gain":0.0,"event_name":"SensoryStone","player_choice":"Memory 3","floor":44.0,"gold_loss":0.0,"damage_taken":10.0},{"damage_healed":0.0,"max_hp_gain":0.0,"max_hp_loss":0.0,"gold_gain":0.0,"event_name":"MindBloom","player_choice":"Fight","floor":47.0,"gold_loss":0.0,"damage_taken":0.0},{"damage_healed":0.0,"max_hp_gain":0.0,"max_hp_loss":0.0,"gold_gain":222.0,"event_name":"Tomb of Lord Red Mask","player_choice":"Wore Mask","floor":48.0,"gold_loss":0.0,"damage_taken":0.0}],"is_beta":false,"boss_relics":[{"not_picked":["Velvet Choker","Runic Dome"],"picked":"Tiny House"},{"not_picked":["White Beast Statue","Calling Bell"],"picked":"Nuclear Battery"}],"items_purged_floors":[29,40],"is_endless":false,"potions_floor_spawned":[11,14,16,23,27,30,35,36,37,45,47],"ascension_level":0}