{"gold_per_floor":[113,125,135,147,157,157,157,185,185,196,207,221,221,270,270,365,365,378,378,305,321,340,340,124,136,171,183,195,207,248,260,272,284],"floor_reached":33,"playtime":2592,"items_purged":[],"score":414,"play_id":"634595d9-33d5-4082-bcf7-1296e4100823","local_time":"20181122230057","is_ascension_mode":true,"campfire_choices":[{"data":"Tactician","floor":6,"key":"SMITH"},{"data":"Neutralize","floor":15,"key":"SMITH"},{"data":"Noxious Fumes","floor":23,"key":"SMITH"},{"data":"Corpse Explosion","floor":25,"key":"SMITH"},{"data":"Adrenaline","floor":27,"key":"SMITH"},{"data":"Acrobatics","floor":29,"key":"SMITH"},{"floor":32,"key":"REST"}],"neow_cost":"NONE","seed_source_timestamp":0,"circlet_count":0,"master_deck":["AscendersBane","Defend_G+1","Defend_G+1","Defend_G+1","Defend_G+1","Defend_G+1","Strike_G+1","Strike_G+1","Strike_G+1","Strike_G+1","Strike_G+1","Survivor","Neutralize+1","Dagger Throw","Poisoned Stab+1","Tactician+1","Backflip+1","Acrobatics+1","Adrenaline+1","Dagger Throw+1","Caltrops","Sucker Punch","Corpse Explosion+1","Catalyst+1","Noxious Fumes+1","PiercingWail","Quick Slash+1","Leg Sweep","Reflex+1"],"special_seed":0,"relics":["Ring of the Snake","Darkstone Periapt","Centennial Puzzle","War Paint","Sozu","MawBank","Art of War","Whetstone"],"potions_floor_usage":[4,8,16,33],"damage_taken":[{"damage":1.0,"enemies":"Cultist","floor":1.0,"turns":5.0},{"damage":5.0,"enemies":"Jaw Worm","floor":2.0,"turns":6.0},{"damage":1,"enemies":"2 Louse","floor":3,"turns":3},{"damage":23,"enemies":"Exordium Thugs","floor":4,"turns":4},{"damage":3,"enemies":"3 Louse","floor":5,"turns":5},{"damage":17,"enemies":"Gremlin Nob","floor":8,"turns":4},{"damage":3,"enemies":"Large Slime","floor":10,"turns":7},{"damage":1,"enemies":"Looter","floor":11,"turns":3},{"damage":1,"enemies":"Blue Slaver","floor":12,"turns":3},{"damage":30,"enemies":"The Guardian","floor":16,"turns":16},{"damage":3,"enemies":"2 Thieves","floor":18,"turns":3},{"damage":8,"enemies":"Shell Parasite","floor":21,"turns":3},{"damage":10,"enemies":"Centurion and Healer","floor":22,"turns":4},{"damage":25,"enemies":"Slavers","floor":30,"turns":2},{"damage":0,"enemies":"Colosseum Slavers","floor":31,"turns":2},{"damage":49,"enemies":"Collector","floor":33,"turns":9}],"seed_played":"3679591794415615216","potions_obtained":[{"floor":1.0,"key":"EntropicBrew"},{"floor":4,"key":"AttackPotion"},{"floor":11,"key":"Weak Potion"}],"is_trial":false,"path_per_floor":["M","M","M","M","M","M","R","$","E","T","M","M","M","?","T","R","B",null,"M","?","$","M","M","R","$","R","T","R","?","R","E","?","R","B"],"character_chosen":"THE_SILENT","items_purchased":["Noxious Fumes","Leg Sweep","MawBank"],"campfire_rested":1,"item_purchase_floors":[20,24,24],"current_hp_per_floor":[69,64,63,40,37,37,37,20,20,17,16,15,40,40,40,10,60,57,57,57,49,39,39,39,39,39,39,39,39,14,14,37,0],"gold":284,"neow_bonus":"TEN_PERCENT_HP_BONUS","is_prod":false,"is_daily":false,"chose_seed":false,"campfire_upgraded":6,"win_rate":0,"timestamp":1542956457,"path_taken":["M","M","M","M","M","R","$","E","T","M","M","M","?","?","R","BOSS","M","?","$","M","M","R","?","R","T","R","?","R","E","?","R","BOSS"],"build_version":"2018-11-15","purchased_purges":0,"victory":false,"max_hp_per_floor":[77,77,77,77,77,77,77,77,77,77,77,77,77,77,77,77,77,77,77,77,77,77,77,77,77,77,77,77,77,77,77,77,77],"card_choices":[{"not_picked":["Escape Plan","Underhanded Strike"],"picked":"Dagger Throw","floor":1.0},{"not_picked":["Dodge and Roll","Blade Dance"],"picked":"Poisoned Stab","floor":2},{"not_picked":["Accuracy","Deadly Poison"],"picked":"Tactician","floor":3},{"not_picked":["Finisher","Slice"],"picked":"Backflip","floor":4},{"not_picked":["Choke","Infinite Blades"],"picked":"Acrobatics","floor":5},{"not_picked":["Underhanded Strike","Poisoned Stab"],"picked":"Adrenaline","floor":8},{"not_picked":["Heel Hook","Flying Knee"],"picked":"Dagger Throw","floor":10},{"not_picked":["Predator","Poisoned Stab"],"picked":"Caltrops","floor":11},{"not_picked":["Flechettes","Poisoned Stab"],"picked":"Sucker Punch","floor":12},{"not_picked":["Tools of the Trade","Venomology"],"picked":"Corpse Explosion","floor":16},{"not_picked":["Cloak And Dagger+1","Backstab"],"picked":"Catalyst+1","floor":18},{"not_picked":["Underhanded Strike","Reflex"],"picked":"PiercingWail","floor":21},{"not_picked":["Blade Dance+1","PiercingWail"],"picked":"Quick Slash+1","floor":22},{"not_picked":["Concentrate","Sucker Punch+1"],"picked":"Reflex+1","floor":30}],"player_experience":112086,"relics_obtained":[{"floor":8,"key":"Darkstone Periapt"},{"floor":9,"key":"Centennial Puzzle"},{"floor":14,"key":"War Paint"},{"floor":26,"key":"Art of War"},{"floor":30,"key":"Whetstone"}],"event_choices":[{"damage_healed":25,"gold_gain":0,"player_choice":"Banana","damage_taken":0,"max_hp_gain":0,"max_hp_loss":0,"event_name":"Big Fish","floor":13,"gold_loss":0},{"damage_healed":0,"gold_gain":0,"player_choice":"Simplicity","damage_taken":0,"max_hp_gain":0,"max_hp_loss":0,"event_name":"Back to Basics","floor":19,"gold_loss":0,"cards_upgraded":["Defend_G","Defend_G","Defend_G","Defend_G","Strike_G","Strike_G","Strike_G","Strike_G","Strike_G"]},{"damage_healed":0,"gold_gain":0,"player_choice":"Ignored","damage_taken":0,"max_hp_gain":0,"max_hp_loss":0,"event_name":"Vampires","floor":28,"gold_loss":0},{"damage_healed":0,"gold_gain":0,"player_choice":"Fight","damage_taken":0,"max_hp_gain":0,"max_hp_loss":0,"event_name":"Colosseum","floor":31,"gold_loss":0},{"damage_healed":0,"gold_gain":0,"player_choice":"Fled From Nobs","damage_taken":0,"max_hp_gain":0,"max_hp_loss":0,"event_name":"Colosseum","floor":31,"gold_loss":0}],"is_beta":false,"boss_relics":[{"not_picked":["Empty Cage","Pandora\u0027s Box"],"picked":"Sozu"}],"items_purged_floors":[],"is_endless":false,"potions_floor_spawned":[1,4,11,18,30,31],"killed_by":"Collector","ascension_level":11}