{"gold_per_floor":[117,117,137,153,165,196,196,213,213,248,263,263,281,456,456,557,557,573,573,773,783,374,406,406,422,422,422,433,449,480,480],"floor_reached":31,"playtime":1078,"items_purged":["Doubt"],"score":289,"play_id":"4db7ef39-7fdd-466c-b597-188b02546c68","local_time":"20190110225521","is_ascension_mode":false,"campfire_choices":[{"data":"Dualcast","floor":7.0,"key":"SMITH"},{"data":"Zap","floor":12.0,"key":"SMITH"},{"data":"Chaos","floor":15.0,"key":"SMITH"},{"floor":24.0,"key":"REST"},{"floor":27,"key":"REST"}],"neow_cost":"NONE","seed_source_timestamp":1479965429864861,"circlet_count":0,"master_deck":["Strike_B","Strike_B","Strike_B","Strike_B","Defend_B","Defend_B","Defend_B","Defend_B","Zap+1","Dualcast+1","Cold Snap","Chaos+1","Ball Lightning","Echo Form","Glacier","Undo","Compile Driver+1","Go for the Eyes+1","Seek"],"special_seed":0,"relics":["Cracked Core","Oddly Smooth Stone","Dodecahedron","Shuriken","PreservedInsect","Cursed Key","Membership Card","Frozen Egg 2","Gambling Chip","Ginger"],"potions_floor_usage":[],"damage_taken":[{"damage":0.0,"enemies":"Jaw Worm","floor":1.0,"turns":4.0},{"damage":0.0,"enemies":"Small Slimes","floor":3.0,"turns":2.0},{"damage":0.0,"enemies":"Cultist","floor":4.0,"turns":3.0},{"damage":0.0,"enemies":"Looter","floor":5.0,"turns":4.0},{"damage":30.0,"enemies":"3 Sentries","floor":6.0,"turns":9.0},{"damage":5.0,"enemies":"Lots of Slimes","floor":8.0,"turns":5.0},{"damage":12.0,"enemies":"Lagavulin","floor":10.0,"turns":6.0},{"damage":0.0,"enemies":"2 Fungi Beasts","floor":11.0,"turns":4.0},{"damage":8.0,"enemies":"Gremlin Gang","floor":13.0,"turns":5.0},{"damage":10.0,"enemies":"Slime Boss","floor":16.0,"turns":7.0},{"damage":19.0,"enemies":"3 Byrds","floor":18.0,"turns":4.0},{"damage":18.0,"enemies":"2 Thieves","floor":21.0,"turns":4.0},{"damage":12.0,"enemies":"Gremlin Leader","floor":23.0,"turns":6.0},{"damage":2.0,"enemies":"Snake Plant","floor":25.0,"turns":4.0},{"damage":8,"enemies":"Shelled Parasite and Fungi","floor":28,"turns":6},{"damage":12,"enemies":"Sentry and Sphere","floor":29,"turns":6},{"damage":7,"enemies":"Book of Stabbing","floor":30,"turns":5},{"damage":0,"enemies":"Snecko","floor":31,"turns":2}],"seed_played":"-8376737563244385090","potions_obtained":[{"floor":1.0,"key":"AttackPotion"},{"floor":8.0,"key":"Weak Potion"},{"floor":11.0,"key":"Energy Potion"},{"floor":16.0,"key":"FocusPotion"},{"floor":23.0,"key":"Ancient Potion"},{"floor":25.0,"key":"AttackPotion"}],"is_trial":false,"path_per_floor":["M","$","M","M","M","E","R","M","T","E","M","R","M","?","R","B",null,"M","?","?","M","$","E","R","M","T","R","M","M","E","M"],"character_chosen":"DEFECT","items_purchased":["Membership Card","Undo","Frozen Egg 2"],"campfire_rested":2,"item_purchase_floors":[22,22,22],"current_hp_per_floor":[75,75,75,75,75,45,45,40,40,28,28,28,20,20,20,10,75,56,42,42,24,24,12,36,34,34,58,50,38,31,31],"gold":480,"neow_bonus":"RANDOM_COMMON_RELIC","is_prod":false,"is_daily":false,"chose_seed":false,"campfire_upgraded":3,"win_rate":0,"timestamp":1547160921,"path_taken":["M","$","M","M","M","E","R","M","T","E","M","R","M","?","R","BOSS","M","?","?","M","$","E","R","M","T","R","?","M","E","M"],"build_version":"2019-01-03v4","purchased_purges":1,"victory":false,"max_hp_per_floor":[75,75,75,75,75,75,75,75,75,75,75,75,75,75,75,75,75,75,80,80,80,80,80,80,80,80,80,80,80,80,80],"card_choices":[{"not_picked":["Doom and Gloom","Barrage","Loop"],"picked":"SKIP","floor":1.0},{"not_picked":["White Noise","Reinforced Body","Steam Power"],"picked":"SKIP","floor":3.0},{"not_picked":["Rebound","Sweeping Beam","Gash"],"picked":"SKIP","floor":4.0},{"not_picked":["Darkness","Rebound"],"picked":"Cold Snap","floor":5.0},{"not_picked":["Tempest","Streamline"],"picked":"Chaos","floor":6.0},{"not_picked":["Meteor Strike","Aggregate","Skim"],"picked":"SKIP","floor":8.0},{"not_picked":["Rip and Tear","Compile Driver","Sweeping Beam"],"picked":"SKIP","floor":10.0},{"not_picked":["Go for the Eyes","Barrage"],"picked":"Ball Lightning","floor":11.0},{"not_picked":["Storm","Compile Driver","Static Discharge"],"picked":"SKIP","floor":13.0},{"not_picked":["Biased Cognition","Meteor Strike"],"picked":"Echo Form","floor":16.0},{"not_picked":["Compile Driver","Storm+1","Turbo+1"],"picked":"SKIP","floor":18.0},{"not_picked":["Stack+1","Gash"],"picked":"Glacier","floor":21.0},{"not_picked":["Compile Driver","Cold Snap","Hello World+1"],"picked":"SKIP","floor":23.0},{"not_picked":["Turbo+1","Cold Snap"],"picked":"Compile Driver+1","floor":25.0},{"not_picked":["Compile Driver","Skim"],"picked":"Go for the Eyes+1","floor":28},{"not_picked":["Doom and Gloom+1","Force Field","Beam Cell"],"picked":"SKIP","floor":29},{"not_picked":["Undo","Streamline+1"],"picked":"Seek","floor":30}],"player_experience":960877,"relics_obtained":[{"floor":6.0,"key":"Dodecahedron"},{"floor":9.0,"key":"Shuriken"},{"floor":10.0,"key":"PreservedInsect"},{"floor":23.0,"key":"Gambling Chip"},{"floor":30,"key":"Ginger"}],"event_choices":[{"damage_healed":0.0,"max_hp_gain":0.0,"max_hp_loss":0.0,"gold_gain":175.0,"event_name":"Liars Game","player_choice":"AGREE","floor":14.0,"gold_loss":0.0,"damage_taken":0.0,"cards_obtained":["Doubt"]},{"damage_healed":0.0,"max_hp_gain":5.0,"max_hp_loss":0.0,"gold_gain":0.0,"event_name":"Forgotten Altar","player_choice":"Shed Blood","floor":19.0,"gold_loss":0.0,"damage_taken":19.0},{"damage_healed":0.0,"max_hp_gain":0.0,"max_hp_loss":0.0,"gold_gain":250.0,"event_name":"The Joust","player_choice":"Bet on Owner","floor":20.0,"gold_loss":50.0,"damage_taken":0.0}],"is_beta":false,"boss_relics":[{"not_picked":["Runic Dome","FrozenCore"],"picked":"Cursed Key"}],"items_purged_floors":[22],"is_endless":false,"potions_floor_spawned":[1,8,11,16,23,25,28],"killed_by":"Snecko","ascension_level":0}