{"gold_per_floor":[218,236,236,249,262,262,276,276,328,328,338,107,139,65,65,169,219,231,70,70,85,96,96,108,108,134,134,134,134,167,129,129,231,231,250,250,250,250,250,250,212,212,212,174,186,286,286,298,298,298],"floor_reached":51,"playtime":1157,"items_purged":["Strike_B+1"],"score":661,"play_id":"6570caec-8107-461f-9956-febdc244961a","local_time":"20190118002857","is_ascension_mode":false,"campfire_choices":[{"data":"Defragment","floor":6.0,"key":"SMITH"},{"data":"Dualcast","floor":8.0,"key":"SMITH"},{"data":"Zap","floor":10.0,"key":"SMITH"},{"data":"Melter","floor":15.0,"key":"SMITH"},{"data":"Apotheosis","floor":23.0,"key":"SMITH"},{"data":"Capacitor","floor":25.0,"key":"SMITH"},{"data":"Defragment","floor":27.0,"key":"SMITH"},{"data":"Ball Lightning","floor":29.0,"key":"SMITH"},{"data":"Capacitor","floor":32.0,"key":"SMITH"},{"floor":40.0,"key":"RECALL"},{"floor":42.0,"key":"REST"},{"floor":47.0,"key":"REST"},{"floor":49,"key":"REST"}],"neow_cost":"NONE","seed_source_timestamp":2090276558081152,"circlet_count":0,"master_deck":["Strike_B+1","Strike_B+1","Strike_B+1","Defend_B+1","Defend_B+1","Defend_B+1","Defend_B+1","Zap+1","Dualcast+1","Melter+1","Defragment+1","BootSequence","Conserve Battery","Ball Lightning+1","Undo+1","Apotheosis+1","Defragment+1","Capacitor+1","Coolheaded","Capacitor+1","Electrodynamics","Conserve Battery","Panache","Madness","Madness","Chaos","Capacitor"],"special_seed":0,"relics":["Cracked Core","Torii","PreservedInsect","Membership Card","Strawberry","War Paint","Tiny House","DataDisk","Bag of Marbles","Anchor","Fusion Hammer","Letter Opener"],"potions_floor_usage":[50,50,50,50,50],"damage_taken":[{"damage":0.0,"enemies":"Cultist","floor":1.0,"turns":4.0},{"damage":0.0,"enemies":"2 Louse","floor":2.0,"turns":2.0},{"damage":1.0,"enemies":"Small Slimes","floor":4.0,"turns":3.0},{"damage":7.0,"enemies":"3 Louse","floor":5.0,"turns":3.0},{"damage":0.0,"enemies":"Large Slime","floor":7.0,"turns":3.0},{"damage":0.0,"enemies":"Blue Slaver","floor":11.0,"turns":2.0},{"damage":1.0,"enemies":"3 Sentries","floor":13.0,"turns":5.0},{"damage":40.0,"enemies":"Hexaghost","floor":16.0,"turns":10.0},{"damage":1.0,"enemies":"Shell Parasite","floor":18.0,"turns":5.0},{"damage":0.0,"enemies":"Chosen","floor":21.0,"turns":3.0},{"damage":2.0,"enemies":"Snecko","floor":22.0,"turns":7.0},{"damage":3.0,"enemies":"Shelled Parasite and Fungi","floor":24.0,"turns":5.0},{"damage":14.0,"enemies":"Book of Stabbing","floor":30.0,"turns":5.0},{"damage":44.0,"enemies":"Champ","floor":33.0,"turns":13.0},{"damage":0.0,"enemies":"3 Shapes","floor":35.0,"turns":4.0},{"damage":1.0,"enemies":"Orb Walker","floor":45.0,"turns":4.0},{"damage":45,"enemies":"Writhing Mass","floor":48,"turns":5},{"damage":52,"enemies":"Donu and Deca","floor":50,"turns":9}],"seed_played":"7741520636218611368","potions_obtained":[{"floor":2.0,"key":"EssenceOfSteel"},{"floor":4.0,"key":"Swift Potion"},{"floor":5.0,"key":"Fire Potion"},{"floor":18.0,"key":"Weak Potion"},{"floor":24.0,"key":"Block Potion"},{"floor":45.0,"key":"EntropicBrew"}],"is_trial":false,"path_per_floor":["M","M","T","M","M","R","M","R","T","R","M","$","E","$","R","B",null,"M","$","?","M","M","R","M","R","T","R","?","R","E","$","R","B",null,"M","?","?","$","?","R","$","R","T","$","M","?","R","M","R","B",null],"character_chosen":"DEFECT","items_purchased":["Membership Card","Conserve Battery","War Paint","Apotheosis","DataDisk","Capacitor","Chaos"],"campfire_rested":3,"item_purchase_floors":[12,12,14,19,19,31,41],"current_hp_per_floor":[75,75,75,74,67,67,67,67,67,67,67,67,73,73,73,33,87,86,86,86,86,84,84,81,81,81,81,81,81,67,67,67,23,87,87,87,76,76,76,76,76,87,87,87,86,86,87,42,68,16],"gold":298,"neow_bonus":"HUNDRED_GOLD","is_prod":false,"is_daily":false,"chose_seed":false,"campfire_upgraded":9,"win_rate":0,"timestamp":1547771337,"path_taken":["M","M","?","M","?","R","?","R","T","R","M","$","E","$","R","BOSS","M","$","?","M","M","R","M","R","T","R","?","R","E","$","R","BOSS","M","?","?","$","?","R","?","R","T","$","M","?","R","M","R","BOSS"],"build_version":"2019-01-10","purchased_purges":1,"victory":true,"max_hp_per_floor":[75,75,75,75,75,75,75,75,75,75,75,75,82,82,82,82,87,87,87,87,87,87,87,87,87,87,87,87,87,87,87,87,87,87,87,87,87,87,87,87,87,87,87,87,87,87,87,87,87,87],"card_choices":[{"not_picked":["Turbo","Compile Driver","Static Discharge"],"picked":"SKIP","floor":1.0},{"not_picked":["Blizzard","Leap"],"picked":"Melter","floor":2.0},{"not_picked":["Compile Driver","Consume","Hologram"],"picked":"SKIP","floor":4.0},{"not_picked":["BootSequence","Stack"],"picked":"Defragment","floor":5.0},{"not_picked":["Reprogram","White Noise"],"picked":"BootSequence","floor":7.0},{"not_picked":["Gash","Stack","Recycle"],"picked":"SKIP","floor":11.0},{"not_picked":["Chaos","Barrage","Go for the Eyes"],"picked":"SKIP","floor":13.0},{"not_picked":["Melter","Double Energy"],"picked":"Ball Lightning","floor":17.0},{"not_picked":["Cold Snap","Heatsinks"],"picked":"Undo+1","floor":18.0},{"not_picked":["Reinforced Body","Beam Cell","Steam Power"],"picked":"SKIP","floor":21.0},{"not_picked":["Stack","Conserve Battery+1"],"picked":"Defragment","floor":22.0},{"not_picked":["Genetic Algorithm+1","Fusion"],"picked":"Capacitor","floor":24.0},{"not_picked":["BootSequence","Tempest"],"picked":"Coolheaded","floor":30.0},{"not_picked":["Thunder Strike","Amplify"],"picked":"Electrodynamics","floor":33.0},{"not_picked":["Turbo","Hologram"],"picked":"Conserve Battery","floor":35.0},{"not_picked":["Apotheosis","Enlightenment"],"picked":"Panache","floor":36.0},{"not_picked":["Sweeping Beam","Fusion+1","Conserve Battery+1"],"picked":"SKIP","floor":45.0},{"not_picked":["Sweeping Beam","Fusion+1","Conserve Battery+1"],"picked":"SKIP","floor":45.0},{"not_picked":["Coolheaded","Reprogram"],"picked":"Capacitor","floor":48}],"player_experience":978169,"relics_obtained":[{"floor":3.0,"key":"Torii"},{"floor":9.0,"key":"PreservedInsect"},{"floor":13.0,"key":"Strawberry"},{"floor":26.0,"key":"Bag of Marbles"},{"floor":30.0,"key":"Anchor"},{"floor":43.0,"key":"Letter Opener"}],"event_choices":[{"damage_healed":0.0,"max_hp_gain":0.0,"max_hp_loss":0.0,"gold_gain":0.0,"event_name":"Back to Basics","player_choice":"Simplicity","floor":28.0,"gold_loss":0.0,"damage_taken":0.0,"cards_upgraded":["Strike_B","Strike_B","Strike_B","Defend_B","Defend_B"]},{"damage_healed":0.0,"max_hp_gain":0.0,"max_hp_loss":0.0,"gold_gain":0.0,"event_name":"SensoryStone","player_choice":"Memory 1","floor":36.0,"gold_loss":0.0,"damage_taken":0.0},{"damage_healed":0.0,"max_hp_gain":0.0,"max_hp_loss":0.0,"gold_gain":0.0,"event_name":"Winding Halls","player_choice":"Embrace Madness","floor":37.0,"gold_loss":0.0,"damage_taken":11.0,"cards_obtained":["Madness","Madness"]},{"damage_healed":0.0,"max_hp_gain":0.0,"max_hp_loss":0.0,"gold_gain":0.0,"event_name":"Mysterious Sphere","player_choice":"Ignored","floor":39.0,"gold_loss":0.0,"damage_taken":0.0},{"damage_healed":0.0,"max_hp_gain":0.0,"max_hp_loss":0.0,"gold_gain":100.0,"event_name":"Golden Shrine","player_choice":"Pray","floor":46.0,"gold_loss":0.0,"damage_taken":0.0}],"is_beta":false,"boss_relics":[{"not_picked":["Snecko Eye","Coffee Dripper"],"picked":"Tiny House"},{"not_picked":["Lizard Tail","Runic Pyramid"],"picked":"Fusion Hammer"}],"items_purged_floors":[44],"is_endless":false,"potions_floor_spawned":[2,4,5,11,16,18,24,30,45,48],"ascension_level":0}