{"gold_per_floor":[119,39,114,114,114,126,126,126,207,227,255,255,140,154,154,258,258,276,191,191,15,31,31,130,130,205,215,249,249,265,281,281,382,382,396,396,396,416,63,63,75,5,32,48,48,76,89,103,103,103],"floor_reached":51,"playtime":2588,"items_purged":["Strike_G","Strike_G","Defend_G"],"score":752,"play_id":"bd03a4a3-af9d-43a9-9cd4-2127af98e967","local_time":"20190129103322","is_ascension_mode":true,"campfire_choices":[{"data":"Cloak And Dagger","floor":7.0,"key":"SMITH"},{"data":"Neutralize","floor":12.0,"key":"SMITH"},{"floor":15.0,"key":"REST"},{"data":"Accuracy","floor":23.0,"key":"SMITH"},{"data":"After Image","floor":25.0,"key":"SMITH"},{"floor":32.0,"key":"REST"},{"data":"Glass Knife","floor":40.0,"key":"SMITH"},{"data":"Cloak And Dagger","floor":45.0,"key":"SMITH"},{"floor":49.0,"key":"REST"}],"neow_cost":"NONE","seed_source_timestamp":0,"circlet_count":0,"master_deck":["Defend_G","Defend_G","Defend_G","Defend_G","Strike_G+1","Strike_G+1","Strike_G","Survivor","Neutralize+1","Dagger Throw","Accuracy+1","Cloak And Dagger+1","Accuracy+1","After Image+1","Venomology+1","Noxious Fumes","Cloak And Dagger+1","Blade Dance+1","Blur+1","Cloak And Dagger","Tools of the Trade","Quick Slash+1","Glass Knife+1","Accuracy","Decay","PiercingWail","Sucker Punch+1","A Thousand Cuts"],"special_seed":0,"relics":["Ring of the Snake","Gremlin Horn","Ginger","Philosopher\u0027s Stone","Kunai","Matryoshka","Regal Pillow","Cursed Key","War Paint","Question Card","Snake Skull","Centennial Puzzle"],"potions_floor_usage":[50,50,50,50,50,50,50],"damage_taken":[{"damage":5.0,"enemies":"Small Slimes","floor":1.0,"turns":4.0},{"damage":0.0,"enemies":"Jaw Worm","floor":6.0,"turns":4.0},{"damage":0.0,"enemies":"Cultist","floor":10.0,"turns":3.0},{"damage":12.0,"enemies":"3 Sentries","floor":11.0,"turns":7.0},{"damage":0.0,"enemies":"2 Fungi Beasts","floor":14.0,"turns":2.0},{"damage":31.0,"enemies":"Hexaghost","floor":16.0,"turns":15.0},{"damage":15.0,"enemies":"Chosen","floor":18.0,"turns":7.0},{"damage":1.0,"enemies":"Spheric Guardian","floor":22.0,"turns":4.0},{"damage":0.0,"enemies":"Snecko","floor":27.0,"turns":5.0},{"damage":20.0,"enemies":"Gremlin Leader","floor":28.0,"turns":8.0},{"damage":13.0,"enemies":"Colosseum Slavers","floor":29.0,"turns":6.0},{"damage":1.0,"enemies":"Shelled Parasite and Fungi","floor":30.0,"turns":5.0},{"damage":10.0,"enemies":"Snake Plant","floor":31.0,"turns":4.0},{"damage":8.0,"enemies":"Champ","floor":33.0,"turns":15.0},{"damage":1.0,"enemies":"3 Shapes","floor":35.0,"turns":6.0},{"damage":5.0,"enemies":"3 Darklings","floor":38.0,"turns":7.0},{"damage":0.0,"enemies":"Spire Growth","floor":41.0,"turns":5.0},{"damage":0.0,"enemies":"Sphere and 2 Shapes","floor":44.0,"turns":5.0},{"damage":20.0,"enemies":"Reptomancer","floor":46.0,"turns":4.0},{"damage":16.0,"enemies":"Jaw Worm Horde","floor":47.0,"turns":4.0},{"damage":17.0,"enemies":"Spire Growth","floor":48.0,"turns":6.0},{"damage":33,"enemies":"Donu and Deca","floor":50,"turns":7}],"seed_played":"2206950044476798711","potions_obtained":[{"floor":1.0,"key":"SpeedPotion"},{"floor":10.0,"key":"SteroidPotion"},{"floor":16.0,"key":"GamblersBrew"},{"floor":18.0,"key":"SteroidPotion"},{"floor":27.0,"key":"Strength Potion"}],"is_trial":false,"path_per_floor":["M","$","?","?","?","M","R","?","T","M","E","R","$","M","R","B",null,"M","?","?","$","M","R","?","R","T","M","E","?","M","M","R","B",null,"M","?","?","M","$","R","M","$","T","M","R","E","M","M","R","B",null],"character_chosen":"THE_SILENT","items_purchased":["Accuracy","Accuracy","Noxious Fumes","War Paint","Glass Knife","Accuracy"],"campfire_rested":3,"item_purchase_floors":[2,13,21,39,39,42],"current_hp_per_floor":[72,72,61,46,46,46,46,46,46,46,34,34,34,34,57,26,77,62,62,62,62,61,61,61,61,61,61,41,43,42,32,70,62,77,76,76,76,71,71,71,71,71,71,71,71,51,35,18,56,23],"gold":103,"neow_bonus":"TEN_PERCENT_HP_BONUS","is_prod":false,"is_daily":false,"chose_seed":false,"campfire_upgraded":6,"win_rate":0,"timestamp":1548754402,"path_taken":["M","$","?","?","?","?","R","?","T","?","E","R","?","M","R","BOSS","M","?","?","$","M","R","?","R","T","M","E","?","?","M","R","BOSS","BOSS","M","?","?","M","?","R","M","$","T","M","R","E","M","M","R","BOSS"],"build_version":"2019-01-23","purchased_purges":3,"victory":true,"max_hp_per_floor":[77,77,77,77,77,77,77,77,77,77,77,77,77,77,77,77,77,77,77,77,77,77,77,77,77,77,77,77,77,77,77,77,77,77,77,77,77,77,77,77,77,77,77,77,77,77,77,77,77,77],"card_choices":[{"not_picked":["Prepared","Crippling Poison"],"picked":"Dagger Throw","floor":1.0},{"not_picked":["PiercingWail","Bane"],"picked":"Cloak And Dagger","floor":6.0},{"not_picked":["Calculated Gamble","Tactician","Flying Knee"],"picked":"SKIP","floor":10.0},{"not_picked":["Sucker Punch","Poisoned Stab","Flying Knee"],"picked":"SKIP","floor":11.0},{"not_picked":["Expertise","Deflect"],"picked":"After Image","floor":14.0},{"not_picked":["Night Terror","Burst"],"picked":"Venomology","floor":16.0},{"not_picked":["Slice+1","Caltrops","Poisoned Stab+1"],"picked":"SKIP","floor":18.0},{"not_picked":["Expertise+1","Deadly Poison","Outmaneuver+1"],"picked":"SKIP","floor":22.0},{"not_picked":["Leg Sweep","Corpse Explosion"],"picked":"Cloak And Dagger","floor":27.0},{"not_picked":["PiercingWail","Infinite Blades"],"picked":"Blade Dance","floor":28.0},{"not_picked":["Underhanded Strike+1","Slice"],"picked":"Blur+1","floor":30.0},{"not_picked":["Dash+1","Choke"],"picked":"Cloak And Dagger","floor":31.0},{"not_picked":["Wraith Form v2","Phantasmal Killer"],"picked":"Tools of the Trade","floor":33.0},{"not_picked":["Underhanded Strike","Outmaneuver+1","Dagger Throw"],"picked":"SKIP","floor":35.0},{"not_picked":["Reflex","Slice+1"],"picked":"Quick Slash+1","floor":38.0},{"not_picked":["Distraction","Sucker Punch","Blur"],"picked":"SKIP","floor":41.0},{"not_picked":["Underhanded Strike","Deadly Poison+1","Masterful Stab+1","Dagger Spray"],"picked":"SKIP","floor":44.0},{"not_picked":["Cloak And Dagger","Dodge and Roll+1","Distraction"],"picked":"PiercingWail","floor":46.0},{"not_picked":["Poisoned Stab","Slice+1","Tactician"],"picked":"Sucker Punch+1","floor":47.0},{"not_picked":["Finisher+1","Slice+1","Deadly Poison+1"],"picked":"A Thousand Cuts","floor":48.0}],"player_experience":21641,"relics_obtained":[{"floor":9.0,"key":"Gremlin Horn"},{"floor":11.0,"key":"Ginger"},{"floor":26.0,"key":"Matryoshka"},{"floor":28.0,"key":"Regal Pillow"},{"floor":43.0,"key":"Question Card"},{"floor":43.0,"key":"Snake Skull"},{"floor":46.0,"key":"Centennial Puzzle"}],"event_choices":[{"damage_healed":0.0,"max_hp_gain":0.0,"max_hp_loss":0.0,"gold_gain":75.0,"event_name":"World of Goop","player_choice":"Gather Gold","floor":3.0,"gold_loss":0.0,"damage_taken":11.0},{"damage_healed":0.0,"max_hp_gain":0.0,"max_hp_loss":0.0,"gold_gain":0.0,"event_name":"Shining Light","player_choice":"Entered Light","floor":4.0,"gold_loss":0.0,"damage_taken":15.0,"cards_upgraded":["Strike_G","Strike_G"]},{"damage_healed":0.0,"max_hp_gain":0.0,"max_hp_loss":0.0,"gold_gain":0.0,"event_name":"Match and Keep!","player_choice":"0 cards matched","floor":5.0,"gold_loss":0.0,"damage_taken":0.0,"cards_obtained":[]},{"damage_healed":0.0,"max_hp_gain":0.0,"max_hp_loss":0.0,"gold_gain":0.0,"event_name":"Upgrade Shrine","player_choice":"Upgraded","floor":8.0,"gold_loss":0.0,"damage_taken":0.0,"cards_upgraded":["Accuracy"]},{"damage_healed":0.0,"max_hp_gain":0.0,"max_hp_loss":0.0,"gold_gain":0.0,"event_name":"Addict","player_choice":"Obtained Relic","floor":19.0,"gold_loss":85.0,"damage_taken":0.0,"relics_obtained":["Kunai"]},{"damage_healed":0.0,"max_hp_gain":0.0,"max_hp_loss":0.0,"gold_gain":0.0,"event_name":"Vampires","player_choice":"Ignored","floor":20.0,"gold_loss":0.0,"damage_taken":0.0},{"damage_healed":0.0,"max_hp_gain":0.0,"max_hp_loss":0.0,"gold_gain":99.0,"event_name":"Nest","player_choice":"Stole From Cult","floor":24.0,"gold_loss":0.0,"damage_taken":0.0},{"damage_healed":0.0,"max_hp_gain":0.0,"max_hp_loss":0.0,"gold_gain":0.0,"event_name":"Colosseum","player_choice":"Fight","floor":29.0,"gold_loss":0.0,"damage_taken":0.0},{"damage_healed":0.0,"max_hp_gain":0.0,"max_hp_loss":0.0,"gold_gain":0.0,"event_name":"Colosseum","player_choice":"Fled From Nobs","floor":29.0,"gold_loss":0.0,"damage_taken":0.0},{"damage_healed":0.0,"max_hp_gain":0.0,"max_hp_loss":0.0,"gold_gain":0.0,"event_name":"Mysterious Sphere","player_choice":"Ignored","floor":36.0,"gold_loss":0.0,"damage_taken":0.0},{"damage_healed":0.0,"max_hp_gain":0.0,"max_hp_loss":0.0,"gold_gain":0.0,"event_name":"Tomb of Lord Red Mask","player_choice":"Ignored","floor":37.0,"gold_loss":0.0,"damage_taken":0.0}],"is_beta":false,"boss_relics":[{"not_picked":["White Beast Statue","Tiny House"],"picked":"Philosopher\u0027s Stone"},{"not_picked":["Runic Dome","Coffee Dripper"],"picked":"Cursed Key"}],"items_purged_floors":[13,21,39],"is_endless":false,"potions_floor_spawned":[1,10,16,18,27,31,38,47,48],"ascension_level":1}