{"gold_per_floor":[110,125,137,62,77,77,109,125,174,204,204,219,232,132,132,132],"floor_reached":16,"playtime":458,"items_purged":["Strike_R","Strike_R"],"score":104,"play_id":"a8956654-bad7-472d-bd1e-6b4d68a7e2c3","local_time":"20190209231226","is_ascension_mode":false,"campfire_choices":[{"data":"Bash","floor":6,"key":"SMITH"},{"data":"Shrug It Off","floor":15,"key":"SMITH"}],"neow_cost":"NONE","seed_source_timestamp":712833096671273,"circlet_count":0,"master_deck":["Strike_R","Strike_R","Defend_R","Defend_R","Defend_R","Defend_R","Bash+1","Shrug It Off+1"],"relics":["Burning Blood","Torii","Anchor","Shuriken","Boot"],"potions_floor_usage":[7,16,16],"damage_taken":[{"damage":1,"enemies":"Cultist","floor":1,"turns":3},{"damage":5,"enemies":"Small Slimes","floor":2,"turns":4},{"damage":6,"enemies":"Jaw Worm","floor":3,"turns":3},{"damage":8,"enemies":"Blue Slaver","floor":5,"turns":7},{"damage":34,"enemies":"Gremlin Nob","floor":7,"turns":5},{"damage":9,"enemies":"Gremlin Gang","floor":8,"turns":6},{"damage":2,"enemies":"3 Louse","floor":12,"turns":6},{"damage":2,"enemies":"Looter","floor":13,"turns":4},{"damage":52,"enemies":"Slime Boss","floor":16,"turns":12}],"seed_played":"2233660655747078555","potions_obtained":[{"floor":1,"key":"Poison Potion"},{"floor":5,"key":"SkillPotion"},{"floor":7,"key":"Block Potion"}],"is_trial":false,"path_per_floor":["M","M","M","$","M","R","E","M","T","?","?","M","M","$","R","B"],"character_chosen":"IRONCLAD","items_purchased":[],"campfire_rested":0,"item_purchase_floors":[],"current_hp_per_floor":[80,80,80,80,78,78,50,47,47,47,44,48,52,52,52,0],"gold":132,"neow_bonus":"REMOVE_CARD","is_prod":false,"is_daily":false,"chose_seed":false,"campfire_upgraded":2,"win_rate":0,"timestamp":1549725146,"path_taken":["M","M","M","$","M","R","E","M","T","?","?","M","M","$","R","BOSS"],"build_version":"2019-01-23","purchased_purges":2,"victory":false,"max_hp_per_floor":[80,80,80,80,80,80,80,80,80,80,80,80,80,80,80,80],"card_choices":[{"not_picked":["Feel No Pain","Sentinel","Clothesline"],"picked":"SKIP","floor":1},{"not_picked":["Pommel Strike","Body Slam","Armaments"],"picked":"SKIP","floor":2},{"not_picked":["Shockwave","Reckless Charge"],"picked":"Shrug It Off","floor":3},{"not_picked":["Pommel Strike","Clash","Disarm"],"picked":"SKIP","floor":5},{"not_picked":["Ghostly Armor","Dark Embrace","Second Wind"],"picked":"SKIP","floor":7},{"not_picked":["Thunderclap","Shrug It Off","Second Wind"],"picked":"SKIP","floor":8},{"not_picked":["Thunderclap","Berserk","Warcry"],"picked":"SKIP","floor":12},{"not_picked":["Clothesline","Body Slam","Twin Strike"],"picked":"SKIP","floor":13}],"player_experience":219978,"relics_obtained":[{"floor":7,"key":"Torii"},{"floor":9,"key":"Anchor"}],"event_choices":[{"damage_healed":0,"gold_gain":30,"player_choice":"Searched \u00273\u0027 times","damage_taken":0,"relics_obtained":["Shuriken"],"max_hp_gain":0,"max_hp_loss":0,"event_name":"Dead Adventurer","floor":10,"gold_loss":0},{"damage_healed":0,"gold_gain":0,"player_choice":"Success","damage_taken":3,"relics_obtained":["Boot"],"max_hp_gain":0,"max_hp_loss":0,"event_name":"Scrap Ooze","floor":11,"gold_loss":0}],"is_beta":false,"boss_relics":[],"items_purged_floors":[4,14],"is_endless":false,"potions_floor_spawned":[1,5,7],"killed_by":"Slime Boss","ascension_level":0}