{"gold_per_floor":[218,33,33,33,47,76,76,109,109,142,160,160,172,198,198,293,293,307,323,24,42,52,52,84,84,84,111,111,130,130,147,147,243,243,256,99,112,112,122,122,138,138,138,163,163,180,0,18,18,18],"floor_reached":51,"playtime":7271,"items_purged":[],"score":1260,"play_id":"40faf073-dbb4-4933-a786-5cdfc7319af3","local_time":"20190202080956","is_ascension_mode":true,"campfire_choices":[{"data":"Carnage","floor":7,"key":"SMITH"},{"data":"True Grit","floor":12,"key":"SMITH"},{"data":"Flame Barrier","floor":15,"key":"SMITH"},{"data":"Uppercut","floor":23,"key":"SMITH"},{"data":"Battle Trance","floor":25,"key":"SMITH"},{"data":"True Grit","floor":28,"key":"SMITH"},{"data":"Bash","floor":32,"key":"SMITH"},{"data":"Demon Form","floor":40,"key":"SMITH"},{"data":"Demon Form","floor":42,"key":"SMITH"},{"data":"Feel No Pain","floor":49,"key":"SMITH"}],"neow_cost":"NONE","seed_source_timestamp":32589649899800,"circlet_count":0,"master_deck":["AscendersBane","Strike_R","Strike_R","Strike_R","Strike_R","Strike_R","Defend_R","Defend_R","Defend_R","Defend_R","Bash+1","Whirlwind+1","Pommel Strike","Anger","Disarm","Flame Barrier+1","Carnage+1","Feel No Pain+1","True Grit+1","Iron Wave","Battle Trance+1","Shrug It Off","Demon Form+1","Uppercut+1","Twin Strike","Evolve+1","True Grit+1","Blood for Blood+1","Battle Trance","Pommel Strike+1","Reaper+1","Ghostly Armor","Demon Form+1","Carnage+1","Uppercut+1","Heavy Blade+1","Pommel Strike+1","The Bomb","Bandage Up","Dramatic Entrance+1","Uppercut+1"],"relics":["Burning Blood","Shovel","Anchor","Mercury Hourglass","Dodecahedron","Bird Faced Urn","Snecko Eye","Dead Branch","Molten Egg 2","Happy Flower","Blood Vial","Eternal Feather","Pantograph","Bottled Tornado","Red Mask"],"potions_floor_usage":[8,16,16,24,41,50,50],"damage_taken":[{"damage":7,"enemies":"Small Slimes","floor":1,"turns":4},{"damage":0,"enemies":"Cultist","floor":5,"turns":3},{"damage":18,"enemies":"3 Sentries","floor":6,"turns":5},{"damage":14,"enemies":"Gremlin Nob","floor":8,"turns":3},{"damage":0,"enemies":"3 Sentries","floor":10,"turns":4},{"damage":0,"enemies":"Jaw Worm","floor":11,"turns":2},{"damage":13,"enemies":"Exordium Wildlife","floor":13,"turns":4},{"damage":7,"enemies":"Lagavulin","floor":14,"turns":5},{"damage":0,"enemies":"Slime Boss","floor":16,"turns":4},{"damage":5,"enemies":"Shell Parasite","floor":18,"turns":4},{"damage":12,"enemies":"2 Thieves","floor":19,"turns":2},{"damage":6,"enemies":"3 Cultists","floor":21,"turns":3},{"damage":29,"enemies":"Snake Plant","floor":22,"turns":6},{"damage":29,"enemies":"Book of Stabbing","floor":24,"turns":4},{"damage":14,"enemies":"Slavers","floor":27,"turns":4},{"damage":0,"enemies":"Chosen and Byrds","floor":29,"turns":3},{"damage":0,"enemies":"Cultist and Chosen","floor":31,"turns":3},{"damage":16,"enemies":"Champ","floor":33,"turns":12},{"damage":18,"enemies":"3 Shapes","floor":35,"turns":10},{"damage":30,"enemies":"3 Darklings","floor":37,"turns":7},{"damage":17,"enemies":"4 Shapes","floor":39,"turns":9},{"damage":0,"enemies":"Transient","floor":41,"turns":5},{"damage":63,"enemies":"Nemesis","floor":44,"turns":7},{"damage":6,"enemies":"Spire Growth","floor":46,"turns":4},{"damage":15,"enemies":"Jaw Worm Horde","floor":48,"turns":7},{"damage":36,"enemies":"Awakened One","floor":50,"turns":9}],"seed_played":"7823036256182040582","potions_obtained":[{"floor":8,"key":"Fire Potion"},{"floor":11,"key":"Fire Potion"},{"floor":22,"key":"Poison Potion"},{"floor":27,"key":"Weak Potion"},{"floor":29,"key":"Swift Potion"},{"floor":37,"key":"Block Potion"},{"floor":41,"key":"LiquidBronze"}],"is_trial":false,"path_per_floor":["M","$","?","$","M","E","R","E","T","E","M","R","M","E","R","B",null,"M","M","$","M","M","R","E","R","T","E","R","M","?","M","R","B",null,"M","$","M","$","M","R","M","R","T","E","?","M","?","M","R","B",null],"character_chosen":"IRONCLAD","items_purchased":["Pommel Strike","Anger","Disarm","FearPotion","Dead Branch","Demon Form"],"campfire_rested":0,"item_purchase_floors":[2,2,2,2,20,36],"current_hp_per_floor":[71,71,71,71,77,65,65,57,57,63,69,69,62,61,61,67,77,80,76,76,80,59,59,40,40,40,38,38,48,48,60,60,64,76,78,78,69,69,72,80,80,80,80,61,51,68,68,80,80,80],"gold":18,"neow_bonus":"HUNDRED_GOLD","is_prod":false,"is_daily":false,"chose_seed":false,"campfire_upgraded":10,"win_rate":0,"timestamp":1549091396,"path_taken":["M","$","?","$","M","E","R","E","T","E","M","R","M","E","R","BOSS","M","?","$","M","M","R","E","R","T","E","R","M","?","M","R","BOSS","M","$","M","$","?","R","M","R","T","E","?","M","?","M","R","BOSS"],"build_version":"2019-01-23","purchased_purges":0,"victory":true,"max_hp_per_floor":[80,80,80,80,80,80,80,80,80,80,80,80,80,80,80,80,80,80,80,80,80,80,80,80,80,80,80,80,80,80,80,80,80,80,80,80,80,80,80,80,80,80,80,80,80,80,80,80,80,80],"card_choices":[{"not_picked":["Sword Boomerang","Warcry"],"picked":"Whirlwind","floor":1},{"not_picked":["Fire Breathing","Sword Boomerang"],"picked":"Flame Barrier","floor":5},{"not_picked":["True Grit","Sword Boomerang"],"picked":"Carnage","floor":6},{"not_picked":["Havoc","Wild Strike"],"picked":"Feel No Pain","floor":8},{"not_picked":["Sword Boomerang","Body Slam"],"picked":"True Grit","floor":10},{"not_picked":["Whirlwind","Cleave"],"picked":"Iron Wave","floor":11},{"not_picked":["Twin Strike","Feel No Pain"],"picked":"Battle Trance","floor":13},{"not_picked":["Pummel","Rupture"],"picked":"Shrug It Off","floor":14},{"not_picked":["Exhume","Berserk"],"picked":"Demon Form","floor":16},{"not_picked":["Feel No Pain","Wild Strike"],"picked":"Uppercut","floor":18},{"not_picked":["Dropkick","Whirlwind"],"picked":"Twin Strike","floor":19},{"not_picked":["Power Through","Searing Blow"],"picked":"Evolve+1","floor":21},{"not_picked":["Iron Wave","Thunderclap"],"picked":"True Grit","floor":22},{"not_picked":["Havoc+1","Twin Strike","Offering"],"picked":"SKIP","floor":24},{"not_picked":["Havoc","True Grit"],"picked":"Blood for Blood+1","floor":27},{"not_picked":["Ghostly Armor","Evolve"],"picked":"Battle Trance","floor":29},{"not_picked":["Anger+1","Body Slam+1"],"picked":"Pommel Strike+1","floor":31},{"not_picked":["Limit Break","Juggernaut"],"picked":"Reaper+1","floor":33},{"not_picked":["Heavy Blade+1","Body Slam+1"],"picked":"Ghostly Armor","floor":35},{"not_picked":["Searing Blow+1","Rage"],"picked":"Carnage+1","floor":37},{"not_picked":["Wild Strike+1","Havoc+1"],"picked":"Uppercut+1","floor":39},{"not_picked":["Headbutt+1","Thunderclap+1"],"picked":"Heavy Blade+1","floor":41},{"not_picked":["Dual Wield","Fire Breathing+1"],"picked":"Pommel Strike+1","floor":44},{"not_picked":["Deep Breath","Forethought"],"picked":"The Bomb","floor":45},{"not_picked":["Discovery","Blind"],"picked":"Bandage Up","floor":45},{"not_picked":["Flash of Steel+1","Jack Of All Trades"],"picked":"Dramatic Entrance+1","floor":45},{"not_picked":["Whirlwind+1","Dropkick+1"],"picked":"Uppercut+1","floor":46},{"not_picked":["Whirlwind+1","Infernal Blade","Flex"],"picked":"SKIP","floor":48}],"player_experience":277839,"relics_obtained":[{"floor":6,"key":"Shovel"},{"floor":8,"key":"Anchor"},{"floor":9,"key":"Mercury Hourglass"},{"floor":10,"key":"Dodecahedron"},{"floor":14,"key":"Bird Faced Urn"},{"floor":24,"key":"Molten Egg 2"},{"floor":26,"key":"Happy Flower"},{"floor":27,"key":"Blood Vial"},{"floor":43,"key":"Pantograph"},{"floor":44,"key":"Bottled Tornado"}],"event_choices":[{"damage_healed":0,"gold_gain":0,"player_choice":"Upgraded","damage_taken":0,"max_hp_gain":0,"max_hp_loss":0,"event_name":"Upgrade Shrine","floor":3,"gold_loss":0,"cards_upgraded":["Whirlwind"]},{"damage_healed":0,"gold_gain":0,"player_choice":"Ignored","damage_taken":0,"max_hp_gain":0,"max_hp_loss":0,"event_name":"N\u0027loth","floor":30,"gold_loss":0},{"damage_healed":0,"gold_gain":0,"player_choice":"Memory 3","damage_taken":10,"max_hp_gain":0,"max_hp_loss":0,"event_name":"SensoryStone","floor":45,"gold_loss":0},{"damage_healed":0,"gold_gain":0,"player_choice":"Paid","damage_taken":0,"relics_obtained":["Red Mask"],"max_hp_gain":0,"max_hp_loss":0,"event_name":"Tomb of Lord Red Mask","floor":47,"gold_loss":180}],"is_beta":false,"boss_relics":[{"not_picked":["Velvet Choker","Philosopher\u0027s Stone"],"picked":"Snecko Eye"},{"not_picked":["Runic Pyramid","Tiny House"],"picked":"Eternal Feather"}],"items_purged_floors":[],"is_endless":false,"potions_floor_spawned":[8,11,14,22,27,29,33,37,41,44,48],"ascension_level":12}