{"path_per_floor":["M","M","$","?","M","E","R","M","T","R","M","?","M","$","R","B",null,"M","$","M","?","M","R"],"character_chosen":"DEFECT","items_purchased":["Lockon","Compile Driver","Capacitor","Redo","Dramatic Entrance"],"gold_per_floor":[109,121,45,9,24,58,58,74,125,125,144,167,182,133,133,237,237,254,4,17,17,33,33,33],"floor_reached":24,"campfire_rested":4,"playtime":3231,"item_purchase_floors":[],"current_hp_per_floor":[75,69,69,69,69,30,52,30,30,52,39,22,7,7,29,10,75,58,58,30,30,7,29,0],"items_purged":["Strike_B"],"gold":33,"score":198,"play_id":"aac222bf-42df-44bd-8cdc-eb14a67fbfb3","local_time":"20180622190459","is_prod":false,"is_daily":false,"chose_seed":false,"is_ascension_mode":false,"campfire_upgraded":0,"win_rate":0.0,"timestamp":1529708699,"campfire_choices":[{"floor":7,"key":"REST"},{"floor":10,"key":"REST"},{"floor":15,"key":"REST"},{"floor":23,"key":"REST"}],"path_taken":["M","M","$","?","M","E","R","M","T","R","M","?","M","$","R","BOSS","M","$","M","?","M","R","E"],"build_version":"2018-06-21","seed_source_timestamp":0,"purchased_purges":1,"circlet_count":0,"victory":false,"master_deck":["Strike_B","Strike_B","Strike_B","Defend_B","Defend_B","Defend_B","Defend_B","Zap","Dualcast","Multi-Cast","Auto Shields","Streamline","Lockon","Ball Lightning","Creative AI","Coolheaded","Darkness","Doom and Gloom","Cold Snap","Compile Driver","Thunder Strike","Ball Lightning+1","Capacitor","Redo+1","Dramatic Entrance","Coolheaded","Coolheaded"],"max_hp_per_floor":[75,75,75,75,75,75,75,75,75,75,75,75,75,75,75,75,75,75,75,75,75,75,75,75],"special_seed":0,"relics":["Cracked Core","Letter Opener","Juzu Bracelet","Odd Mushroom","Nuclear Battery"],"card_choices":[{"not_picked":["Rip and Tear","BootSequence"],"picked":"Auto Shields","floor":1.0},{"not_picked":["Coolheaded","Beam Cell"],"picked":"Streamline","floor":2.0},{"not_picked":["Auto Shields","Go for the Eyes"],"picked":"Ball Lightning","floor":5.0},{"not_picked":["Stack","Genetic Algorithm"],"picked":"Creative AI","floor":6},{"not_picked":["Storm","Self Repair"],"picked":"Coolheaded","floor":8},{"not_picked":["Sweeping Beam","Go for the Eyes"],"picked":"Darkness","floor":11},{"not_picked":["Coolheaded","Ball Lightning"],"picked":"Doom and Gloom","floor":12},{"not_picked":["Conserve Battery","Hologram"],"picked":"Cold Snap","floor":13},{"not_picked":["Machine Learning","All For One"],"picked":"Thunder Strike","floor":16},{"not_picked":["Darkness","Beam Cell"],"picked":"Ball Lightning+1","floor":18},{"not_picked":["Stack","Steam"],"picked":"Coolheaded","floor":20},{"not_picked":["Gash+1","Storm"],"picked":"Coolheaded","floor":22}],"player_experience":22780,"potions_floor_usage":[16,16,22,24,24],"damage_taken":[{"damage":0.0,"enemies":"2 Louse","floor":1.0,"turns":2.0},{"damage":6.0,"enemies":"Jaw Worm","floor":2.0,"turns":3.0},{"damage":0.0,"enemies":"Small Slimes","floor":5.0,"turns":2.0},{"damage":39,"enemies":"Lagavulin","floor":6,"turns":6},{"damage":22,"enemies":"2 Fungi Beasts","floor":8,"turns":4},{"damage":13,"enemies":"3 Louse","floor":11,"turns":3},{"damage":17,"floor":12,"turns":5},{"damage":15,"enemies":"Looter","floor":13,"turns":4},{"damage":19,"enemies":"The Guardian","floor":16,"turns":10},{"damage":17,"enemies":"3 Byrds","floor":18,"turns":5},{"damage":28,"enemies":"2 Thieves","floor":20,"turns":3},{"damage":23,"enemies":"Slaver and Parasite","floor":22,"turns":9},{"damage":33,"enemies":"Book of Stabbing","floor":24,"turns":6}],"relics_obtained":[{"floor":6,"key":"Letter Opener"},{"floor":9,"key":"Juzu Bracelet"},{"floor":12,"key":"Odd Mushroom"}],"event_choices":[{"event_name":"World of Goop","player_choice":"Left","floor":4.0,"damage_taken":0.0},{"event_name":"Mushrooms","player_choice":"Fought Mushrooms","floor":12,"damage_taken":0},{"event_name":"Upgrade Shrine","player_choice":"Upgraded","floor":21,"damage_taken":0}],"boss_relics":[{"not_picked":["Philosopher\u0027s Stone","White Beast Statue"],"picked":"Nuclear Battery"}],"items_purged_floors":[19],"is_endless":false,"potions_floor_spawned":[1,12,16,20,22],"seed_played":"8474876149235905850","killed_by":"Book of Stabbing","ascension_level":0,"potions_obtained":[{"floor":1.0,"key":"FocusPotion"},{"floor":12,"key":"Strength Potion"},{"floor":16,"key":"EssenceOfSteel"},{"floor":20,"key":"Dexterity Potion"},{"floor":22,"key":"SkillPotion"}],"is_trial":false}