{"gold_per_floor":[209,26,37,54,69,95,95,109,109,135,60,73,85,98,98,173,173,93,107,107,107],"floor_reached":21,"playtime":1424,"items_purged":["Strike_G"],"score":386,"play_id":"7d7bc394-eef6-40ed-9fd4-a0b412ff2156","local_time":"20181229125135","is_ascension_mode":true,"campfire_choices":[{"floor":7,"key":"REST"},{"floor":15,"key":"REST"}],"neow_cost":"NONE","seed_source_timestamp":1045587284985311,"circlet_count":0,"master_deck":["AscendersBane","Defend_G","Defend_G","Defend_G","Defend_G","Defend_G","Strike_G","Strike_G","Strike_G","Strike_G","Survivor","Neutralize","Deflect","Noxious Fumes","Dagger Spray","Glass Knife","Backflip","Wraith Form v2","Deadly Poison+1","Bouncing Flask+1","PiercingWail+1","Night Terror+1","Leg Sweep+1"],"relics":["Ring of the Snake","Toxic Egg 2","Darkstone Periapt","Pear","Black Star","FaceOfCleric"],"potions_floor_usage":[6,10,10,16,19],"damage_taken":[{"damage":4,"enemies":"Jaw Worm","floor":1,"turns":8},{"damage":1,"enemies":"Cultist","floor":3,"turns":4},{"damage":0,"enemies":"2 Louse","floor":4,"turns":2},{"damage":3,"enemies":"Looter","floor":5,"turns":4},{"damage":30,"enemies":"Gremlin Nob","floor":6,"turns":4},{"damage":5,"enemies":"Exordium Wildlife","floor":8,"turns":4},{"damage":21,"enemies":"3 Sentries","floor":10,"turns":7},{"damage":9,"enemies":"Gremlin Gang","floor":12,"turns":4},{"damage":0,"enemies":"Lots of Slimes","floor":13,"turns":5},{"damage":2,"enemies":"Looter","floor":14,"turns":3},{"damage":10,"enemies":"The Guardian","floor":16,"turns":7},{"damage":16,"enemies":"2 Thieves","floor":18,"turns":4},{"damage":30,"enemies":"3 Byrds","floor":19,"turns":4},{"damage":18,"enemies":"Centurion and Healer","floor":21,"turns":9}],"seed_played":"-6565682533354718981","potions_obtained":[{"floor":5,"key":"Energy Potion"},{"floor":6,"key":"SpeedPotion"},{"floor":8,"key":"EntropicBrew"},{"floor":10,"key":"GamblersBrew"},{"floor":12,"key":"Poison Potion"}],"is_trial":false,"path_per_floor":["M","$","M","M","M","E","R","M","T","E","$","M","M","M","R","B",null,"M","M","?","M"],"character_chosen":"THE_SILENT","items_purchased":["Noxious Fumes","Fire Potion","Dagger Spray"],"campfire_rested":2,"item_purchase_floors":[2,2,2],"current_hp_per_floor":[55,55,54,54,51,21,40,35,35,24,24,15,15,13,35,25,63,47,17,17,0],"gold":107,"neow_bonus":"HUNDRED_GOLD","is_prod":false,"is_daily":false,"chose_seed":false,"campfire_upgraded":0,"win_rate":0,"timestamp":1546116695,"path_taken":["M","$","M","M","M","E","R","M","T","E","$","M","M","M","R","BOSS","M","M","?","M"],"build_version":"2018-12-20","purchased_purges":1,"victory":false,"max_hp_per_floor":[66,66,66,66,66,66,66,66,66,76,76,76,76,76,76,76,76,76,76,76,76],"card_choices":[{"not_picked":["Blade Dance","Backflip"],"picked":"Deflect","floor":1},{"not_picked":["Blade Dance","Infinite Blades","Prepared"],"picked":"SKIP","floor":3},{"not_picked":["Catalyst","Quick Slash"],"picked":"Glass Knife","floor":4},{"not_picked":["Outmaneuver","Poisoned Stab"],"picked":"Backflip","floor":5},{"not_picked":["Poisoned Stab","Bane"],"picked":"Wraith Form v2","floor":6},{"not_picked":["Noxious Fumes","Dash"],"picked":"Deadly Poison+1","floor":8},{"not_picked":["Tactician+1","Calculated Gamble+1"],"picked":"Bouncing Flask+1","floor":10},{"not_picked":["Concentrate+1","Masterful Stab","Choke"],"picked":"SKIP","floor":12},{"not_picked":["Underhanded Strike","Slice"],"picked":"PiercingWail+1","floor":13},{"not_picked":["Flying Knee","Finisher","Poisoned Stab"],"picked":"SKIP","floor":14},{"not_picked":["Bullet Time+1","Unload"],"picked":"Night Terror+1","floor":16},{"not_picked":["Underhanded Strike","Deadly Poison+1"],"picked":"Leg Sweep+1","floor":18},{"not_picked":["Quick Slash","Blade Dance+1","Dagger Throw"],"picked":"SKIP","floor":19}],"player_experience":261478,"relics_obtained":[{"floor":6,"key":"Toxic Egg 2"},{"floor":9,"key":"Darkstone Periapt"},{"floor":10,"key":"Pear"}],"event_choices":[{"damage_healed":0,"gold_gain":0,"player_choice":"Trade","damage_taken":0,"relics_obtained":["FaceOfCleric"],"max_hp_gain":0,"max_hp_loss":0,"event_name":"FaceTrader","floor":20,"gold_loss":0}],"is_beta":false,"boss_relics":[{"not_picked":["WristBlade","Pandora\u0027s Box"],"picked":"Black Star"}],"items_purged_floors":[11],"is_endless":false,"potions_floor_spawned":[5,6,8,10,12,13],"killed_by":"Centurion and Healer","ascension_level":20}