{"gold_per_floor":[109,125,141,13,30,30,64,64,116,116,132,132,132,161,161,161],"floor_reached":16,"playtime":957,"items_purged":["Strike_G"],"score":220,"play_id":"cc8ac003-e604-4bbf-92f4-f64cb5ad2f7a","local_time":"20190209114835","is_ascension_mode":true,"campfire_choices":[{"data":"Quick Slash","floor":6,"key":"SMITH"},{"data":"Neutralize","floor":8,"key":"SMITH"},{"data":"Caltrops","floor":10,"key":"SMITH"},{"data":"Deadly Poison","floor":13,"key":"SMITH"},{"data":"Cloak And Dagger","floor":15,"key":"SMITH"}],"neow_cost":"NONE","seed_source_timestamp":351097552060200,"circlet_count":0,"master_deck":["AscendersBane","Defend_G","Defend_G","Defend_G","Defend_G","Defend_G","Strike_G","Strike_G","Strike_G","Strike_G","Survivor","Neutralize+1","Caltrops+1","Quick Slash+1","Cloak And Dagger+1","Deadly Poison+1","Well Laid Plans","Envenom+1","Terror"],"relics":["Ring of the Snake","Ornamental Fan","Strawberry","Juzu Bracelet"],"potions_floor_usage":[5,7,7,14],"damage_taken":[{"damage":8,"enemies":"2 Louse","floor":1,"turns":6},{"damage":0,"enemies":"Cultist","floor":2,"turns":5},{"damage":1,"enemies":"Jaw Worm","floor":3,"turns":5},{"damage":0,"enemies":"2 Fungi Beasts","floor":5,"turns":4},{"damage":27,"enemies":"Lagavulin","floor":7,"turns":7},{"damage":4,"enemies":"3 Louse","floor":11,"turns":4},{"damage":17,"enemies":"Gremlin Nob","floor":14,"turns":4},{"damage":26,"enemies":"The Guardian","floor":16,"turns":2}],"seed_played":"-2454582272013691530","potions_obtained":[{"floor":1,"key":"Weak Potion"},{"floor":3,"key":"AttackPotion"},{"floor":5,"key":"Swift Potion"},{"floor":11,"key":"PowerPotion"}],"is_trial":false,"path_per_floor":["M","M","M","$","M","R","E","R","T","R","M","?","R","E","R","B"],"character_chosen":"THE_SILENT","items_purchased":["Cloak And Dagger"],"campfire_rested":0,"item_purchase_floors":[4],"current_hp_per_floor":[57,57,56,56,56,56,29,29,36,36,32,32,32,15,15,0],"gold":161,"neow_bonus":"TEN_PERCENT_HP_BONUS","is_prod":false,"is_daily":false,"chose_seed":false,"campfire_upgraded":5,"win_rate":0,"timestamp":1549709315,"path_taken":["M","M","M","$","M","R","E","R","T","R","M","?","R","E","R","BOSS"],"build_version":"2019-01-23","purchased_purges":1,"victory":false,"max_hp_per_floor":[72,72,72,72,72,72,72,72,79,79,79,79,79,79,79,79],"card_choices":[{"not_picked":["Blur","Deadly Poison"],"picked":"Caltrops","floor":1},{"not_picked":["Slice","Poisoned Stab"],"picked":"Quick Slash","floor":2},{"not_picked":["Deflect","Underhanded Strike","Eviscerate"],"picked":"SKIP","floor":3},{"not_picked":["Deflect","Bane"],"picked":"Deadly Poison","floor":5},{"not_picked":["Choke","Terror"],"picked":"Well Laid Plans","floor":7},{"not_picked":["Sucker Punch","All Out Attack"],"picked":"Envenom","floor":11},{"not_picked":["Bane","Flying Knee"],"picked":"Terror","floor":14}],"player_experience":502561,"relics_obtained":[{"floor":7,"key":"Ornamental Fan"},{"floor":9,"key":"Strawberry"},{"floor":14,"key":"Juzu Bracelet"}],"event_choices":[{"damage_healed":0,"gold_gain":0,"player_choice":"Forge","damage_taken":0,"max_hp_gain":0,"max_hp_loss":0,"event_name":"Accursed Blacksmith","floor":12,"gold_loss":0,"cards_upgraded":["Envenom"]}],"is_beta":false,"boss_relics":[],"items_purged_floors":[4],"is_endless":false,"potions_floor_spawned":[1,3,5,11],"killed_by":"The Guardian","ascension_level":20}