{"gold_per_floor":[109,109,123,150,15,15,32,32,32,32,61,73,89,108,108,208,208,218,228,238,40,52,52,64,64,64,99,111,158,170,192,204,311,323,346,358,370,382,412,424,471,483,495,518,561,593,605,0,12,24],"floor_reached":51,"playtime":2071,"items_purged":[],"score":872,"play_id":"1a958b08-1250-4f7b-a323-fcaccd983c00","local_time":"20181223154032","is_ascension_mode":false,"campfire_choices":[{"data":"Rainbow","floor":6.0,"key":"SMITH"},{"data":"Chaos","floor":15.0,"key":"SMITH"},{"data":"Buffer","floor":23.0,"key":"SMITH"},{"data":"Coolheaded","floor":28.0,"key":"SMITH"},{"floor":30.0,"key":"REST"},{"data":"Strike_B","floor":32.0,"key":"SMITH"},{"data":"Echo Form","floor":40.0,"key":"SMITH"},{"data":"Defend_B","floor":42.0,"key":"SMITH"},{"data":"Strike_B","floor":49,"key":"SMITH"}],"neow_cost":"NONE","seed_source_timestamp":2131805565640758,"circlet_count":0,"master_deck":["Strike_B+1","Strike_B+1","Defend_B+1","Defend_B+1","Zap+1","Dualcast+1","Coolheaded+1","Rainbow+1","Chaos+1","Buffer+1","Glacier+1","Go for the Eyes+1","Undo+1","Echo Form+1","Sunder+1","All For One+1","Loop+1","Conserve Battery+1","Jack Of All Trades+1"],"special_seed":0,"relics":["Cracked Core","War Paint","Regal Pillow","Centennial Puzzle","Sozu","Runic Capacitor","MutagenicStrength","Toxic Egg 2","MawBank","Dodecahedron","Astrolabe","The Courier","Mummified Hand","Prayer Wheel","Red Mask"],"potions_floor_usage":[],"damage_taken":[{"damage":1.0,"enemies":"Cultist","floor":1.0,"turns":3.0},{"damage":0.0,"enemies":"Jaw Worm","floor":3.0,"turns":5.0},{"damage":0.0,"enemies":"Small Slimes","floor":7.0,"turns":3.0},{"damage":11.0,"enemies":"Gremlin Nob","floor":11.0,"turns":3.0},{"damage":1.0,"enemies":"Gremlin Gang","floor":12.0,"turns":4.0},{"damage":2.0,"enemies":"2 Fungi Beasts","floor":13.0,"turns":2.0},{"damage":0.0,"enemies":"Blue Slaver","floor":14.0,"turns":4.0},{"damage":49.0,"enemies":"Slime Boss","floor":16.0,"turns":11.0},{"damage":0.0,"enemies":"Chosen","floor":18.0,"turns":5.0},{"damage":0.0,"enemies":"Shell Parasite","floor":19.0,"turns":9.0},{"damage":4.0,"enemies":"Centurion and Healer","floor":20.0,"turns":8.0},{"damage":7.0,"enemies":"Snake Plant","floor":22.0,"turns":4.0},{"damage":3.0,"enemies":"Shelled Parasite and Fungi","floor":24.0,"turns":6.0},{"damage":12.0,"enemies":"Book of Stabbing","floor":27.0,"turns":7.0},{"damage":8.0,"enemies":"Slavers","floor":29.0,"turns":7.0},{"damage":0.0,"enemies":"Cultist and Chosen","floor":31.0,"turns":7.0},{"damage":48.0,"enemies":"Champ","floor":33.0,"turns":13.0},{"damage":0.0,"enemies":"3 Darklings","floor":35.0,"turns":6.0},{"damage":0.0,"enemies":"3 Shapes","floor":39.0,"turns":4.0},{"damage":6.0,"enemies":"Reptomancer","floor":41.0,"turns":8.0},{"damage":8,"enemies":"3 Darklings","floor":44,"turns":6},{"damage":0,"enemies":"Giant Head","floor":45,"turns":11},{"damage":0,"enemies":"Writhing Mass","floor":46,"turns":5},{"damage":27,"enemies":"Awakened One","floor":50,"turns":17}],"seed_played":"-8785172701325675902","potions_obtained":[{"floor":1.0,"key":"GamblersBrew"},{"floor":7.0,"key":"Dexterity Potion"},{"floor":8.0,"key":"Swift Potion"},{"floor":8.0,"key":"Energy Potion"}],"is_trial":false,"path_per_floor":["M","?","M","T","$","R","M","?","T","$","E","M","M","M","R","B",null,"M","M","M","$","M","R","M","?","T","E","R","E","R","M","R","B",null,"M","?","$","?","M","R","E","R","T","M","E","M","?","?","R","B",null],"character_chosen":"DEFECT","items_purchased":["Rainbow","Runic Capacitor"],"campfire_rested":1,"item_purchase_floors":[5,21],"current_hp_per_floor":[74,74,74,74,74,74,74,74,74,74,63,62,60,60,60,11,75,75,75,71,71,64,64,61,61,61,49,49,41,75,75,75,27,75,75,75,75,75,75,75,69,69,69,61,61,61,61,61,61,34],"gold":36,"neow_bonus":"UPGRADE_CARD","is_prod":false,"is_daily":false,"chose_seed":false,"campfire_upgraded":8,"win_rate":0,"timestamp":1545579632,"path_taken":["M","?","M","?","$","R","M","?","T","$","E","M","M","M","R","BOSS","M","M","M","$","M","R","?","?","T","E","R","E","R","M","R","BOSS","M","?","$","?","M","R","E","R","T","?","E","M","?","?","R","BOSS"],"build_version":"2018-12-20","purchased_purges":0,"victory":true,"max_hp_per_floor":[75,75,75,75,75,75,75,75,75,75,75,75,75,75,75,75,75,75,75,75,75,75,75,75,75,75,75,75,75,75,75,75,75,75,75,75,75,75,75,75,75,75,75,75,75,75,75,75,75,75],"card_choices":[{"not_picked":["Tempest","Self Repair"],"picked":"Coolheaded","floor":1.0},{"not_picked":["Rebound","White Noise","Cold Snap"],"picked":"SKIP","floor":3.0},{"not_picked":["Steam","Gash"],"picked":"Chaos","floor":7.0},{"not_picked":["Reinforced Body","Barrage","Force Field"],"picked":"SKIP","floor":11.0},{"not_picked":["Barrage","Streamline","Sweeping Beam"],"picked":"SKIP","floor":12.0},{"not_picked":["Leap","Genetic Algorithm","Compile Driver"],"picked":"SKIP","floor":13.0},{"not_picked":["Recycle","Reinforced Body","Redo"],"picked":"SKIP","floor":14.0},{"not_picked":["Creative AI","Biased Cognition"],"picked":"Buffer","floor":16.0},{"not_picked":["Conserve Battery","Compile Driver"],"picked":"Glacier+1","floor":18.0},{"not_picked":["Turbo","Doom and Gloom","Genetic Algorithm"],"picked":"SKIP","floor":19.0},{"not_picked":["Force Field+1","Storm+1","Compile Driver"],"picked":"SKIP","floor":20.0},{"not_picked":["Static Discharge","Stack"],"picked":"Go for the Eyes+1","floor":22.0},{"not_picked":["Heatsinks+1","Beam Cell","Stack"],"picked":"SKIP","floor":24.0},{"not_picked":["Redo+1","Melter"],"picked":"Undo+1","floor":27.0},{"not_picked":["Doom and Gloom+1","Coolheaded+1","All For One"],"picked":"SKIP","floor":29.0},{"not_picked":["Consume+1","Gash","Sunder"],"picked":"SKIP","floor":31.0},{"not_picked":["Core Surge","Biased Cognition"],"picked":"Echo Form","floor":33.0},{"not_picked":["Redo+1","Turbo+1"],"picked":"Conserve Battery+1","floor":35.0},{"not_picked":["Finesse+1","Dark Shackles+1"],"picked":"Jack Of All Trades+1","floor":36.0},{"not_picked":["Rebound+1","Coolheaded+1","Consume+1"],"picked":"SKIP","floor":39.0},{"not_picked":["Go for the Eyes","Redo+1","Fusion+1"],"picked":"SKIP","floor":41.0},{"not_picked":["Double Energy+1","Melter","Fusion+1"],"picked":"SKIP","floor":44},{"not_picked":["Sweeping Beam","Reinforced Body+1","Streamline+1"],"picked":"SKIP","floor":45},{"not_picked":["Reinforced Body+1","Barrage+1","Self Repair"],"picked":"SKIP","floor":46},{"not_picked":["Hello World","Stack+1","Compile Driver"],"picked":"SKIP","floor":46}],"player_experience":905968,"relics_obtained":[{"floor":4.0,"key":"War Paint"},{"floor":9.0,"key":"Regal Pillow"},{"floor":11.0,"key":"Centennial Puzzle"},{"floor":26.0,"key":"Toxic Egg 2"},{"floor":27.0,"key":"MawBank"},{"floor":29.0,"key":"Dodecahedron"},{"floor":41.0,"key":"The Courier"},{"floor":43.0,"key":"Mummified Hand"},{"floor":45,"key":"Prayer Wheel"}],"event_choices":[{"damage_healed":0.0,"max_hp_gain":0.0,"max_hp_loss":0.0,"gold_gain":0.0,"event_name":"The Cleric","player_choice":"Leave","floor":2.0,"gold_loss":0.0,"damage_taken":0.0},{"damage_healed":0.0,"max_hp_gain":0.0,"max_hp_loss":0.0,"gold_gain":0.0,"event_name":"Lab","player_choice":"Got Potions","floor":8.0,"gold_loss":0.0,"damage_taken":0.0},{"damage_healed":0.0,"max_hp_gain":0.0,"max_hp_loss":0.0,"gold_gain":0.0,"event_name":"Drug Dealer","player_choice":"Inject Mutagens","floor":25.0,"gold_loss":0.0,"damage_taken":0.0,"relics_obtained":["MutagenicStrength"]},{"damage_healed":0.0,"max_hp_gain":0.0,"max_hp_loss":0.0,"gold_gain":0.0,"event_name":"SensoryStone","player_choice":"Memory 1","floor":36.0,"gold_loss":0.0,"damage_taken":0.0},{"cards_removed":["Defend_B"],"damage_healed":0.0,"max_hp_gain":0.0,"max_hp_loss":0.0,"gold_gain":0.0,"event_name":"Falling","player_choice":"Removed Skill","floor":38.0,"gold_loss":0.0,"damage_taken":0.0},{"damage_healed":0,"gold_gain":0,"player_choice":"Ignored","damage_taken":0,"max_hp_gain":0,"max_hp_loss":0,"event_name":"Mysterious Sphere","floor":47,"gold_loss":0},{"damage_healed":0,"gold_gain":0,"player_choice":"Paid","damage_taken":0,"relics_obtained":["Red Mask"],"max_hp_gain":0,"max_hp_loss":0,"event_name":"Tomb of Lord Red Mask","floor":48,"gold_loss":617}],"is_beta":false,"boss_relics":[{"not_picked":["Runic Dome","Velvet Choker"],"picked":"Sozu"},{"not_picked":["Philosopher\u0027s Stone","Empty Cage"],"picked":"Astrolabe"}],"items_purged_floors":[],"is_endless":false,"potions_floor_spawned":[1,7,13,16,27,29,31,39,44,46],"ascension_level":0}