{"gold_per_floor":[14,89,189,139,157,186,186,200,200,125,142,142,42,59,59,59],"floor_reached":16,"playtime":1171,"items_purged":["Bash","Strike_R"],"score":100,"play_id":"bc2e6efb-4124-447c-adc8-0c63665b3f16","local_time":"20180816003700","is_ascension_mode":false,"campfire_choices":[{"data":"Defend_R","floor":7,"key":"SMITH"},{"data":"Defend_R","floor":12,"key":"SMITH"},{"data":"Defend_R","floor":15,"key":"SMITH"}],"neow_cost":"NO_GOLD","seed_source_timestamp":374863709756231,"circlet_count":0,"master_deck":["Strike_R","Strike_R","Defend_R+1","Defend_R+1","Defend_R+1","Thunderclap"],"relics":["Burning Blood","Question Card","Singing Bowl"],"potions_floor_usage":[6,16,16],"damage_taken":[{"damage":4,"enemies":"Small Slimes","floor":1,"turns":3},{"damage":2,"enemies":"2 Louse","floor":5,"turns":4},{"damage":47,"enemies":"3 Sentries","floor":6,"turns":12},{"damage":6,"enemies":"Jaw Worm","floor":8,"turns":3},{"damage":0,"enemies":"Red Slaver","floor":11,"turns":6},{"damage":0,"enemies":"2 Fungi Beasts","floor":14,"turns":4},{"damage":52,"enemies":"The Guardian","floor":16,"turns":24}],"seed_played":"560516828137393205","potions_obtained":[{"floor":1,"key":"FearPotion"},{"floor":8,"key":"Swift Potion"},{"floor":14,"key":"Swift Potion"}],"is_trial":false,"path_per_floor":["M","?","?","?","M","E","R","M","T","$","M","R","$","M","R"],"character_chosen":"IRONCLAD","items_purchased":[],"campfire_rested":0,"item_purchase_floors":[],"current_hp_per_floor":[80,69,69,69,73,32,32,32,32,32,40,40,40,48,48,0],"gold":59,"neow_bonus":"REMOVE_TWO","is_prod":false,"is_daily":false,"chose_seed":false,"campfire_upgraded":3,"win_rate":0,"timestamp":1534394220,"path_taken":["M","?","?","?","M","E","R","M","T","$","M","R","?","?","R","BOSS"],"build_version":"2018-08-09","purchased_purges":2,"victory":false,"max_hp_per_floor":[80,80,80,80,80,80,80,80,80,80,82,82,82,84,84,84],"card_choices":[{"not_picked":["Bloodletting","Anger","Heavy Blade"],"picked":"SKIP","floor":1},{"not_picked":["Sword Boomerang","Infernal Blade","Power Through"],"picked":"SKIP","floor":5},{"not_picked":["Heavy Blade","Bludgeon"],"picked":"Thunderclap","floor":6},{"not_picked":["Whirlwind","Armaments","Intimidate","Flex"],"picked":"SKIP","floor":8},{"not_picked":["Hemokinesis","Cleave","Pommel Strike","Sword Boomerang"],"picked":"Singing Bowl","floor":11},{"not_picked":["Heavy Blade","Armaments","Flex","Uppercut"],"picked":"Singing Bowl","floor":14}],"player_experience":2222948,"relics_obtained":[{"floor":6,"key":"Question Card"},{"floor":9,"key":"Singing Bowl"}],"event_choices":[{"event_name":"World of Goop","player_choice":"Gather Gold","floor":2,"damage_taken":0},{"event_name":"Golden Shrine","player_choice":"Pray","floor":3,"damage_taken":0},{"event_name":"The Cleric","player_choice":"Card Removal","floor":4,"damage_taken":0}],"is_beta":false,"boss_relics":[],"items_purged_floors":[10,13],"is_endless":false,"potions_floor_spawned":[1,8,14],"killed_by":"The Guardian","ascension_level":0}