{"gold_per_floor":[113,127,77,95,95,95,108,133,171,199,243,270,282,313,325,438,450,481,493,505,432,544,556,579,591,684,696,735,760,772,784,796,909,971,993,1005,1033,547,565,565,577,577,577,577,10,29,56,66,66,66],"floor_reached":51,"playtime":5291,"items_purged":["Strike_R","Defend_R"],"score":732,"play_id":"6d112aa2-fcb6-4040-81a5-369c1475cec4","local_time":"20190121121346","is_ascension_mode":false,"campfire_choices":[{"data":"Flame Barrier","floor":6,"key":"SMITH"},{"data":"Entrench","floor":13,"key":"SMITH"},{"data":"Flame Barrier","floor":15,"key":"SMITH"},{"data":"True Grit","floor":23,"key":"SMITH"},{"data":"Offering","floor":25,"key":"SMITH"},{"data":"Bash","floor":27,"key":"SMITH"},{"data":"Body Slam","floor":30,"key":"SMITH"},{"data":"Cleave","floor":32,"key":"SMITH"},{"data":"Shrug It Off","floor":40,"key":"SMITH"},{"data":"Reaper","floor":42,"key":"SMITH"},{"data":"Headbutt","floor":49,"key":"SMITH"}],"neow_cost":"","seed_source_timestamp":428794529567200,"circlet_count":0,"master_deck":["Defend_R+1","Defend_R","Defend_R","Bash+1","Cleave+1","Flame Barrier+1","Entrench+1","Headbutt","Headbutt+1","Flame Barrier+1","Offering+1","True Grit+1","Feel No Pain+1","Reaper+1","Body Slam+1","Shrug It Off+1","Uppercut+1","Shrug It Off+1","Combust+1","Parasite","Shockwave+1"],"relics":["Burning Blood","MawBank","Bronze Scales","Juzu Bracelet","Velvet Choker","Anchor","FossilizedHelix","Darkstone Periapt","Kunai","Frozen Egg 2","Enchiridion","Tiny House","Self Forming Clay","Magic Flower","Shuriken","Happy Flower","Lantern"],"potions_floor_usage":[8,11,16,16,22,33,35,35,38,47,50,50],"damage_taken":[{"damage":7,"enemies":"Small Slimes","floor":1,"turns":4},{"damage":9,"enemies":"Jaw Worm","floor":2,"turns":4},{"damage":1,"enemies":"Cultist","floor":4,"turns":4},{"damage":0,"enemies":"2 Fungi Beasts","floor":7,"turns":3},{"damage":14,"enemies":"Gremlin Nob","floor":8,"turns":4},{"damage":5,"enemies":"Looter","floor":10,"turns":4},{"damage":6,"enemies":"3 Sentries","floor":11,"turns":9},{"damage":0,"enemies":"Large Slime","floor":12,"turns":5},{"damage":1,"enemies":"3 Louse","floor":14,"turns":1},{"damage":10,"enemies":"The Guardian","floor":16,"turns":15},{"damage":6,"enemies":"Shell Parasite","floor":18,"turns":4},{"damage":6,"enemies":"Colosseum Slavers","floor":22,"turns":4},{"damage":31,"enemies":"Colosseum Nobs","floor":22,"turns":5},{"damage":0,"enemies":"3 Byrds","floor":24,"turns":3},{"damage":0,"enemies":"Book of Stabbing","floor":28,"turns":5},{"damage":0,"enemies":"Centurion and Healer","floor":29,"turns":8},{"damage":37,"enemies":"Champ","floor":33,"turns":11},{"damage":1,"enemies":"Orb Walker","floor":35,"turns":3},{"damage":12,"enemies":"3 Darklings","floor":37,"turns":6},{"damage":11,"enemies":"Writhing Mass","floor":39,"turns":6},{"damage":32,"enemies":"4 Shapes","floor":41,"turns":7},{"damage":17,"enemies":"Transient","floor":46,"turns":5},{"damage":24,"enemies":"Giant Head","floor":47,"turns":10},{"damage":1,"enemies":"Spire Growth","floor":48,"turns":7},{"damage":28,"enemies":"Awakened One","floor":50,"turns":16}],"seed_played":"4907991953614263903","potions_obtained":[{"floor":1,"key":"Energy Potion"},{"floor":2,"key":"Poison Potion"},{"floor":8,"key":"SkillPotion"},{"floor":14,"key":"SpeedPotion"},{"floor":16,"key":"Explosive Potion"},{"floor":24,"key":"SkillPotion"},{"floor":28,"key":"EssenceOfSteel"},{"floor":29,"key":"Weak Potion"},{"floor":33,"key":"AttackPotion"},{"floor":34,"key":"BloodPotion"},{"floor":37,"key":"Swift Potion"},{"floor":41,"key":"Regen Potion"}],"is_trial":false,"path_per_floor":["M","M","?","M","?","R","M","E","T","M","E","M","R","M","R","B",null,"M","?","?","?","?","R","M","R","T","R","E","M","R","?","R","B",null,"M","?","M","$","M","R","M","R","T","?","$","M","E","M","R","B",null],"character_chosen":"IRONCLAD","items_purchased":["Combust+1","Self Forming Clay","Fruit Juice","Shuriken","Happy Flower","Strength Potion"],"campfire_rested":0,"item_purchase_floors":[38,38,38,45,45,45],"current_hp_per_floor":[79,76,76,80,80,80,80,72,72,73,73,79,79,80,80,76,80,80,80,80,80,55,55,61,61,61,61,67,80,80,64,64,33,85,85,81,79,84,85,85,72,72,72,72,72,64,87,92,92,73],"gold":66,"neow_bonus":"","is_prod":false,"is_daily":false,"chose_seed":false,"campfire_upgraded":11,"win_rate":0.0,"timestamp":1548069226,"path_taken":["M","M","?","M","?","R","M","E","T","M","E","M","R","M","R","BOSS","M","?","?","?","?","R","M","R","T","R","E","M","R","?","R","BOSS","M","?","M","$","M","R","M","R","T","?","$","M","E","M","R","BOSS"],"build_version":"2019-01-17v2","purchased_purges":2,"victory":true,"max_hp_per_floor":[80,80,80,80,80,80,80,80,80,80,80,80,80,80,80,80,80,80,80,80,80,80,80,80,80,80,80,80,80,80,80,80,80,85,85,81,81,86,92,92,92,92,92,92,92,92,92,92,92,92],"card_choices":[{"not_picked":["Reckless Charge","Clash","Power Through"],"picked":"SKIP","floor":1},{"not_picked":["Bloodletting","Corruption"],"picked":"Cleave","floor":2},{"not_picked":["Twin Strike","Pommel Strike"],"picked":"Flame Barrier","floor":4},{"not_picked":["Flex","Rupture","Perfected Strike"],"picked":"SKIP","floor":7},{"not_picked":["Disarm","Flex"],"picked":"Entrench","floor":8},{"not_picked":["Anger","Bloodletting"],"picked":"Headbutt","floor":10},{"not_picked":["Infernal Blade","Flex"],"picked":"Headbutt","floor":11},{"not_picked":["Power Through","Headbutt","Pummel"],"picked":"SKIP","floor":12},{"not_picked":["Pummel","Flex"],"picked":"Flame Barrier","floor":14},{"not_picked":["Impervious","Berserk"],"picked":"Offering","floor":16},{"not_picked":["Iron Wave","Flame Barrier"],"picked":"True Grit","floor":18},{"not_picked":["Double Tap","Cleave"],"picked":"Feel No Pain+1","floor":24},{"not_picked":["Flex","Disarm"],"picked":"Reaper","floor":28},{"not_picked":["Clothesline","Power Through+1"],"picked":"Body Slam","floor":29},{"not_picked":["Twin Strike","Clash"],"picked":"Shrug It Off","floor":34},{"not_picked":["Anger+1","Body Slam"],"picked":"Uppercut+1","floor":35},{"not_picked":["Ghostly Armor+1","Metallicize+1"],"picked":"Shrug It Off+1","floor":37},{"not_picked":["Blood for Blood","Sword Boomerang","Headbutt+1"],"picked":"SKIP","floor":39},{"not_picked":["Blood for Blood","Sword Boomerang","Headbutt+1"],"picked":"SKIP","floor":39},{"not_picked":["Hemokinesis+1","Clash+1","Cleave+1"],"picked":"SKIP","floor":41},{"not_picked":["Twin Strike","Cleave","Thunderclap+1"],"picked":"SKIP","floor":46},{"not_picked":["Combust+1","Battle Trance"],"picked":"Shockwave+1","floor":47},{"not_picked":["Dual Wield","Corruption+1","Cleave+1"],"picked":"SKIP","floor":48}],"player_experience":0,"relics_obtained":[{"floor":8,"key":"MawBank"},{"floor":9,"key":"Bronze Scales"},{"floor":11,"key":"Juzu Bracelet"},{"floor":22,"key":"FossilizedHelix"},{"floor":22,"key":"Darkstone Periapt"},{"floor":26,"key":"Kunai"},{"floor":28,"key":"Frozen Egg 2"},{"floor":31,"key":"Enchiridion"},{"floor":43,"key":"Magic Flower"},{"floor":47,"key":"Lantern"}],"event_choices":[{"cards_removed":["Strike_R"],"damage_healed":0,"gold_gain":0,"player_choice":"Card Removal","damage_taken":0,"max_hp_gain":0,"max_hp_loss":0,"event_name":"The Cleric","floor":3,"gold_loss":50},{"cards_removed":["Strike_R"],"damage_healed":0,"gold_gain":0,"player_choice":"Forget","damage_taken":0,"max_hp_gain":0,"max_hp_loss":0,"event_name":"Living Wall","floor":5,"gold_loss":0},{"cards_removed":["Strike_R"],"damage_healed":0,"gold_gain":0,"player_choice":"Elegance","damage_taken":0,"max_hp_gain":0,"max_hp_loss":0,"event_name":"Back to Basics","floor":19,"gold_loss":0},{"cards_removed":["Strike_R"],"damage_healed":0,"gold_gain":0,"player_choice":"Purged","damage_taken":0,"max_hp_gain":0,"max_hp_loss":0,"event_name":"Purifier","floor":20,"gold_loss":0},{"damage_healed":0,"gold_gain":0,"player_choice":"Obtained Relic","damage_taken":0,"relics_obtained":["Anchor"],"max_hp_gain":0,"max_hp_loss":0,"event_name":"Addict","floor":21,"gold_loss":85},{"damage_healed":0,"gold_gain":0,"player_choice":"Fight","damage_taken":0,"max_hp_gain":0,"max_hp_loss":0,"event_name":"Colosseum","floor":22,"gold_loss":0},{"damage_healed":0,"gold_gain":0,"player_choice":"Fought Nobs","damage_taken":0,"max_hp_gain":0,"max_hp_loss":0,"event_name":"Colosseum","floor":22,"gold_loss":0},{"damage_healed":0,"gold_gain":0,"player_choice":"Obtained Book","damage_taken":16,"max_hp_gain":0,"max_hp_loss":0,"event_name":"Cursed Tome","floor":31,"gold_loss":0},{"damage_healed":0,"gold_gain":0,"player_choice":"Max HP","damage_taken":0,"max_hp_gain":0,"max_hp_loss":4,"event_name":"Winding Halls","floor":36,"gold_loss":0},{"damage_healed":0,"gold_gain":0,"player_choice":"Ignored","damage_taken":0,"max_hp_gain":0,"max_hp_loss":0,"event_name":"Tomb of Lord Red Mask","floor":44,"gold_loss":0}],"is_beta":false,"boss_relics":[{"not_picked":["Fusion Hammer","Calling Bell"],"picked":"Velvet Choker"},{"not_picked":["White Beast Statue","Runic Dome"],"picked":"Tiny House"}],"items_purged_floors":[38,45],"is_endless":false,"potions_floor_spawned":[1,2,8,14,16,24,28,29,33,37,41,46],"ascension_level":0}