{"gold_per_floor":[117,117,21,39,57,87,87,107,157,157,175,38,38,68,68,172,172,185,108,29,40,40,70,70,97,97,0,0,0,20,39,39,39],"floor_reached":33,"playtime":2634,"items_purged":["Normality","Pain"],"score":366,"play_id":"bc1f1848-698a-47cb-acd9-79e4e12c5795","local_time":"20180706121903","is_ascension_mode":true,"campfire_choices":[{"floor":7,"key":"REST"},{"floor":13,"key":"REST"},{"data":"Defragment","floor":15,"key":"SMITH"},{"floor":24,"key":"REST"},{"floor":28,"key":"REST"},{"floor":32,"key":"REST"}],"neow_cost":"CURSE","seed_source_timestamp":0,"circlet_count":0,"master_deck":["Zap","Dualcast","Hello World","Melter","BootSequence","Cold Snap+1","Defragment+1","Meteor Strike","Turbo","Glacier+1","Conserve Battery","Sunder","Leap","White Noise","Echo Form","Cold Snap","Hologram","Conserve Battery","Chaos","Barrage","Doom and Gloom","Tempest","J.A.X.","Loop","Chaos","Doom and Gloom","Meteor Strike","Glacier","Loop"],"special_seed":17718,"relics":["Cracked Core","Smiling Mask","Bag of Preparation","Lantern","Happy Flower","Pandora\u0027s Box","Bottled Flame","Unceasing Top","Torii","Matryoshka"],"potions_floor_usage":[6,18,23],"damage_taken":[{"damage":10,"enemies":"Cultist","floor":1,"turns":4},{"damage":7,"enemies":"Small Slimes","floor":4,"turns":3},{"damage":6,"enemies":"Jaw Worm","floor":5,"turns":4},{"damage":14,"enemies":"Gremlin Nob","floor":6,"turns":4},{"damage":5,"enemies":"Exordium Wildlife","floor":8,"turns":3},{"damage":2,"enemies":"Large Slime","floor":11,"turns":4},{"damage":0,"enemies":"3 Sentries","floor":14,"turns":5},{"damage":1,"enemies":"Slime Boss","floor":16,"turns":11},{"damage":0,"enemies":"Spheric Guardian","floor":18,"turns":2},{"damage":9,"enemies":"Shell Parasite","floor":21,"turns":3},{"damage":46,"enemies":"Slavers","floor":23,"turns":7},{"damage":45,"enemies":"Gremlin Leader","floor":25,"turns":6},{"damage":0,"enemies":"Sentry and Sphere","floor":30,"turns":2},{"damage":7,"enemies":"Centurion and Healer","floor":31,"turns":5},{"damage":57,"enemies":"Collector","floor":33,"turns":7}],"seed_played":"-7177677508004505436","potions_obtained":[{"floor":5,"key":"Block Potion"},{"floor":14,"key":"Fruit Juice"},{"floor":16,"key":"Explosive Potion"},{"floor":21,"key":"FearPotion"},{"floor":25,"key":"FearPotion"}],"is_trial":false,"path_per_floor":["M","?","$","M","M","E","R","M","T","?","M","$","R","E","R","B",null,"M","?","$","M","?","E","R","E","T","?","R","T","M","M","R"],"character_chosen":"DEFECT","items_purchased":["Cold Snap","Sunder","Leap","Loop"],"campfire_rested":5,"item_purchase_floors":[3,12,12,20],"current_hp_per_floor":[65,65,65,58,52,38,60,55,55,40,38,38,60,60,60,59,75,75,75,75,66,66,25,49,4,4,4,28,28,28,21,45,0],"gold":39,"neow_bonus":"TRANSFORM_TWO_CARDS","is_prod":false,"is_daily":false,"chose_seed":false,"campfire_upgraded":1,"win_rate":0,"timestamp":1530893943,"path_taken":["M","?","?","M","M","E","R","M","T","?","M","$","R","E","R","BOSS","M","?","$","M","?","E","R","E","T","?","R","?","?","M","R","BOSS"],"build_version":"2018-07-05","purchased_purges":2,"victory":false,"max_hp_per_floor":[75,75,75,75,75,75,75,75,75,75,75,75,75,75,75,75,75,75,75,75,75,75,80,80,80,80,80,80,80,80,80,80,80],"card_choices":[{"not_picked":["Sweeping Beam","Streamline"],"picked":"BootSequence","floor":1},{"not_picked":["Leap","Lockon"],"picked":"Defragment","floor":4},{"not_picked":["Melter","FTL"],"picked":"Meteor Strike","floor":5},{"not_picked":["Lockon","Doom and Gloom"],"picked":"Turbo","floor":6},{"not_picked":["Cold Snap","Redo"],"picked":"Glacier","floor":8},{"not_picked":["FTL","Turbo"],"picked":"Conserve Battery","floor":11},{"not_picked":["Redo","Static Discharge"],"picked":"White Noise","floor":14},{"not_picked":["Fission","Machine Learning"],"picked":"Echo Form","floor":16},{"not_picked":["FTL","Turbo"],"picked":"Tempest","floor":18},{"not_picked":["Steam+1","Lockon"],"picked":"Chaos","floor":21},{"not_picked":["Leap","Darkness"],"picked":"Doom and Gloom","floor":23},{"not_picked":["Stack","Double Energy"],"picked":"Meteor Strike","floor":25},{"not_picked":["Go for the Eyes","Aggregate"],"picked":"Glacier","floor":30},{"not_picked":["Chaos","Rip and Tear"],"picked":"Loop","floor":31}],"player_experience":248007,"relics_obtained":[{"floor":6,"key":"Bag of Preparation"},{"floor":9,"key":"Lantern"},{"floor":14,"key":"Happy Flower"},{"floor":23,"key":"Bottled Flame"},{"floor":25,"key":"Unceasing Top"},{"floor":26,"key":"Torii"},{"floor":29,"key":"Matryoshka"}],"event_choices":[{"event_name":"Accursed Blacksmith","player_choice":"Rummage","floor":2,"damage_taken":0},{"event_name":"Shining Light","player_choice":"Entered Light","floor":10,"damage_taken":0},{"event_name":"Drug Dealer","player_choice":"Got JAXXED","floor":19,"damage_taken":0},{"event_name":"Ghosts","player_choice":"Ignored","floor":22,"damage_taken":0},{"event_name":"Masked Bandits","player_choice":"Paid Bandits 97 gold","floor":27,"damage_taken":0}],"boss_relics":[{"not_picked":["Runic Dome","Empty Cage"],"picked":"Pandora\u0027s Box"}],"items_purged_floors":[3,12],"is_endless":false,"potions_floor_spawned":[5,14,16,21,25],"killed_by":"Collector","ascension_level":3}