{"gold_per_floor":[117,42,42,42,142,159,177,177,177,177,194,194,219,70,70,169,169,187,127,137,137,137,137,157,184,184,196,196,7,7,23,23,23],"floor_reached":33,"playtime":768,"items_purged":["Strike_B","Strike_B"],"score":255,"play_id":"404fc66d-95a0-4d8b-9b24-b758642d680e","local_time":"20181214014301","is_ascension_mode":true,"campfire_choices":[{"data":"Zap","floor":8,"key":"SMITH"},{"data":"Auto Shields","floor":12,"key":"SMITH"},{"data":"Ball Lightning","floor":15,"key":"SMITH"},{"data":"Creative AI","floor":23,"key":"SMITH"},{"floor":30,"key":"REST"},{"floor":32,"key":"REST"}],"neow_cost":"NONE","seed_source_timestamp":52102326678430,"circlet_count":0,"master_deck":["Defend_B","Defend_B","Zap+1","Dualcast","Rebound","Auto Shields+1","Go for the Eyes","Sweeping Beam","Ball Lightning+1","FTL","Streamline","Creative AI+1","Core Surge+1","Thunder Strike+1","Fusion+1","Loop+1","Barrage+1","Melter","Echo Form","Metamorphosis"],"relics":["Cracked Core","Blood Vial","Potion Belt","NlothsMask","Vajra","Astrolabe","Bag of Marbles","Omamori"],"potions_floor_usage":[27,27,33,33,33,33],"damage_taken":[{"damage":1,"enemies":"2 Louse","floor":1,"turns":2},{"damage":0,"enemies":"Cultist","floor":6,"turns":3},{"damage":0,"enemies":"Jaw Worm","floor":7,"turns":2},{"damage":3,"enemies":"Red Slaver","floor":11,"turns":4},{"damage":13,"enemies":"Lagavulin","floor":13,"turns":5},{"damage":57,"enemies":"The Guardian","floor":16,"turns":8},{"damage":15,"enemies":"2 Thieves","floor":18,"turns":3},{"damage":40,"enemies":"3 Byrds","floor":20,"turns":3},{"damage":47,"enemies":"Shelled Parasite and Fungi","floor":24,"turns":6},{"damage":0,"enemies":"Snake Plant","floor":27,"turns":3},{"damage":25,"enemies":"Snecko","floor":31,"turns":4},{"damage":32,"enemies":"Collector","floor":33,"turns":2}],"seed_played":"7093540048563431988","potions_obtained":[{"floor":7,"key":"Explosive Potion"},{"floor":11,"key":"LiquidBronze"},{"floor":16,"key":"AttackPotion"},{"floor":18,"key":"SkillPotion"},{"floor":20,"key":"LiquidBronze"},{"floor":31,"key":"SteroidPotion"}],"is_trial":false,"path_per_floor":["M","$","?","$","?","M","M","R","T","?","M","R","E","$","R","B",null,"M","?","M","?","T","R","M","T","T","M","?","$","R","M","R","B"],"character_chosen":"DEFECT","items_purchased":["Streamline","Metamorphosis"],"campfire_rested":2,"item_purchase_floors":[14,29],"current_hp_per_floor":[74,74,71,71,71,73,75,75,75,75,72,72,61,61,61,6,75,60,60,22,47,47,47,2,2,2,4,4,4,26,3,25,0],"gold":23,"neow_bonus":"THREE_CARDS","is_prod":false,"is_daily":false,"chose_seed":false,"campfire_upgraded":4,"win_rate":0,"timestamp":1544722981,"path_taken":["M","$","?","$","?","?","M","R","T","?","M","R","E","$","R","BOSS","M","?","?","?","?","R","M","?","T","M","?","$","R","M","R","BOSS"],"build_version":"2018-12-06","purchased_purges":2,"victory":false,"max_hp_per_floor":[75,75,75,75,75,75,75,75,75,75,75,75,75,75,75,75,75,75,75,75,75,75,75,75,75,75,75,75,75,75,75,75,75],"card_choices":[{"not_picked":["Aggregate","Compile Driver"],"picked":"Rebound","floor":0},{"not_picked":["Hologram","Rebound"],"picked":"Auto Shields","floor":1},{"not_picked":["Fusion","Stack"],"picked":"Go for the Eyes","floor":6},{"not_picked":["Cold Snap","Skim"],"picked":"Sweeping Beam","floor":7},{"not_picked":["Go for the Eyes","Turbo"],"picked":"Ball Lightning","floor":11},{"not_picked":["Coolheaded","Barrage"],"picked":"FTL","floor":13},{"not_picked":["Electrodynamics","Hyperbeam"],"picked":"Creative AI","floor":16},{"not_picked":["Compile Driver","Fusion"],"picked":"Loop+1","floor":18},{"not_picked":["Coolheaded","Go for the Eyes"],"picked":"Barrage+1","floor":20},{"not_picked":["Beam Cell","Steam"],"picked":"Melter","floor":24},{"not_picked":["Stack","Turbo"],"picked":"Echo Form","floor":27},{"not_picked":["Gash+1","Turbo+1","Redo"],"picked":"SKIP","floor":31}],"player_experience":52688,"relics_obtained":[{"floor":9,"key":"Potion Belt"},{"floor":13,"key":"Vajra"},{"floor":25,"key":"Bag of Marbles"},{"floor":26,"key":"Omamori"}],"event_choices":[{"damage_healed":0,"gold_gain":0,"player_choice":"Success","damage_taken":3,"relics_obtained":["Blood Vial"],"max_hp_gain":0,"max_hp_loss":0,"event_name":"Scrap Ooze","floor":3,"gold_loss":0},{"damage_healed":0,"gold_gain":100,"player_choice":"Pray","damage_taken":0,"max_hp_gain":0,"max_hp_loss":0,"event_name":"Golden Shrine","floor":5,"gold_loss":0},{"damage_healed":0,"gold_gain":0,"player_choice":"Trade","damage_taken":0,"relics_obtained":["NlothsMask"],"max_hp_gain":0,"max_hp_loss":0,"event_name":"FaceTrader","floor":10,"gold_loss":0},{"cards_removed":["Defend_B"],"damage_healed":0,"gold_gain":0,"player_choice":"Single Remove","damage_taken":0,"max_hp_gain":0,"max_hp_loss":0,"event_name":"Designer","floor":19,"gold_loss":60},{"damage_healed":25,"gold_gain":0,"player_choice":"Heal","damage_taken":0,"max_hp_gain":0,"max_hp_loss":0,"event_name":"The Library","floor":21,"gold_loss":0},{"damage_healed":0,"gold_gain":0,"player_choice":"Smashed Altar","damage_taken":0,"max_hp_gain":0,"max_hp_loss":0,"event_name":"Forgotten Altar","floor":28,"gold_loss":0,"cards_obtained":["Decay"]}],"is_beta":false,"boss_relics":[{"not_picked":["Orrery","Eternal Feather"],"picked":"Astrolabe"}],"items_purged_floors":[2,14],"is_endless":false,"potions_floor_spawned":[7,11,16,18,20,31],"killed_by":"Collector","ascension_level":1}