{"gold_per_floor":[112,64,81,81,99,128,128,141,165,165,175,195,96,96,96,196,196,212,212],"floor_reached":19,"playtime":466,"items_purged":["Strike_B"],"score":169,"play_id":"c68710a3-c291-455d-8497-53b89bf644b1","local_time":"20190116194216","is_ascension_mode":false,"campfire_choices":[{"data":"Zap","floor":7,"key":"SMITH"},{"data":"Ball Lightning","floor":10,"key":"SMITH"},{"data":"Ball Lightning","floor":15,"key":"SMITH"}],"neow_cost":"NONE","seed_source_timestamp":1987446450911049,"circlet_count":0,"master_deck":["Strike_B","Strike_B","Strike_B","Defend_B","Defend_B","Defend_B","Defend_B","Zap+1","Dualcast+1","Ball Lightning+1","Conserve Battery","Ball Lightning+1","Core Surge","Coolheaded","Hologram","Seek","Stack+1"],"relics":["Cracked Core","Juzu Bracelet","Boot","Inserter"],"potions_floor_usage":[],"damage_taken":[{"damage":1,"enemies":"Jaw Worm","floor":1,"turns":3},{"damage":0,"enemies":"Small Slimes","floor":3,"turns":2},{"damage":0,"enemies":"2 Louse","floor":5,"turns":2},{"damage":16,"enemies":"Gremlin Nob","floor":6,"turns":3},{"damage":6,"enemies":"Red Slaver","floor":8,"turns":2},{"damage":5,"enemies":"Looter","floor":11,"turns":2},{"damage":0,"enemies":"Large Slime","floor":12,"turns":3},{"damage":26,"enemies":"Hexaghost","floor":16,"turns":11},{"damage":21,"enemies":"3 Byrds","floor":18,"turns":4}],"seed_played":"486159661980293347","potions_obtained":[{"floor":1,"key":"SkillPotion"},{"floor":6,"key":"FocusPotion"},{"floor":8,"key":"Regen Potion"}],"is_trial":false,"path_per_floor":["M","$","M","?","M","E","R","M","T","R","M","M","$","?","R","B",null,"M","$"],"character_chosen":"DEFECT","items_purchased":["Ball Lightning","Hologram"],"campfire_rested":0,"item_purchase_floors":[2,13],"current_hp_per_floor":[74,74,74,74,74,58,58,52,52,52,47,47,47,52,52,26,80,59,59],"gold":212,"neow_bonus":"THREE_CARDS","is_prod":false,"is_daily":false,"chose_seed":false,"campfire_upgraded":3,"win_rate":0,"timestamp":1547667736,"path_taken":["M","$","M","?","M","E","R","M","T","R","M","M","$","?","R","BOSS","M","$"],"build_version":"2019-01-10","purchased_purges":1,"victory":false,"max_hp_per_floor":[75,75,75,75,75,75,75,75,75,75,75,75,75,80,80,80,80,80,80],"card_choices":[{"not_picked":["Turbo","Steam"],"picked":"Ball Lightning","floor":0},{"not_picked":["Fusion","Turbo"],"picked":"Conserve Battery","floor":1},{"not_picked":["Heatsinks","Compile Driver","Beam Cell"],"picked":"SKIP","floor":3},{"not_picked":["Stack","Redo","Doom and Gloom"],"picked":"SKIP","floor":5},{"not_picked":["Cold Snap","Doom and Gloom"],"picked":"Core Surge","floor":6},{"not_picked":["Compile Driver","Stack","Reprogram"],"picked":"SKIP","floor":8},{"not_picked":["Tempest","Consume"],"picked":"Coolheaded","floor":11},{"not_picked":["Barrage","Redo","Loop"],"picked":"SKIP","floor":12},{"not_picked":["Fission","Machine Learning"],"picked":"Seek","floor":16},{"not_picked":["Sweeping Beam+1","Cold Snap"],"picked":"Stack+1","floor":18}],"player_experience":973514,"relics_obtained":[{"floor":6,"key":"Juzu Bracelet"},{"floor":9,"key":"Boot"}],"event_choices":[{"damage_healed":0,"gold_gain":0,"player_choice":"Grow","damage_taken":0,"max_hp_gain":0,"max_hp_loss":0,"event_name":"Living Wall","floor":4,"gold_loss":0,"cards_upgraded":["Dualcast"]},{"damage_healed":0,"gold_gain":0,"player_choice":"Donut","damage_taken":0,"max_hp_gain":5,"max_hp_loss":0,"event_name":"Big Fish","floor":14,"gold_loss":0}],"is_beta":false,"boss_relics":[{"not_picked":["Snecko Eye","Busted Crown"],"picked":"Inserter"}],"items_purged_floors":[13],"is_endless":false,"potions_floor_spawned":[1,6,8,18],"ascension_level":0}