{"gold_per_floor":[119,134,11,21,38,38,38,38,38,51,84,97,123,198,198,294,294,312,402,422,441,452,452,482,407,462,478,478,393,393,458,458,556,556,566,566,589,607,620,620,520,520,573,573,584,331,331,331,331,331],"floor_reached":50,"playtime":1721,"items_purged":["Strike_R","Perfected Strike"],"score":540,"play_id":"d90e2a45-2e24-4f8e-8a1c-9938bcc0d0ef","local_time":"20180827170537","is_ascension_mode":false,"campfire_choices":[{"data":"Limit Break","floor":6,"key":"SMITH"},{"data":"Flex","floor":8,"key":"SMITH"},{"data":"Armaments","floor":15,"key":"SMITH"},{"data":"Whirlwind","floor":23,"key":"SMITH"},{"data":"Bludgeon","floor":28,"key":"SMITH"},{"data":"Metallicize","floor":30,"key":"SMITH"},{"floor":32,"key":"REST"},{"floor":40,"key":"REST"},{"data":"Madness","floor":42,"key":"SMITH"},{"data":"Madness","floor":44,"key":"SMITH"},{"floor":47,"key":"REST"},{"floor":49,"key":"REST"}],"neow_cost":"NONE","seed_source_timestamp":786425360729226,"circlet_count":0,"master_deck":["Bash+1","Flex+1","Cleave","Clothesline","Spot Weakness","Limit Break+1","Flex","Metallicize+1","Twin Strike","Armaments+1","Immolate","Twin Strike","Clash","Shrug It Off","Intimidate","Ghostly Armor","Clash","Jack Of All Trades","Whirlwind+1","Heavy Blade","Bludgeon+1","Flex","Iron Wave+1","Impervious","Madness+1","Madness+1","Clash+1","Reckless Charge"],"relics":["Burning Blood","Nunchaku","Magic Flower","Self Forming Clay","Pandora\u0027s Box","Thread and Needle","Bag of Marbles","Red Skull","Tiny Chest","Mark of Pain","Happy Flower","Potion Belt","Pear"],"potions_floor_usage":[24,45,50,50],"damage_taken":[{"damage":1,"enemies":"2 Louse","floor":1,"turns":4},{"damage":6,"enemies":"Jaw Worm","floor":2,"turns":2},{"damage":5,"enemies":"Small Slimes","floor":4,"turns":2},{"damage":9,"enemies":"2 Fungi Beasts","floor":5,"turns":3},{"damage":9,"enemies":"Blue Slaver","floor":10,"turns":4},{"damage":21,"enemies":"Lagavulin","floor":11,"turns":6},{"damage":0,"enemies":"Large Slime","floor":12,"turns":4},{"damage":14,"enemies":"Gremlin Nob","floor":13,"turns":3},{"damage":21,"enemies":"Hexaghost","floor":16,"turns":10},{"damage":11,"enemies":"Shell Parasite","floor":18,"turns":3},{"damage":3,"enemies":"Chosen","floor":20,"turns":3},{"damage":21,"enemies":"Snake Plant","floor":21,"turns":3},{"damage":28,"enemies":"Snecko","floor":22,"turns":5},{"damage":24,"enemies":"Book of Stabbing","floor":24,"turns":5},{"damage":6,"enemies":"Chosen and Byrds","floor":27,"turns":3},{"damage":19,"enemies":"Gremlin Leader","floor":31,"turns":4},{"damage":11,"enemies":"Collector","floor":33,"turns":7},{"damage":1,"enemies":"Flame Bruiser 1 Orb","floor":35,"turns":3},{"damage":3,"enemies":"3 Darklings","floor":38,"turns":3},{"damage":44,"enemies":"Sphere and 2 Shapes","floor":39,"turns":3},{"damage":66,"enemies":"Maw","floor":45,"turns":11},{"damage":95,"enemies":"Awakened One","floor":50,"turns":10}],"seed_played":"-5536209037676670102","potions_obtained":[{"floor":4,"key":"Regen Potion"},{"floor":11,"key":"SteroidPotion"},{"floor":12,"key":"LiquidBronze"},{"floor":27,"key":"SteroidPotion"},{"floor":31,"key":"Regen Potion"}],"is_trial":false,"path_per_floor":["M","M","$","M","M","R","?","R","T","M","E","M","E","?","R","B",null,"M","?","M","M","M","R","E","?","T","M","R","?","R","E","R","B",null,"M","?","T","M","M","R","$","R","T","R","M","$","R","?","R"],"character_chosen":"IRONCLAD","items_purchased":["Clothesline","Pear"],"campfire_rested":4,"item_purchase_floors":[3,46],"current_hp_per_floor":[80,80,80,80,77,77,82,82,82,79,64,73,68,57,57,45,85,83,59,65,53,34,34,41,41,41,44,44,44,44,34,59,57,85,85,74,74,80,45,70,70,70,70,70,32,42,70,70,95,0],"gold":331,"neow_bonus":"UPGRADE_CARD","is_prod":false,"is_daily":false,"chose_seed":false,"campfire_upgraded":8,"win_rate":0,"timestamp":1535385937,"path_taken":["M","M","$","M","M","R","?","R","T","?","E","M","E","?","R","BOSS","M","?","M","M","M","R","E","?","T","?","R","?","R","E","R","BOSS","M","?","?","M","?","R","$","R","T","R","M","$","R","?","R","BOSS"],"build_version":"2018-08-23v2","purchased_purges":2,"victory":false,"max_hp_per_floor":[80,80,80,80,80,80,85,85,85,85,85,85,85,85,85,85,85,85,85,85,85,85,85,85,85,85,85,85,85,85,85,85,85,85,85,85,85,85,85,85,85,85,85,85,85,95,95,95,95,95],"card_choices":[{"not_picked":["Feel No Pain","Clothesline"],"picked":"Flex","floor":1},{"not_picked":["Pummel","Havoc"],"picked":"Cleave","floor":2},{"not_picked":["Anger","Body Slam"],"picked":"Spot Weakness","floor":4},{"not_picked":["Havoc","Anger"],"picked":"Limit Break","floor":5},{"not_picked":["Evolve","Disarm"],"picked":"Flex","floor":10},{"not_picked":["Havoc","Wild Strike"],"picked":"Metallicize","floor":11},{"not_picked":["True Grit","Pommel Strike"],"picked":"Twin Strike","floor":12},{"not_picked":["Searing Blow","Sever Soul"],"picked":"Armaments","floor":13},{"not_picked":["Brutality","Juggernaut"],"picked":"Immolate","floor":16},{"not_picked":["Rampage","Sword Boomerang"],"picked":"Clash","floor":18},{"not_picked":["Shrug It Off+1","Clothesline"],"picked":"Whirlwind","floor":20},{"not_picked":["Anger","Pommel Strike+1"],"picked":"Heavy Blade","floor":21},{"not_picked":["Entrench","Armaments","True Grit+1"],"picked":"SKIP","floor":22},{"not_picked":["Fire Breathing+1","Sword Boomerang"],"picked":"Bludgeon","floor":24},{"not_picked":["Headbutt","Spot Weakness"],"picked":"Flex","floor":27},{"not_picked":["Dual Wield","Cleave"],"picked":"Iron Wave+1","floor":31},{"not_picked":["Exhume","Immolate"],"picked":"Impervious","floor":33},{"not_picked":["Body Slam+1","True Grit","Sword Boomerang+1"],"picked":"SKIP","floor":35},{"not_picked":["Sword Boomerang","Sentinel+1"],"picked":"Clash+1","floor":38},{"not_picked":["Hemokinesis","Flex","Wild Strike"],"picked":"SKIP","floor":39},{"not_picked":["Reckless Charge","Perfected Strike+1","Juggernaut"],"picked":"SKIP","floor":45}],"player_experience":578743,"relics_obtained":[{"floor":9,"key":"Nunchaku"},{"floor":11,"key":"Magic Flower"},{"floor":13,"key":"Self Forming Clay"},{"floor":24,"key":"Thread and Needle"},{"floor":26,"key":"Bag of Marbles"},{"floor":31,"key":"Tiny Chest"},{"floor":37,"key":"Happy Flower"},{"floor":43,"key":"Potion Belt"}],"event_choices":[{"event_name":"Big Fish","player_choice":"Donut","floor":7,"damage_taken":0},{"event_name":"World of Goop","player_choice":"Gather Gold","floor":14,"damage_taken":0},{"event_name":"Knowing Skull","player_choice":"GOLD CARD ","floor":19,"damage_taken":0},{"event_name":"Beggar","player_choice":"Gave Gold","floor":25,"damage_taken":0},{"event_name":"Addict","player_choice":"Obtained Relic","floor":29,"damage_taken":0},{"event_name":"Winding Halls","player_choice":"Embrace Madness","floor":36,"damage_taken":0},{"event_name":"Transmorgrifier","player_choice":"Transform","floor":48,"damage_taken":0}],"is_beta":false,"boss_relics":[{"not_picked":["Coffee Dripper","Snecko Eye"],"picked":"Pandora\u0027s Box"},{"not_picked":["Philosopher\u0027s Stone","Calling Bell"],"picked":"Mark of Pain"}],"items_purged_floors":[3,41],"is_endless":false,"potions_floor_spawned":[4,11,12,16,21,22,27,31,33,35],"killed_by":"Awakened One","ascension_level":0}