{"gold_per_floor":[115,126,137,137,3,3,3,3,3,34,50,0,0,13,13,87,87,98,98,110,128,140,140,153,153,153,165,165,6,41,41,41,115,115,132,132,82,100,111,111,126,126,426,436,454,473,492,509,509,509],"floor_reached":51,"playtime":25184,"items_purged":["Strike_R","Strike_R","Strike_R"],"score":1249,"play_id":"cd4f65f0-d29c-40a3-964a-e48c1509f19f","local_time":"20180826180802","is_ascension_mode":true,"campfire_choices":[{"data":"Infernal Blade","floor":6.0,"key":"SMITH"},{"data":"Bash","floor":8.0,"key":"SMITH"},{"data":"Limit Break","floor":15.0,"key":"SMITH"},{"data":"1","floor":23,"key":"LIFT"},{"data":"2","floor":25,"key":"LIFT"},{"data":"3","floor":32,"key":"LIFT"},{"data":"Limit Break","floor":40,"key":"SMITH"},{"data":"Barricade","floor":49,"key":"SMITH"}],"neow_cost":"PERCENT_DAMAGE","seed_source_timestamp":0,"circlet_count":0,"master_deck":["Strike_R","Strike_R","Defend_R","Defend_R","Defend_R","Bash+1","AscendersBane","Limit Break+1","Headbutt","Ghostly Armor","Seeing Red","Infernal Blade+1","Spot Weakness","Twin Strike","Reaper","Offering","True Grit+1","RitualDagger","Barricade+1","Thunderclap","Limit Break+1","Spot Weakness","Impervious","Madness","Madness","Flame Barrier","Shrug It Off"],"special_seed":0,"relics":["Burning Blood","Smiling Mask","Sundial","Girya","Coffee Dripper","Pantograph","Dead Branch","Lizard Tail","Old Coin"],"potions_floor_usage":[27,38,41,48,50,50],"damage_taken":[{"damage":6.0,"enemies":"Cultist","floor":1.0,"turns":3.0},{"damage":14.0,"enemies":"Jaw Worm","floor":2.0,"turns":5.0},{"damage":0.0,"enemies":"2 Louse","floor":3.0,"turns":3.0},{"damage":25.0,"enemies":"Gremlin Nob","floor":10.0,"turns":4.0},{"damage":8.0,"enemies":"Large Slime","floor":11.0,"turns":5.0},{"damage":14.0,"enemies":"Red Slaver","floor":14.0,"turns":2.0},{"damage":10.0,"enemies":"Hexaghost","floor":16.0,"turns":7.0},{"damage":29.0,"enemies":"Spheric Guardian","floor":18.0,"turns":4.0},{"damage":12.0,"enemies":"Shell Parasite","floor":20.0,"turns":3.0},{"damage":43.0,"enemies":"Chosen and Byrds","floor":21.0,"turns":9.0},{"damage":31,"enemies":"3 Cultists","floor":22,"turns":5},{"damage":23,"enemies":"Centurion and Healer","floor":24,"turns":4},{"damage":8,"enemies":"Snake Plant","floor":27,"turns":3},{"damage":6,"enemies":"Gremlin Leader","floor":30,"turns":3},{"damage":31,"enemies":"Automaton","floor":33,"turns":5},{"damage":0,"enemies":"3 Shapes","floor":35,"turns":11},{"damage":22,"enemies":"Orb Walker","floor":38,"turns":3},{"damage":12,"enemies":"Sphere and 2 Shapes","floor":39,"turns":3},{"damage":22,"enemies":"Spire Growth","floor":41,"turns":5},{"damage":29,"enemies":"Maw","floor":44,"turns":6},{"damage":16,"enemies":"4 Shapes","floor":45,"turns":9},{"damage":26,"enemies":"Flame Bruiser 2 Orb","floor":46,"turns":5},{"damage":57,"enemies":"Spire Growth","floor":47,"turns":4},{"damage":4,"enemies":"Sphere and 2 Shapes","floor":48,"turns":7},{"damage":63,"enemies":"Awakened One","floor":50,"turns":7}],"seed_played":"2910089813114795688","potions_obtained":[{"floor":2.0,"key":"Explosive Potion"},{"floor":11.0,"key":"SkillPotion"},{"floor":16.0,"key":"Explosive Potion"},{"floor":22,"key":"SkillPotion"},{"floor":24,"key":"SkillPotion"},{"floor":27,"key":"SkillPotion"},{"floor":45,"key":"Block Potion"},{"floor":46,"key":"FearPotion"},{"floor":48,"key":"FearPotion"}],"is_trial":false,"path_per_floor":["M","M","M","T","$","R","$","R","T","E","M","$","?","M","R","B",null,"M","?","M","M","M","R","M","R","T","M","?","$","E","$","R","B",null,"M","?","$","M","M","R","M","?","T","M","M","M","M","M","R","B"],"character_chosen":"IRONCLAD","items_purchased":["Infernal Blade","Limit Break"],"campfire_rested":0,"item_purchase_floors":[5,29],"current_hp_per_floor":[50,42,48,48,48,48,48,48,48,29,27,27,27,19,19,37,66,53,47,56,26,26,26,21,21,21,31,46,46,75,75,75,50,69,75,61,61,69,75,75,75,75,75,75,75,75,24,75,75,75],"gold":509,"neow_bonus":"THREE_RARE_CARDS","is_prod":false,"is_daily":false,"chose_seed":false,"campfire_upgraded":5,"win_rate":0,"timestamp":1535321282,"path_taken":["M","M","M","?","$","R","$","R","T","E","M","$","?","?","R","BOSS","M","?","M","?","M","R","M","R","T","M","?","?","E","$","R","BOSS","M","?","$","M","?","R","M","?","T","M","M","?","?","M","R","BOSS"],"build_version":"2018-08-23v2","purchased_purges":3,"victory":true,"max_hp_per_floor":[75,75,75,75,75,75,75,75,75,75,75,75,75,75,75,75,75,75,75,75,75,75,75,75,75,75,75,75,75,75,75,75,75,75,75,75,75,75,75,75,75,75,75,75,75,75,75,75,75,75],"card_choices":[{"not_picked":["Impervious","Offering"],"picked":"Limit Break","floor":0.0},{"not_picked":["Sword Boomerang","Feel No Pain"],"picked":"Headbutt","floor":1.0},{"not_picked":["Power Through","Burning Pact"],"picked":"Ghostly Armor","floor":2.0},{"not_picked":["Pommel Strike","Rage"],"picked":"Seeing Red","floor":3.0},{"not_picked":["Clash","Metallicize"],"picked":"Spot Weakness","floor":10.0},{"not_picked":["Clash","True Grit"],"picked":"Twin Strike","floor":11.0},{"not_picked":["Corruption","Hemokinesis"],"picked":"Reaper","floor":14.0},{"not_picked":["Feed","Bludgeon"],"picked":"Offering","floor":16.0},{"not_picked":["Clothesline","Clash"],"picked":"True Grit+1","floor":18.0},{"not_picked":["Cleave","Searing Blow","Body Slam"],"picked":"SKIP","floor":20.0},{"not_picked":["Body Slam","Clash","Havoc"],"picked":"SKIP","floor":21.0},{"not_picked":["Anger+1","Body Slam"],"picked":"Barricade","floor":22},{"not_picked":["Entrench","Flex"],"picked":"Thunderclap","floor":24},{"not_picked":["Armaments","Clash","Evolve"],"picked":"SKIP","floor":27},{"not_picked":["Double Tap","Bloodletting+1"],"picked":"Spot Weakness","floor":30},{"not_picked":["Immolate","Feed"],"picked":"Impervious","floor":33},{"not_picked":["Twin Strike","Flex","Rage"],"picked":"SKIP","floor":35},{"not_picked":["Warcry","Flex","Hemokinesis"],"picked":"SKIP","floor":38},{"not_picked":["Carnage","Dual Wield"],"picked":"Flame Barrier","floor":39},{"not_picked":["Carnage+1","Combust+1","Flex"],"picked":"SKIP","floor":41},{"not_picked":["Iron Wave","Rampage+1","Cleave"],"picked":"SKIP","floor":44},{"not_picked":["Rupture","Body Slam"],"picked":"Shrug It Off","floor":45},{"not_picked":["Sever Soul","Rampage+1","Fire Breathing"],"picked":"SKIP","floor":46},{"not_picked":["Warcry","Thunderclap+1","Clothesline+1"],"picked":"SKIP","floor":47},{"not_picked":["Rampage","Armaments","Feel No Pain"],"picked":"SKIP","floor":48}],"player_experience":2488879,"relics_obtained":[{"floor":4.0,"key":"Smiling Mask"},{"floor":9.0,"key":"Sundial"},{"floor":10.0,"key":"Girya"},{"floor":26,"key":"Pantograph"},{"floor":30,"key":"Dead Branch"},{"floor":43,"key":"Old Coin"}],"event_choices":[{"event_name":"Purifier","player_choice":"One Purge","floor":13.0,"damage_taken":0.0},{"event_name":"Nest","player_choice":"Joined the Cult","floor":19.0,"damage_taken":0.0},{"event_name":"The Library","player_choice":"Heal","floor":28,"damage_taken":0},{"event_name":"Winding Halls","player_choice":"Embrace Madness","floor":36,"damage_taken":0},{"event_name":"FaceTrader","player_choice":"Leave","floor":42,"damage_taken":0}],"is_beta":false,"boss_relics":[{"not_picked":["Eternal Feather","Runic Dome"],"picked":"Coffee Dripper"},{"not_picked":["Calling Bell","Fusion Hammer"],"picked":"Lizard Tail"}],"items_purged_floors":[5,12,37],"is_endless":false,"potions_floor_spawned":[2,11,16,22,24,27,33,35,45,46,47,48],"ascension_level":17}