{"gold_per_floor":[118,43,43,57,76,76,76,93,93,93,118,118,138,148,148,251,251,270,284,284,26,26,26,26,37,61,61,76,87,87,97,97,201,201,220,230,130,141,157,157,0,0,0,47,57,75,93,110,110,110],"floor_reached":51,"playtime":4836,"items_purged":["Strike_R","Strike_R"],"score":605,"play_id":"b1d3f63a-ecc1-435e-84d0-6b27ee522451","local_time":"20190118212652","is_ascension_mode":false,"campfire_choices":[{"data":"Bash","floor":7,"key":"SMITH"},{"data":"True Grit","floor":10,"key":"SMITH"},{"data":"Armaments","floor":15,"key":"SMITH"},{"floor":23,"key":"REST"},{"floor":27,"key":"REST"},{"floor":32,"key":"REST"},{"floor":40,"key":"REST"},{"floor":49,"key":"REST"}],"neow_cost":"NONE","seed_source_timestamp":786689258387827,"circlet_count":0,"master_deck":["Strike_R","Defend_R","Defend_R","Defend_R","Bash+1","Sentinel+1","Body Slam+1","Anger+1","Pommel Strike","Shrug It Off","Juggernaut","Shockwave","Iron Wave","Armaments+1","Berserk","Thunderclap+1","True Grit+1","Carnage","Shrug It Off+1","Disarm+1","Carnage+1","Disarm+1","Berserk","Shrug It Off+1","Entrench+1"],"relics":["Astrolabe","Bird Faced Urn","Torii","Dream Catcher","Fusion Hammer","Toxic Egg 2","Bag of Preparation","Busted Crown","Red Mask","Pantograph","Regal Pillow"],"potions_floor_usage":[11,16,16,33,48,50],"damage_taken":[{"damage":6,"enemies":"Cultist","floor":1,"turns":3},{"damage":6,"enemies":"Jaw Worm","floor":4,"turns":2},{"damage":0,"enemies":"2 Louse","floor":5,"turns":2},{"damage":2,"enemies":"Exordium Thugs","floor":8,"turns":4},{"damage":2,"enemies":"3 Sentries","floor":11,"turns":4},{"damage":1,"enemies":"Blue Slaver","floor":13,"turns":4},{"damage":1,"enemies":"2 Fungi Beasts","floor":14,"turns":3},{"damage":7,"enemies":"Hexaghost","floor":16,"turns":9},{"damage":2,"enemies":"Shell Parasite","floor":18,"turns":5},{"damage":33,"enemies":"Chosen","floor":19,"turns":5},{"damage":23,"enemies":"Sentry and Sphere","floor":25,"turns":6},{"damage":1,"enemies":"Snecko","floor":28,"turns":4},{"damage":12,"enemies":"Snake Plant","floor":29,"turns":5},{"damage":1,"enemies":"Centurion and Healer","floor":31,"turns":6},{"damage":67,"enemies":"Champ","floor":33,"turns":11},{"damage":18,"enemies":"3 Shapes","floor":35,"turns":4},{"damage":14,"enemies":"3 Darklings","floor":36,"turns":5},{"damage":27,"enemies":"Transient","floor":38,"turns":5},{"damage":0,"enemies":"Maw","floor":39,"turns":8},{"damage":8,"enemies":"Jaw Worm Horde","floor":45,"turns":4},{"damage":11,"enemies":"Sphere and 2 Shapes","floor":46,"turns":5},{"damage":39,"enemies":"Transient","floor":47,"turns":5},{"damage":33,"enemies":"3 Darklings","floor":48,"turns":6},{"damage":48,"enemies":"Donu and Deca","floor":50,"turns":11}],"seed_played":"-6361238247502124867","potions_obtained":[{"floor":1,"key":"SmokeBomb"},{"floor":4,"key":"Explosive Potion"},{"floor":11,"key":"Fire Potion"},{"floor":13,"key":"Fire Potion"},{"floor":18,"key":"SpeedPotion"},{"floor":19,"key":"Block Potion"},{"floor":36,"key":"PowerPotion"},{"floor":39,"key":"SpeedPotion"},{"floor":45,"key":"Energy Potion"}],"is_trial":false,"path_per_floor":["M","$","?","M","M","$","R","M","T","R","E","?","M","M","R","B",null,"M","M","?","$","?","R","?","M","T","R","M","M","?","M","R","B",null,"M","M","$","M","M","R","?","?","T","T","M","M","M","M","R","B",null],"character_chosen":"IRONCLAD","items_purchased":["Toxic Egg 2"],"campfire_rested":5,"item_purchase_floors":[21],"current_hp_per_floor":[74,74,80,74,74,74,74,72,72,72,72,72,73,74,74,69,80,80,49,49,49,49,73,73,54,54,78,79,68,53,56,81,18,85,70,62,62,41,47,72,72,72,72,72,70,65,32,5,45,30],"gold":110,"neow_bonus":"BOSS_RELIC","is_prod":false,"is_daily":false,"chose_seed":false,"campfire_upgraded":3,"win_rate":0,"timestamp":1547818012,"path_taken":["M","$","?","?","M","$","R","?","T","R","E","?","M","M","R","BOSS","M","M","?","?","?","R","?","M","T","R","M","M","?","M","R","BOSS","M","M","$","M","M","R","?","?","T","?","M","M","?","M","R","BOSS"],"build_version":"2019-01-17v2","purchased_purges":2,"victory":true,"max_hp_per_floor":[80,80,80,80,80,80,80,80,80,80,80,80,80,80,80,80,80,80,80,80,80,80,80,80,80,80,80,80,80,85,85,85,85,85,85,85,85,85,85,85,85,85,85,85,85,85,85,85,85,85],"card_choices":[{"not_picked":["Dropkick","Spot Weakness"],"picked":"Pommel Strike","floor":1},{"not_picked":["Twin Strike","Feel No Pain"],"picked":"Shrug It Off","floor":4},{"not_picked":["Pommel Strike","Clothesline"],"picked":"True Grit","floor":5},{"not_picked":["Armaments","Sword Boomerang"],"picked":"Juggernaut","floor":8},{"not_picked":["Rampage","Heavy Blade"],"picked":"Shockwave","floor":11},{"not_picked":["Warcry","Perfected Strike"],"picked":"Iron Wave","floor":13},{"not_picked":["Wild Strike","Disarm"],"picked":"Armaments","floor":14},{"not_picked":["Fiend Fire","Offering"],"picked":"Berserk","floor":16},{"not_picked":["Power Through","Cleave","Hemokinesis"],"picked":"SKIP","floor":18},{"not_picked":["Pommel Strike+1","Havoc"],"picked":"Thunderclap+1","floor":19},{"not_picked":["Wild Strike","Battle Trance+1"],"picked":"True Grit+1","floor":23},{"not_picked":["Rupture","Sever Soul+1"],"picked":"Carnage","floor":25},{"not_picked":["Dual Wield+1","Armaments+1"],"picked":"Shrug It Off+1","floor":28},{"not_picked":["Heavy Blade","Uppercut"],"picked":"Disarm+1","floor":29},{"not_picked":["Dropkick","Cleave+1"],"picked":"Carnage+1","floor":31},{"not_picked":["Iron Wave+1","Intimidate+1"],"picked":"Disarm+1","floor":32},{"not_picked":["Brutality","Impervious+1"],"picked":"Berserk","floor":33},{"not_picked":["Armaments+1"],"picked":"SKIP","floor":35},{"not_picked":[],"picked":"Shrug It Off+1","floor":36},{"not_picked":["Intimidate+1"],"picked":"SKIP","floor":38},{"not_picked":[],"picked":"Entrench+1","floor":39},{"not_picked":["Flex+1"],"picked":"SKIP","floor":45},{"not_picked":["Blood for Blood"],"picked":"SKIP","floor":46},{"not_picked":["Bloodletting+1"],"picked":"SKIP","floor":47},{"not_picked":["Perfected Strike"],"picked":"SKIP","floor":48}],"player_experience":94326,"relics_obtained":[{"floor":9,"key":"Bird Faced Urn"},{"floor":11,"key":"Torii"},{"floor":26,"key":"Bag of Preparation"},{"floor":43,"key":"Pantograph"},{"floor":44,"key":"Regal Pillow"}],"event_choices":[{"damage_healed":6,"gold_gain":0,"player_choice":"Full Heal","damage_taken":0,"max_hp_gain":0,"max_hp_loss":0,"event_name":"Wheel of Change","floor":3,"gold_loss":0},{"damage_healed":0,"gold_gain":0,"player_choice":"Box","damage_taken":0,"relics_obtained":["Dream Catcher"],"max_hp_gain":0,"max_hp_loss":0,"event_name":"Big Fish","floor":12,"gold_loss":0,"cards_obtained":["Regret"]},{"damage_healed":0,"gold_gain":0,"player_choice":"Bought 0 Potions","damage_taken":0,"max_hp_gain":0,"max_hp_loss":0,"event_name":"The Woman in Blue","floor":20,"gold_loss":0},{"damage_healed":0,"gold_gain":0,"player_choice":"Ignored","damage_taken":0,"max_hp_gain":0,"max_hp_loss":0,"event_name":"Beggar","floor":22,"gold_loss":0},{"cards_removed":["Regret"],"damage_healed":0,"gold_gain":0,"player_choice":"Elegance","damage_taken":0,"max_hp_gain":0,"max_hp_loss":0,"event_name":"Back to Basics","floor":24,"gold_loss":0},{"damage_healed":0,"gold_gain":0,"player_choice":"Shed Blood","damage_taken":20,"max_hp_gain":5,"max_hp_loss":0,"event_name":"Forgotten Altar","floor":30,"gold_loss":0},{"damage_healed":0,"gold_gain":0,"player_choice":"Paid","damage_taken":0,"relics_obtained":["Red Mask"],"max_hp_gain":0,"max_hp_loss":0,"event_name":"Tomb of Lord Red Mask","floor":41,"gold_loss":157},{"cards_removed":["True Grit"],"damage_healed":0,"gold_gain":0,"player_choice":"Removed Skill","damage_taken":0,"max_hp_gain":0,"max_hp_loss":0,"event_name":"Falling","floor":42,"gold_loss":0}],"is_beta":false,"boss_relics":[{"not_picked":["Runic Dome","Black Star"],"picked":"Fusion Hammer"},{"not_picked":["Tiny House","Velvet Choker"],"picked":"Busted Crown"}],"items_purged_floors":[2,37],"is_endless":false,"potions_floor_spawned":[1,4,11,13,18,19,25,36,39,45],"ascension_level":0}