{"gold_per_floor":[214,214,89,89,104,104,114,145,168,168,196,211,211,227,227,326,326,326,18,18,18,18,18,18,18,18,18,18,18,18,18,18,18],"floor_reached":33,"playtime":1450,"items_purged":["Strike_R","Strike_R"],"score":350,"play_id":"a37e02f4-5fca-49f8-bd6e-8dddbd1f41ef","local_time":"20190210102149","is_ascension_mode":true,"campfire_choices":[{"data":"Body Slam","floor":6,"key":"SMITH"},{"floor":10,"key":"REST"},{"floor":13,"key":"REST"},{"floor":15,"key":"REST"},{"data":"Barricade","floor":23,"key":"SMITH"},{"data":"Whirlwind","floor":25,"key":"SMITH"},{"data":"Rage","floor":32,"key":"SMITH"}],"neow_cost":"NONE","seed_source_timestamp":141275769613276,"circlet_count":0,"master_deck":["Strike_R","Strike_R+1","Defend_R","Defend_R","Defend_R","Defend_R","Bash+1","Body Slam+1","Iron Wave","Clothesline","Dark Embrace","Intimidate","Whirlwind+1","Spot Weakness","Warcry","Carnage","Barricade+1","Flame Barrier","Inflame+1","Rage+1","Iron Wave+1","Evolve"],"relics":["Burning Blood","Bag of Preparation","Whetstone","Ectoplasm","Chemical X","Champion Belt"],"potions_floor_usage":[29,29,31],"damage_taken":[{"damage":14,"enemies":"Small Slimes","floor":1,"turns":4},{"damage":0,"enemies":"2 Louse","floor":5,"turns":4},{"damage":0,"enemies":"Cultist","floor":7,"turns":3},{"damage":51,"enemies":"Lagavulin","floor":8,"turns":9},{"damage":31,"enemies":"Gremlin Nob","floor":11,"turns":5},{"damage":5,"enemies":"Red Slaver","floor":12,"turns":4},{"damage":4,"enemies":"3 Louse","floor":14,"turns":3},{"damage":35,"enemies":"Slime Boss","floor":16,"turns":11},{"damage":8,"enemies":"Chosen","floor":18,"turns":4},{"damage":6,"enemies":"Spheric Guardian","floor":21,"turns":3},{"damage":14,"enemies":"Snecko","floor":22,"turns":5},{"damage":0,"enemies":"3 Cultists","floor":28,"turns":2},{"damage":2,"enemies":"Cultist and Chosen","floor":29,"turns":5},{"damage":13,"enemies":"Chosen and Byrds","floor":30,"turns":5},{"damage":6,"enemies":"Shelled Parasite and Fungi","floor":31,"turns":4},{"damage":73,"enemies":"Automaton","floor":33,"turns":8}],"seed_played":"-1325286103898831492","potions_obtained":[{"floor":11,"key":"Block Potion"},{"floor":16,"key":"Poison Potion"},{"floor":21,"key":"SkillPotion"},{"floor":30,"key":"Strength Potion"}],"is_trial":false,"path_per_floor":["M","?","$","?","M","R","M","E","T","R","E","M","R","M","R","B",null,"M","$","?","M","M","R","$","R","T","?","M","M","M","M","R","B"],"character_chosen":"IRONCLAD","items_purchased":["Iron Wave","Chemical X"],"campfire_rested":3,"item_purchase_floors":[3,19],"current_hp_per_floor":[64,57,57,57,63,63,69,24,24,48,23,24,48,50,74,45,71,69,69,69,69,61,61,61,61,61,80,80,80,73,73,73,0],"gold":18,"neow_bonus":"HUNDRED_GOLD","is_prod":false,"is_daily":false,"chose_seed":false,"campfire_upgraded":4,"win_rate":0,"timestamp":1549761709,"path_taken":["M","?","$","?","M","R","M","E","T","R","E","?","R","M","R","BOSS","M","$","?","M","M","R","$","R","T","?","M","M","?","?","R","BOSS"],"build_version":"2019-01-23","purchased_purges":2,"victory":false,"max_hp_per_floor":[80,80,80,80,80,80,80,80,80,80,80,80,80,80,80,80,80,80,80,80,80,80,80,80,80,80,80,80,80,80,80,80,80],"card_choices":[{"not_picked":["Iron Wave","Headbutt"],"picked":"Body Slam","floor":1},{"not_picked":["Sever Soul","Perfected Strike"],"picked":"Intimidate","floor":5},{"not_picked":["Iron Wave","Perfected Strike"],"picked":"Whirlwind","floor":7},{"not_picked":["Twin Strike","Sentinel"],"picked":"Spot Weakness","floor":8},{"not_picked":["Iron Wave","Thunderclap"],"picked":"Warcry","floor":11},{"not_picked":["Berserk","Whirlwind","Blood for Blood"],"picked":"SKIP","floor":12},{"not_picked":["Twin Strike","Pommel Strike"],"picked":"Carnage","floor":14},{"not_picked":["Demon Form","Exhume"],"picked":"Barricade","floor":16},{"not_picked":["Warcry","Perfected Strike","Sword Boomerang"],"picked":"SKIP","floor":18},{"not_picked":["Pommel Strike","Dropkick+1"],"picked":"Flame Barrier","floor":21},{"not_picked":["Clothesline+1","Rupture"],"picked":"Inflame+1","floor":22},{"not_picked":["Heavy Blade","Cleave+1","Sword Boomerang"],"picked":"SKIP","floor":28},{"not_picked":["Sentinel","Iron Wave+1"],"picked":"Rage","floor":29},{"not_picked":["Immolate","Heavy Blade"],"picked":"Iron Wave+1","floor":30},{"not_picked":["Inflame","Shrug It Off"],"picked":"Evolve","floor":31}],"player_experience":851649,"relics_obtained":[{"floor":8,"key":"Bag of Preparation"},{"floor":11,"key":"Whetstone"},{"floor":26,"key":"Champion Belt"}],"event_choices":[{"cards_removed":["Strike_R"],"damage_healed":0,"gold_gain":0,"player_choice":"Card Removal","damage_taken":7,"max_hp_gain":0,"max_hp_loss":0,"event_name":"Golden Wing","floor":2,"gold_loss":0},{"damage_healed":0,"gold_gain":0,"player_choice":"2 cards matched","damage_taken":0,"max_hp_gain":0,"max_hp_loss":0,"event_name":"Match and Keep!","floor":4,"gold_loss":0,"cards_obtained":["Clothesline","Dark Embrace"]},{"damage_healed":0,"gold_gain":0,"player_choice":"Ignored","damage_taken":0,"max_hp_gain":0,"max_hp_loss":0,"event_name":"Vampires","floor":20,"gold_loss":0},{"damage_healed":19,"gold_gain":0,"player_choice":"Full Heal","damage_taken":0,"max_hp_gain":0,"max_hp_loss":0,"event_name":"Wheel of Change","floor":27,"gold_loss":0}],"is_beta":false,"boss_relics":[{"not_picked":["Black Blood","White Beast Statue"],"picked":"Ectoplasm"}],"items_purged_floors":[3,19],"is_endless":false,"potions_floor_spawned":[11,16,21,30],"killed_by":"Automaton","ascension_level":7}