{"gold_per_floor":[119,131,131,147,247,247,276,289,312,325,340,127,127,142,142,239,239,251,251,251,251,270,270,290,290,339,339,299,332,351,367,367,472,472,487,412,412,412,426,426,445,445,445,445,445,445,474,274,274,274],"floor_reached":51,"playtime":1522,"items_purged":["Defend_B","Defend_B"],"score":720,"play_id":"2c75479f-71dc-49f4-94d0-7d1dc248348a","local_time":"20181209021326","is_ascension_mode":false,"campfire_choices":[{"data":"Zap","floor":6.0,"key":"SMITH"},{"data":"Cold Snap","floor":15.0,"key":"SMITH"},{"data":"Defragment","floor":23.0,"key":"SMITH"},{"data":"Seek","floor":25.0,"key":"SMITH"},{"data":"Conserve Battery","floor":27.0,"key":"SMITH"},{"floor":32.0,"key":"REST"},{"data":"Defragment","floor":40.0,"key":"SMITH"},{"data":"Thunder Strike","floor":45,"key":"SMITH"},{"data":"Go for the Eyes","floor":49,"key":"SMITH"}],"neow_cost":"NONE","seed_source_timestamp":874343122151616,"circlet_count":0,"master_deck":["Strike_B+1","Strike_B+1","Strike_B+1","Defend_B+1","Defend_B","Zap+1","Dualcast+1","Chill","Chill+1","Cold Snap+1","Conserve Battery+1","Rainbow+1","Seek+1","Fusion+1","Defragment+1","Ball Lightning+1","Go for the Eyes+1","Thunder Strike+1","Defragment+1","Loop+1","Tempest","Conserve Battery+1"],"special_seed":0,"relics":["Cracked Core","Anchor","War Paint","PreservedInsect","Nuclear Battery","DataDisk","Whetstone","Cursed Key","CultistMask","Orichalcum"],"potions_floor_usage":[47,50,50,50,50,50,50],"damage_taken":[{"damage":1.0,"enemies":"2 Louse","floor":1.0,"turns":2.0},{"damage":1.0,"enemies":"Cultist","floor":2.0,"turns":3.0},{"damage":0.0,"enemies":"Small Slimes","floor":4.0,"turns":3.0},{"damage":10.0,"enemies":"3 Sentries","floor":7.0,"turns":9.0},{"damage":0.0,"enemies":"2 Fungi Beasts","floor":8.0,"turns":3.0},{"damage":0.0,"enemies":"Red Slaver","floor":10.0,"turns":3.0},{"damage":0.0,"enemies":"3 Louse","floor":11.0,"turns":4.0},{"damage":0.0,"enemies":"Large Slime","floor":14.0,"turns":5.0},{"damage":13.0,"enemies":"Slime Boss","floor":16.0,"turns":8.0},{"damage":6.0,"enemies":"Chosen","floor":18.0,"turns":4.0},{"damage":11.0,"enemies":"Colosseum Slavers","floor":20.0,"turns":6.0},{"damage":1.0,"enemies":"Shell Parasite","floor":22.0,"turns":7.0},{"damage":7.0,"enemies":"Centurion and Healer","floor":24.0,"turns":11.0},{"damage":17.0,"enemies":"Slavers","floor":29.0,"turns":5.0},{"damage":5.0,"enemies":"Snake Plant","floor":30.0,"turns":4.0},{"damage":5.0,"enemies":"Cultist and Chosen","floor":31.0,"turns":6.0},{"damage":47.0,"enemies":"Champ","floor":33.0,"turns":13.0},{"damage":2.0,"enemies":"3 Shapes","floor":35.0,"turns":4.0},{"damage":0.0,"enemies":"3 Darklings","floor":39.0,"turns":5.0},{"damage":2.0,"enemies":"Spire Growth","floor":41.0,"turns":5.0},{"damage":0,"enemies":"Giant Head","floor":47,"turns":6},{"damage":70,"enemies":"Awakened One","floor":50,"turns":11}],"seed_played":"4138492311800035578","potions_obtained":[{"floor":1.0,"key":"SteroidPotion"},{"floor":8.0,"key":"Block Potion"},{"floor":10.0,"key":"FocusPotion"},{"floor":14.0,"key":"Fire Potion"},{"floor":31.0,"key":"Regen Potion"},{"floor":39.0,"key":"Ancient Potion"},{"floor":47,"key":"SkillPotion"}],"is_trial":false,"path_per_floor":["M","M","$","M","?","R","E","M","T","M","M","$","?","M","R","B",null,"M","?","?","$","M","R","M","R","T","R","?","E","M","M","R","B",null,"M","$","$","?","M","R","M","?","T","?","R","?","E","$","R","B",null],"character_chosen":"DEFECT","items_purchased":["PreservedInsect","Rainbow","EntropicBrew"],"campfire_rested":1,"item_purchase_floors":[12,12,48],"current_hp_per_floor":[74,73,73,73,73,73,63,63,63,63,63,63,63,63,63,50,75,69,69,58,58,57,57,50,50,50,50,50,33,28,23,45,13,75,73,73,73,73,73,73,71,71,71,71,71,71,71,71,71,1],"gold":274,"neow_bonus":"UPGRADE_CARD","is_prod":false,"is_daily":false,"chose_seed":false,"campfire_upgraded":8,"win_rate":0,"timestamp":1544321606,"path_taken":["M","M","$","M","?","R","E","?","T","M","M","$","?","?","R","BOSS","M","?","?","$","M","R","M","R","T","R","?","E","M","M","R","BOSS","M","?","$","?","?","R","M","?","T","?","R","?","E","$","R","BOSS"],"build_version":"2018-12-06","purchased_purges":2,"victory":true,"max_hp_per_floor":[75,75,75,75,75,75,75,75,75,75,75,75,75,75,75,75,75,75,75,75,75,75,75,75,75,75,75,75,75,75,75,75,75,75,75,75,75,75,75,75,75,75,75,75,75,75,75,75,75,75],"card_choices":[{"not_picked":["Double Energy","Reinforced Body","Rebound"],"picked":"SKIP","floor":1.0},{"not_picked":["Genetic Algorithm","Gash","Leap"],"picked":"SKIP","floor":2.0},{"not_picked":["Aggregate","Rebound"],"picked":"Chill","floor":4.0},{"not_picked":["Double Energy","Hyperbeam"],"picked":"Chill","floor":7.0},{"not_picked":["Rebound","Reprogram","Beam Cell"],"picked":"SKIP","floor":8.0},{"not_picked":["Genetic Algorithm","Redo"],"picked":"Cold Snap","floor":10.0},{"not_picked":["Steam","Reinforced Body"],"picked":"Conserve Battery","floor":11.0},{"not_picked":["Gash","Sweeping Beam","Turbo"],"picked":"SKIP","floor":14.0},{"not_picked":["Core Surge","Reboot"],"picked":"Seek","floor":16.0},{"not_picked":["Stack+1","Reinforced Body"],"picked":"Fusion+1","floor":18.0},{"not_picked":["Rebound","Leap+1"],"picked":"Defragment","floor":22.0},{"not_picked":["Consume","Double Energy","Barrage+1"],"picked":"SKIP","floor":24.0},{"not_picked":["Rebound","Chill"],"picked":"Ball Lightning+1","floor":29.0},{"not_picked":["Recycle","Leap+1","Steam Power"],"picked":"SKIP","floor":30.0},{"not_picked":["Beam Cell","Barrage"],"picked":"Go for the Eyes","floor":31.0},{"not_picked":["Amplify","Rainbow"],"picked":"Thunder Strike","floor":33.0},{"not_picked":["Heatsinks+1","Steam+1"],"picked":"Defragment","floor":35.0},{"not_picked":["Beam Cell+1","Coolheaded+1"],"picked":"Loop+1","floor":39.0},{"not_picked":["Static Discharge+1","Recycle+1"],"picked":"Tempest","floor":41.0},{"not_picked":["Go for the Eyes","Redo+1"],"picked":"Conserve Battery+1","floor":47}],"player_experience":869284,"relics_obtained":[{"floor":7.0,"key":"Anchor"},{"floor":9.0,"key":"War Paint"},{"floor":26.0,"key":"DataDisk"},{"floor":29.0,"key":"Whetstone"},{"floor":47,"key":"Orichalcum"}],"event_choices":[{"damage_healed":0.0,"max_hp_gain":0.0,"max_hp_loss":0.0,"gold_gain":100.0,"event_name":"Golden Shrine","player_choice":"Pray","floor":5.0,"gold_loss":0.0,"damage_taken":0.0},{"damage_healed":0.0,"max_hp_gain":0.0,"max_hp_loss":0.0,"gold_gain":0.0,"event_name":"Upgrade Shrine","player_choice":"Upgraded","floor":13.0,"gold_loss":0.0,"damage_taken":0.0,"cards_upgraded":["Rainbow"]},{"damage_healed":0.0,"max_hp_gain":0.0,"max_hp_loss":0.0,"gold_gain":0.0,"event_name":"Vampires","player_choice":"Ignored","floor":19.0,"gold_loss":0.0,"damage_taken":0.0},{"damage_healed":0.0,"max_hp_gain":0.0,"max_hp_loss":0.0,"gold_gain":0.0,"event_name":"Colosseum","player_choice":"Fight","floor":20.0,"gold_loss":0.0,"damage_taken":0.0},{"damage_healed":0.0,"max_hp_gain":0.0,"max_hp_loss":0.0,"gold_gain":0.0,"event_name":"Colosseum","player_choice":"Fled From Nobs","floor":20.0,"gold_loss":0.0,"damage_taken":0.0},{"damage_healed":0.0,"max_hp_gain":0.0,"max_hp_loss":0.0,"gold_gain":0.0,"event_name":"Designer","player_choice":"Upgraded Two","floor":28.0,"gold_loss":40.0,"damage_taken":0.0,"cards_upgraded":["Strike_B","Strike_B"]},{"damage_healed":0.0,"max_hp_gain":0.0,"max_hp_loss":0.0,"gold_gain":0.0,"event_name":"The Woman in Blue","player_choice":"Bought 0 Potions","floor":38.0,"gold_loss":0.0,"damage_taken":0.0},{"damage_healed":0.0,"max_hp_gain":0.0,"max_hp_loss":0.0,"gold_gain":0.0,"event_name":"Mysterious Sphere","player_choice":"Ignored","floor":42.0,"gold_loss":0.0,"damage_taken":0.0},{"cards_removed":["Strike_B"],"damage_healed":0,"gold_gain":0,"player_choice":"Removed Attack","damage_taken":0,"max_hp_gain":0,"max_hp_loss":0,"event_name":"Falling","floor":44,"gold_loss":0},{"damage_healed":0,"gold_gain":0,"player_choice":"Trade","damage_taken":0,"relics_obtained":["CultistMask"],"max_hp_gain":0,"max_hp_loss":0,"event_name":"FaceTrader","floor":46,"gold_loss":0}],"is_beta":false,"boss_relics":[{"not_picked":["Fusion Hammer","Coffee Dripper"],"picked":"Nuclear Battery"},{"not_picked":["Sozu","Eternal Feather"],"picked":"Cursed Key"}],"items_purged_floors":[36,48],"is_endless":false,"potions_floor_spawned":[1,8,10,11,14,18,20,29,31,39,47],"ascension_level":0}