{"gold_per_floor":[115,115,190,209,209,209,234,251,251,270,106,121,121,141,141,246,246,246,171,171,171,102,102],"floor_reached":23,"playtime":704,"items_purged":[],"score":191,"play_id":"12aaef5a-f0f6-4882-8485-844509ac30ba","local_time":"20181212213158","is_ascension_mode":false,"campfire_choices":[{"data":"Zap","floor":6.0,"key":"SMITH"},{"data":"Rainbow","floor":13.0,"key":"SMITH"},{"data":"Go for the Eyes","floor":15.0,"key":"SMITH"}],"neow_cost":"NONE","seed_source_timestamp":1203830297685627,"circlet_count":0,"master_deck":["Strike_B","Strike_B","Defend_B","Defend_B","Defend_B","Zap+1","Dualcast+1","Glacier","Go for the Eyes+1","Conserve Battery","Capacitor","Rainbow+1","Ball Lightning","Conserve Battery","Buffer","Coolheaded+1","Auto Shields","Auto Shields","Defragment"],"special_seed":0,"relics":["Cracked Core","Torii","Ectoplasm"],"potions_floor_usage":[],"damage_taken":[{"damage":0.0,"enemies":"Jaw Worm","floor":1.0,"turns":3.0},{"damage":0.0,"enemies":"Small Slimes","floor":4.0,"turns":4.0},{"damage":17.0,"enemies":"Gremlin Nob","floor":7.0,"turns":5.0},{"damage":0.0,"enemies":"2 Louse","floor":8.0,"turns":4.0},{"damage":1.0,"enemies":"2 Fungi Beasts","floor":10.0,"turns":3.0},{"damage":5.0,"enemies":"Exordium Wildlife","floor":12.0,"turns":6.0},{"damage":0.0,"enemies":"Looter","floor":14.0,"turns":3.0},{"damage":20.0,"enemies":"Slime Boss","floor":16.0,"turns":8.0},{"damage":1.0,"enemies":"Spheric Guardian","floor":18.0,"turns":6.0},{"damage":18.0,"enemies":"2 Thieves","floor":19.0,"turns":5.0},{"damage":55,"enemies":"Gremlin Leader","floor":23,"turns":13}],"seed_played":"1172946430220082511","potions_obtained":[{"floor":4.0,"key":"PowerPotion"},{"floor":7.0,"key":"AttackPotion"},{"floor":10.0,"key":"FearPotion"},{"floor":14.0,"key":"Poison Potion"},{"floor":19.0,"key":"PowerPotion"}],"is_trial":false,"path_per_floor":["M","?","?","M","$","R","E","M","T","M","$","M","R","M","R","B",null,"M","M","?","?","$","E"],"character_chosen":"DEFECT","items_purchased":["Rainbow","Defragment"],"campfire_rested":0,"item_purchase_floors":[11,22],"current_hp_per_floor":[75,68,57,57,57,57,40,40,40,39,39,34,34,34,34,14,75,74,56,75,75,75,20],"gold":102,"neow_bonus":"UPGRADE_CARD","is_prod":false,"is_daily":false,"chose_seed":false,"campfire_upgraded":3,"win_rate":0,"timestamp":1544650318,"path_taken":["M","?","?","M","$","R","E","M","T","M","$","M","R","M","R","BOSS","M","M","?","?","$","E"],"build_version":"2018-12-06","purchased_purges":0,"victory":false,"max_hp_per_floor":[75,75,75,75,75,75,75,75,75,75,75,75,75,75,75,75,75,75,75,75,75,75,75],"card_choices":[{"not_picked":["Barrage","Coolheaded"],"picked":"Glacier","floor":1.0},{"not_picked":["Steam","Beam Cell"],"picked":"Go for the Eyes","floor":4.0},{"not_picked":["BootSequence","Redo"],"picked":"Conserve Battery","floor":7.0},{"not_picked":["Reinforced Body","Sweeping Beam"],"picked":"Capacitor","floor":8.0},{"not_picked":["Storm","Beam Cell","Go for the Eyes"],"picked":"SKIP","floor":10.0},{"not_picked":["Meteor Strike","Coolheaded"],"picked":"Ball Lightning","floor":12.0},{"not_picked":["Cold Snap","Gash"],"picked":"Conserve Battery","floor":14.0},{"not_picked":["Multi-Cast","Fission"],"picked":"Buffer","floor":16.0},{"not_picked":["Steam","Leap","Doom and Gloom"],"picked":"SKIP","floor":18.0},{"not_picked":["Tempest","Compile Driver"],"picked":"Coolheaded+1","floor":19.0}],"player_experience":874876,"relics_obtained":[{"floor":7.0,"key":"Torii"}],"event_choices":[{"cards_removed":["Defend_B"],"damage_healed":0.0,"max_hp_gain":0.0,"max_hp_loss":0.0,"gold_gain":0.0,"event_name":"Golden Wing","player_choice":"Card Removal","floor":2.0,"gold_loss":0.0,"damage_taken":7.0},{"damage_healed":0.0,"max_hp_gain":0.0,"max_hp_loss":0.0,"gold_gain":75.0,"event_name":"World of Goop","player_choice":"Gather Gold","floor":3.0,"gold_loss":0.0,"damage_taken":11.0},{"damage_healed":25,"gold_gain":0,"player_choice":"Heal","damage_taken":0,"max_hp_gain":0,"max_hp_loss":0,"event_name":"The Library","floor":20,"gold_loss":0},{"damage_healed":0,"gold_gain":0,"cards_transformed":["Strike_B","Strike_B"],"player_choice":"Became Test Subject","damage_taken":0,"max_hp_gain":0,"max_hp_loss":0,"event_name":"Drug Dealer","floor":21,"gold_loss":0,"cards_obtained":["Auto Shields","Auto Shields"]}],"is_beta":false,"boss_relics":[{"not_picked":["Eternal Feather","Astrolabe"],"picked":"Ectoplasm"}],"items_purged_floors":[],"is_endless":false,"potions_floor_spawned":[4,7,10,14,19],"killed_by":"Gremlin Leader","ascension_level":0}