{"gold_per_floor":[117,136,68,79,79,79,106,106,106,132,144,144,144,161,161,263,263,203,203,203,223,67,67,77,89,137,147,0,13,24,36,36,132,132,148,148,166,166,73,107,107,125,125,125,139,156,156,175,175,175],"floor_reached":51,"playtime":4663,"items_purged":[],"score":737,"play_id":"d58666f8-502e-4cae-bc6b-af5bf7bea725","local_time":"20180712193329","is_ascension_mode":true,"campfire_choices":[{"floor":8,"key":"REST"},{"floor":12,"key":"REST"},{"floor":15,"key":"REST"},{"floor":23,"key":"REST"},{"floor":32,"key":"REST"},{"floor":41,"key":"REST"},{"floor":44,"key":"REST"},{"floor":47,"key":"REST"},{"floor":49,"key":"REST"}],"neow_cost":"","seed_source_timestamp":87356129704871,"circlet_count":0,"master_deck":["Strike_B+1","Strike_B+1","Strike_B+1","Defend_B+1","Defend_B+1","Defend_B+1","Defend_B+1","Zap","Dualcast","Defragment","Static Discharge","Conserve Battery+1","Double Energy","Skim","Static Discharge","Thunder Strike","Loop","Storm+1","Defragment","Steam Power","Hologram","Turbo","Leap","Buffer","Loop+1","Steam+1","Defragment","Static Discharge","Steam Power","Conserve Battery+1","White Noise+1"],"relics":["Cracked Core","Letter Opener","The Courier","Ginger","Incense Burner","White Beast Statue","Regal Pillow","Art of War","Lizard Tail","Orichalcum","Toxic Egg 2"],"potions_floor_usage":[10,14,16,21,24,25,27,30,30,33,35,40,40,40,46,46,50,50,50],"damage_taken":[{"damage":1,"enemies":"2 Louse","floor":1,"turns":2},{"damage":0,"enemies":"Small Slimes","floor":2,"turns":3},{"damage":1,"enemies":"Cultist","floor":4,"turns":3},{"damage":38,"enemies":"Lagavulin","floor":7,"turns":5},{"damage":9,"enemies":"3 Sentries","floor":10,"turns":6},{"damage":6,"enemies":"2 Fungi Beasts","floor":11,"turns":3},{"damage":36,"enemies":"Gremlin Gang","floor":14,"turns":2},{"damage":30,"enemies":"Slime Boss","floor":16,"turns":7},{"damage":16,"enemies":"2 Thieves","floor":18,"turns":4},{"damage":10,"enemies":"3 Byrds","floor":21,"turns":2},{"damage":24,"enemies":"Centurion and Healer","floor":24,"turns":7},{"damage":7,"enemies":"Chosen and Byrds","floor":25,"turns":4},{"damage":7,"enemies":"Sentry and Sphere","floor":27,"turns":2},{"damage":30,"enemies":"Centurion and Healer","floor":29,"turns":3},{"damage":1,"enemies":"Snecko","floor":30,"turns":4},{"damage":2,"enemies":"3 Cultists","floor":31,"turns":4},{"damage":25,"enemies":"Collector","floor":33,"turns":8},{"damage":35,"enemies":"3 Darklings","floor":35,"turns":4},{"damage":9,"enemies":"3 Shapes","floor":37,"turns":3},{"damage":58,"enemies":"2 Orb Walkers","floor":40,"turns":4},{"damage":13,"enemies":"3 Darklings","floor":42,"turns":4},{"damage":14,"enemies":"4 Shapes","floor":45,"turns":4},{"damage":46,"enemies":"Sphere and 2 Shapes","floor":46,"turns":3},{"damage":9,"enemies":"3 Darklings","floor":48,"turns":3},{"damage":52,"enemies":"Time Eater","floor":50,"turns":10}],"seed_played":"-5540126529162451910","potions_obtained":[{"floor":7,"key":"Fire Potion"},{"floor":10,"key":"Energy Potion"},{"floor":11,"key":"Poison Potion"},{"floor":18,"key":"EssenceOfSteel"},{"floor":21,"key":"Poison Potion"},{"floor":24,"key":"Regen Potion"},{"floor":25,"key":"EssenceOfSteel"},{"floor":27,"key":"EssenceOfSteel"},{"floor":29,"key":"Weak Potion"},{"floor":30,"key":"Energy Potion"},{"floor":31,"key":"Dexterity Potion"},{"floor":33,"key":"AttackPotion"},{"floor":35,"key":"EssenceOfSteel"},{"floor":37,"key":"GamblersBrew"},{"floor":40,"key":"FearPotion"},{"floor":42,"key":"Regen Potion"},{"floor":45,"key":"EssenceOfSteel"},{"floor":46,"key":"Dexterity Potion"},{"floor":48,"key":"GamblersBrew"}],"is_trial":false,"path_per_floor":["M","M","$","M","?","?","E","R","T","E","M","R","?","M","R","B",null,"M","?","?","M","$","R","M","M","T","M","?","M","M","M","R","B",null,"M","?","M","?","$","E","R","M","T","R","M","M","R","M","R","B"],"character_chosen":"DEFECT","items_purchased":["Static Discharge","Defragment","Regal Pillow","Static Discharge","Steam Power"],"campfire_rested":9,"item_purchase_floors":[3,22,22,39,39],"current_hp_per_floor":[74,74,74,73,58,75,37,59,59,50,44,66,48,12,34,4,75,59,59,59,49,49,75,51,56,56,49,49,19,18,16,53,28,75,40,40,31,31,31,13,50,37,37,74,60,23,60,51,75,23],"gold":175,"neow_bonus":"","is_prod":false,"is_daily":false,"chose_seed":false,"campfire_upgraded":0,"win_rate":0,"timestamp":1531438409,"path_taken":["M","M","$","M","?","?","E","R","T","E","M","R","?","?","R","BOSS","M","?","?","?","$","R","M","M","T","M","?","M","M","M","R","BOSS","M","?","M","?","$","E","R","?","T","R","M","M","R","M","R","BOSS"],"build_version":"2018-07-05","purchased_purges":0,"victory":true,"max_hp_per_floor":[75,75,75,75,75,75,75,75,75,75,75,75,75,75,75,75,75,75,75,75,75,75,75,75,75,75,75,75,75,75,75,75,75,75,75,75,75,75,75,75,75,75,75,75,75,75,75,75,75,75],"card_choices":[{"not_picked":["Coolheaded","Ball Lightning"],"picked":"Defragment","floor":1},{"not_picked":["Heatsinks","Sweeping Beam","Capacitor"],"picked":"SKIP","floor":2},{"not_picked":["Steam","Turbo"],"picked":"Conserve Battery","floor":4},{"not_picked":["Beam Cell","Rainbow"],"picked":"Double Energy","floor":7},{"not_picked":["Force Field","Fusion"],"picked":"Skim","floor":10},{"not_picked":["Turbo","Cold Snap"],"picked":"Static Discharge","floor":11},{"not_picked":["Heatsinks","Gash","Stack"],"picked":"SKIP","floor":14},{"not_picked":["Meteor Strike","Creative AI"],"picked":"Thunder Strike","floor":16},{"not_picked":["Stack","Streamline"],"picked":"Loop","floor":18},{"not_picked":["Turbo","Steam Power"],"picked":"Storm+1","floor":21},{"not_picked":["Stack","Compile Driver","Rip and Tear"],"picked":"SKIP","floor":24},{"not_picked":["Capacitor","Beam Cell+1"],"picked":"Steam Power","floor":25},{"not_picked":["Steam+1","Gash"],"picked":"Hologram","floor":27},{"not_picked":["Rainbow","Steam","Barrage+1"],"picked":"SKIP","floor":29},{"not_picked":["Compile Driver+1","Steam"],"picked":"Turbo","floor":30},{"not_picked":["Steam","Conserve Battery"],"picked":"Leap","floor":31},{"not_picked":["Reboot","Machine Learning"],"picked":"Buffer","floor":33},{"not_picked":["FTL","Compile Driver+1"],"picked":"Loop+1","floor":35},{"not_picked":["Rip and Tear+1","Go for the Eyes"],"picked":"Steam+1","floor":37},{"not_picked":["Barrage","Capacitor+1","Recycle"],"picked":"SKIP","floor":40},{"not_picked":["Barrage+1","Gash","Beam Cell+1"],"picked":"SKIP","floor":42},{"not_picked":["Ball Lightning+1","Rebound"],"picked":"Conserve Battery+1","floor":45},{"not_picked":["Beam Cell+1","Storm"],"picked":"White Noise+1","floor":46},{"not_picked":["Darkness+1","Go for the Eyes","Gash+1"],"picked":"SKIP","floor":48}],"player_experience":334478,"relics_obtained":[{"floor":7,"key":"Letter Opener"},{"floor":9,"key":"The Courier"},{"floor":10,"key":"Ginger"},{"floor":26,"key":"Art of War"},{"floor":40,"key":"Orichalcum"},{"floor":43,"key":"Toxic Egg 2"}],"event_choices":[{"event_name":"Shining Light","player_choice":"Entered Light","floor":5,"damage_taken":0},{"event_name":"Wheel of Change","player_choice":"Full Heal","floor":6,"damage_taken":0},{"event_name":"Scrap Ooze","player_choice":"success","floor":13,"damage_taken":18},{"event_name":"The Woman in Blue","player_choice":"Bought 0 Potions","floor":19,"damage_taken":0},{"event_name":"Back to Basics","player_choice":"Simplicity","floor":20,"damage_taken":0},{"event_name":"Masked Bandits","player_choice":"Paid Bandits 147 gold","floor":28,"damage_taken":0},{"event_name":"Falling","player_choice":"Removed Attack","floor":36,"damage_taken":0},{"event_name":"Duplicator","player_choice":"One dupe","floor":38,"damage_taken":0}],"boss_relics":[{"not_picked":["Inserter","Fusion Hammer"],"picked":"White Beast Statue"},{"not_picked":["Pandora\u0027s Box","Calling Bell"],"picked":"Lizard Tail"}],"items_purged_floors":[],"is_endless":false,"potions_floor_spawned":[7,10,11,18,21,24,25,27,29,30,31,33,35,37,40,42,45,46,48],"ascension_level":3}