{"gold_per_floor":[118,118,118,134,59,93,93,108,132,132,147,147,147],"floor_reached":13,"playtime":351,"items_purged":["Strike_R"],"score":112,"play_id":"42891e7b-3e8c-45a4-8664-2f1f5af0e9af","local_time":"20190209003010","is_ascension_mode":true,"campfire_choices":[{"data":"Bash","floor":7,"key":"SMITH"},{"data":"Reckless Charge","floor":10,"key":"SMITH"}],"neow_cost":"NONE","seed_source_timestamp":20472848820073,"circlet_count":0,"master_deck":["Strike_R","Strike_R+1","Strike_R","Strike_R","Defend_R+1","Defend_R","Defend_R","Defend_R","Bash+1","Thunderclap","Disarm","Reckless Charge+1","Inflame"],"relics":["Burning Blood","Juzu Bracelet","PreservedInsect","Pocketwatch"],"potions_floor_usage":[11],"damage_taken":[{"damage":12,"enemies":"Small Slimes","floor":1,"turns":3},{"damage":13,"enemies":"2 Louse","floor":4,"turns":3},{"damage":38,"enemies":"Lagavulin","floor":6,"turns":5},{"damage":6,"enemies":"Cultist","floor":8,"turns":3},{"damage":10,"enemies":"Exordium Thugs","floor":11,"turns":4},{"damage":14,"enemies":"Red Slaver","floor":13,"turns":1}],"seed_played":"-3751328824285568802","potions_obtained":[{"floor":4,"key":"Fire Potion"},{"floor":8,"key":"EssenceOfSteel"}],"is_trial":false,"path_per_floor":["M","?","$","M","$","E","R","M","T","R","M","?","M"],"character_chosen":"IRONCLAD","items_purchased":[],"campfire_rested":0,"item_purchase_floors":[],"current_hp_per_floor":[66,63,63,56,56,24,24,24,24,24,20,4,0],"gold":147,"neow_bonus":"RANDOM_COMMON_RELIC","is_prod":false,"is_daily":false,"chose_seed":false,"campfire_upgraded":2,"win_rate":0,"timestamp":1549639810,"path_taken":["M","?","$","M","$","E","R","M","T","R","M","?","M"],"build_version":"2019-01-23","purchased_purges":1,"victory":false,"max_hp_per_floor":[80,80,80,80,80,80,80,80,80,80,80,80,80],"card_choices":[{"not_picked":["Twin Strike","Sword Boomerang"],"picked":"Thunderclap","floor":1},{"not_picked":["Dropkick","Shockwave"],"picked":"Disarm","floor":4},{"not_picked":["Havoc","Combust","Hemokinesis"],"picked":"SKIP","floor":6},{"not_picked":["Twin Strike","Perfected Strike"],"picked":"Reckless Charge","floor":8},{"not_picked":["Wild Strike","Twin Strike"],"picked":"Inflame","floor":11}],"player_experience":842013,"relics_obtained":[{"floor":6,"key":"Pocketwatch"}],"event_choices":[{"damage_healed":0,"gold_gain":0,"player_choice":"Success","damage_taken":3,"relics_obtained":["PreservedInsect"],"max_hp_gain":0,"max_hp_loss":0,"event_name":"Scrap Ooze","floor":2,"gold_loss":0},{"damage_healed":0,"gold_gain":0,"player_choice":"Entered Light","damage_taken":16,"max_hp_gain":0,"max_hp_loss":0,"event_name":"Shining Light","floor":12,"gold_loss":0,"cards_upgraded":["Defend_R","Strike_R"]}],"is_beta":false,"boss_relics":[],"items_purged_floors":[5],"is_endless":false,"potions_floor_spawned":[4,8],"killed_by":"Red Slaver","ascension_level":7}