{"gold_per_floor":[112,112,127,141,159,159,334,334,334,334,334,11,34,34],"floor_reached":14,"playtime":535,"items_purged":["Doubt"],"score":121,"play_id":"bd493b43-d944-4b33-8f5d-a7d0b5b8be4b","local_time":"20181102144914","is_ascension_mode":true,"campfire_choices":[{"data":"Neutralize","floor":6,"key":"SMITH"},{"data":"Dagger Throw","floor":8,"key":"SMITH"}],"neow_cost":"NONE","seed_source_timestamp":426086122268813,"circlet_count":0,"master_deck":["AscendersBane","Defend_G","Defend_G","Defend_G","Defend_G","Defend_G","Strike_G","Strike_G","Strike_G","Strike_G","Strike_G+1","Survivor+1","Neutralize+1","Acrobatics","Dagger Throw+1","Sucker Punch","Reflex","Clumsy","Decay","Underhanded Strike"],"relics":["Cursed Key","Mercury Hourglass","Bottled Flame","Matryoshka","Odd Mushroom"],"potions_floor_usage":[],"damage_taken":[{"damage":8,"enemies":"2 Louse","floor":1,"turns":3},{"damage":0,"enemies":"Small Slimes","floor":3,"turns":5},{"damage":0,"enemies":"Cultist","floor":4,"turns":4},{"damage":7,"enemies":"Large Slime","floor":5,"turns":9},{"damage":35,"enemies":"The Mushroom Lair","floor":13,"turns":4},{"damage":9,"enemies":"3 Louse","floor":14,"turns":2}],"seed_played":"-6292375668943600112","potions_obtained":[{"floor":4,"key":"Energy Potion"},{"floor":5,"key":"Energy Potion"}],"is_trial":false,"path_per_floor":["M","?","M","M","M","R","?","R","T","?","T","$","?","M"],"character_chosen":"THE_SILENT","items_purchased":["Matryoshka"],"campfire_rested":0,"item_purchase_floors":[12],"current_hp_per_floor":[55,60,60,60,53,53,53,53,53,38,38,38,3,0],"gold":34,"neow_bonus":"BOSS_RELIC","is_prod":false,"is_daily":false,"chose_seed":false,"campfire_upgraded":2,"win_rate":0,"timestamp":1541195354,"path_taken":["M","?","M","M","M","R","?","R","T","?","?","?","?","M"],"build_version":"2018-11-01","purchased_purges":1,"victory":false,"max_hp_per_floor":[70,75,75,75,75,75,75,75,75,75,75,75,75,75],"card_choices":[{"not_picked":["Underhanded Strike","Deadly Poison"],"picked":"Acrobatics","floor":1},{"not_picked":["Deflect","Backflip"],"picked":"Dagger Throw","floor":3},{"not_picked":["Cloak And Dagger","Blur"],"picked":"Sucker Punch","floor":4},{"not_picked":["Wraith Form v2","Dodge and Roll"],"picked":"Reflex","floor":5},{"not_picked":["Escape Plan","Slice"],"picked":"Underhanded Strike","floor":13}],"player_experience":92924,"relics_obtained":[{"floor":9,"key":"Mercury Hourglass"},{"floor":11,"key":"Bottled Flame"},{"floor":13,"key":"Odd Mushroom"}],"event_choices":[{"damage_healed":0,"gold_gain":0,"player_choice":"Donut","damage_taken":0,"max_hp_gain":5,"max_hp_loss":0,"event_name":"Big Fish","floor":2,"gold_loss":0},{"damage_healed":0,"gold_gain":175,"player_choice":"AGREE","damage_taken":0,"max_hp_gain":0,"max_hp_loss":0,"event_name":"Liars Game","floor":7,"gold_loss":0,"cards_obtained":["Doubt"]},{"damage_healed":0,"gold_gain":0,"player_choice":"Entered Light","damage_taken":15,"max_hp_gain":0,"max_hp_loss":0,"event_name":"Shining Light","floor":10,"gold_loss":0,"cards_upgraded":["Survivor","Strike_G"]},{"damage_healed":0,"gold_gain":0,"player_choice":"Fought Mushrooms","damage_taken":0,"max_hp_gain":0,"max_hp_loss":0,"event_name":"Mushrooms","floor":13,"gold_loss":0}],"is_beta":false,"boss_relics":[],"items_purged_floors":[12],"is_endless":false,"potions_floor_spawned":[4,5],"killed_by":"3 Louse","ascension_level":11}