{"gold_per_floor":[118,141,141,153,17,27,27,27,50,125,140,7,7,26,26,122,122,122,62,62,62,62,62,62,62,62,62,62,62,62,62,62,62,62,62,62,62,62,62,62,62,62,62,62,62,62,62],"floor_reached":48,"playtime":1868,"items_purged":[],"score":884,"play_id":"8cd2481c-bda2-47ee-bb88-ea7172264706","local_time":"20181221192403","is_ascension_mode":false,"campfire_choices":[{"data":"Dualcast","floor":8.0,"key":"SMITH"},{"data":"Defragment","floor":13.0,"key":"SMITH"},{"data":"Buffer","floor":15.0,"key":"SMITH"},{"data":"Zap","floor":24.0,"key":"SMITH"},{"floor":32.0,"key":"REST"},{"data":"Echo Form","floor":40,"key":"SMITH"},{"data":"Electrodynamics","floor":42,"key":"SMITH"},{"data":"Capacitor","floor":44,"key":"SMITH"}],"neow_cost":"NONE","seed_source_timestamp":1972657986127711,"circlet_count":0,"master_deck":["Strike_B+1","Strike_B+1","Strike_B+1","Strike_B+1","Defend_B+1","Defend_B+1","Defend_B+1","Zap+1","Dualcast+1","Glacier+1","Defragment+1","Auto Shields","Ball Lightning","Capacitor+1","Buffer+1","Electrodynamics+1","Undo","BootSequence+1","Conserve Battery+1","Go for the Eyes+1","Echo Form+1","Barrage+1","Chaos+1"],"special_seed":0,"relics":["FrozenCore","Regal Pillow","Centennial Puzzle","Ectoplasm","Shovel","Dream Catcher","Bag of Marbles","Omamori","War Paint"],"potions_floor_usage":[47,47],"damage_taken":[{"damage":0.0,"enemies":"Cultist","floor":1.0,"turns":3.0},{"damage":0.0,"enemies":"2 Louse","floor":4.0,"turns":3.0},{"damage":0.0,"enemies":"Jaw Worm","floor":6.0,"turns":3.0},{"damage":4.0,"enemies":"Exordium Thugs","floor":11.0,"turns":8.0},{"damage":0.0,"enemies":"Exordium Wildlife","floor":14.0,"turns":4.0},{"damage":5.0,"enemies":"The Guardian","floor":16.0,"turns":11.0},{"damage":5.0,"enemies":"3 Byrds","floor":18.0,"turns":2.0},{"damage":6.0,"enemies":"2 Thieves","floor":19.0,"turns":3.0},{"damage":12.0,"enemies":"Centurion and Healer","floor":21.0,"turns":6.0},{"damage":0.0,"enemies":"Book of Stabbing","floor":23.0,"turns":8.0},{"damage":13.0,"enemies":"Snake Plant","floor":25.0,"turns":3.0},{"damage":0.0,"enemies":"Gremlin Leader","floor":27.0,"turns":6.0},{"damage":0.0,"enemies":"3 Cultists","floor":28.0,"turns":6.0},{"damage":4.0,"enemies":"Sentry and Sphere","floor":29.0,"turns":6.0},{"damage":10.0,"enemies":"Book of Stabbing","floor":30.0,"turns":6.0},{"damage":0.0,"enemies":"Shelled Parasite and Fungi","floor":31.0,"turns":6.0},{"damage":25.0,"enemies":"Automaton","floor":33.0,"turns":14.0},{"damage":0,"enemies":"3 Shapes","floor":35,"turns":4},{"damage":0,"enemies":"Orb Walker","floor":36,"turns":5},{"damage":0,"enemies":"Sphere and 2 Shapes","floor":38,"turns":8},{"damage":10,"enemies":"Spire Growth","floor":39,"turns":6},{"damage":0,"enemies":"Maw","floor":45,"turns":9},{"damage":0,"enemies":"Time Eater","floor":47,"turns":13}],"seed_played":"1504820987133215420","potions_obtained":[{"floor":4.0,"key":"Energy Potion"},{"floor":14.0,"key":"Ancient Potion"},{"floor":18.0,"key":"AttackPotion"},{"floor":23.0,"key":"FocusPotion"},{"floor":45,"key":"FocusPotion"}],"is_trial":false,"path_per_floor":["M","T","?","M","$","M","$","R","T","?","M","$","R","M","R","B",null,"M","M","$","M","?","E","R","M","T","E","M","M","E","M","R","B",null,"M","M","$","M","M","R","$","R","T","R","M","?","B",null],"character_chosen":"DEFECT","items_purchased":["Defragment","Auto Shields","Ball Lightning","Capacitor"],"campfire_rested":1,"item_purchase_floors":[5,5,12,12],"current_hp_per_floor":[82,82,82,82,82,82,82,82,82,71,67,67,67,67,67,62,82,77,71,71,59,59,59,59,46,46,46,46,42,32,32,71,46,82,82,82,82,82,72,72,72,72,72,72,72,72,72],"gold":62,"neow_bonus":"TEN_PERCENT_HP_BONUS","is_prod":false,"is_daily":false,"chose_seed":false,"campfire_upgraded":7,"win_rate":0,"timestamp":1545420243,"path_taken":["M","?","?","?","?","?","$","R","T","?","M","$","R","M","R","BOSS","M","M","$","M","?","E","R","M","T","E","M","M","E","M","R","BOSS","M","M","$","M","M","R","$","R","T","R","M","?","BOSS"],"build_version":"2018-12-20","purchased_purges":0,"victory":true,"max_hp_per_floor":[82,82,82,82,82,82,82,82,82,82,82,82,82,82,82,82,82,82,82,82,82,82,82,82,82,82,82,82,82,82,82,82,82,82,82,82,82,82,82,82,82,82,82,82,82,82,82],"card_choices":[{"not_picked":["Leap","Barrage"],"picked":"Glacier","floor":1.0},{"not_picked":["Recycle","Gash","Sunder"],"picked":"SKIP","floor":4.0},{"not_picked":["Rebound","Steam","Beam Cell"],"picked":"SKIP","floor":6.0},{"not_picked":["Fusion","Coolheaded","Rip and Tear"],"picked":"SKIP","floor":11.0},{"not_picked":["Glacier","Go for the Eyes"],"picked":"Buffer","floor":14.0},{"not_picked":["All For One","Buffer"],"picked":"Electrodynamics","floor":16.0},{"not_picked":["Ball Lightning","Static Discharge"],"picked":"Undo","floor":18.0},{"not_picked":["Sweeping Beam","Hologram+1","Coolheaded"],"picked":"SKIP","floor":19.0},{"not_picked":["Force Field","Sweeping Beam","Leap"],"picked":"SKIP","floor":21.0},{"not_picked":["Ball Lightning","Blizzard"],"picked":"BootSequence+1","floor":23.0},{"not_picked":["Hologram","Leap","Streamline+1"],"picked":"SKIP","floor":25.0},{"not_picked":["Steam","Capacitor"],"picked":"Conserve Battery","floor":27.0},{"not_picked":["Seek","Steam"],"picked":"Go for the Eyes+1","floor":28.0},{"not_picked":["Compile Driver+1","Ball Lightning","Creative AI"],"picked":"SKIP","floor":29.0},{"not_picked":["Turbo","Sweeping Beam","Redo"],"picked":"SKIP","floor":30.0},{"not_picked":["Storm","Gash","White Noise"],"picked":"SKIP","floor":31.0},{"not_picked":["Seek","Rainbow"],"picked":"Echo Form","floor":33.0},{"not_picked":["Heatsinks+1","Compile Driver"],"picked":"Barrage+1","floor":35},{"not_picked":["Reprogram+1","Double Energy","Redo"],"picked":"SKIP","floor":36},{"not_picked":["Hologram+1","Leap","Amplify"],"picked":"SKIP","floor":38},{"not_picked":["Beam Cell+1","Conserve Battery","Leap+1"],"picked":"SKIP","floor":39},{"not_picked":["Stack+1","Gash"],"picked":"Chaos+1","floor":45}],"player_experience":898268,"relics_obtained":[{"floor":2.0,"key":"Regal Pillow"},{"floor":9.0,"key":"Centennial Puzzle"},{"floor":23.0,"key":"Shovel"},{"floor":26.0,"key":"Dream Catcher"},{"floor":27.0,"key":"Bag of Marbles"},{"floor":30.0,"key":"Omamori"},{"floor":43,"key":"War Paint"}],"event_choices":[{"cards_removed":["Defend_B"],"damage_healed":0.0,"max_hp_gain":0.0,"max_hp_loss":0.0,"gold_gain":0.0,"event_name":"Purifier","player_choice":"Purged","floor":3.0,"gold_loss":0.0,"damage_taken":0.0},{"damage_healed":0.0,"max_hp_gain":0.0,"max_hp_loss":0.0,"gold_gain":75.0,"event_name":"World of Goop","player_choice":"Gather Gold","floor":10.0,"gold_loss":0.0,"damage_taken":11.0},{"damage_healed":0.0,"max_hp_gain":0.0,"max_hp_loss":0.0,"gold_gain":0.0,"event_name":"Back to Basics","player_choice":"Simplicity","floor":22.0,"gold_loss":0.0,"damage_taken":0.0,"cards_upgraded":["Strike_B","Strike_B","Strike_B","Strike_B","Defend_B","Defend_B","Defend_B"]},{"damage_healed":0,"gold_gain":0,"player_choice":"Took Portal","damage_taken":0,"max_hp_gain":0,"max_hp_loss":0,"event_name":"SecretPortal","floor":46,"gold_loss":0}],"is_beta":false,"boss_relics":[{"not_picked":["Nuclear Battery","Astrolabe"],"picked":"Ectoplasm"},{"not_picked":["White Beast Statue","Orrery"],"picked":"FrozenCore"}],"items_purged_floors":[],"is_endless":false,"potions_floor_spawned":[4,14,18,21,23,25,29,31,39,45],"ascension_level":0}