{"gold_per_floor":[113,113,123,123,136,136,136,136,136,160,181,212,212,69,69,189,189,205,218,232,157,256,256,256,256,302,302,320,345,366,212,212,331,331,345,268,63,63,63,63,63,63,63,63,63,63,88,103,103,103],"floor_reached":51,"playtime":2222,"items_purged":["Strike_B"],"score":643,"play_id":"c353d601-7583-4559-a42d-2e49c291a18e","local_time":"20190124202006","is_ascension_mode":false,"campfire_choices":[{"data":"Dualcast","floor":6.0,"key":"SMITH"},{"data":"Zap","floor":13.0,"key":"SMITH"},{"data":"Echo Form","floor":15.0,"key":"SMITH"},{"data":"Echo Form","floor":23.0,"key":"SMITH"},{"data":"Ball Lightning","floor":25.0,"key":"SMITH"},{"data":"Seek","floor":27.0,"key":"SMITH"},{"floor":32.0,"key":"REST"},{"data":"Rainbow","floor":40.0,"key":"SMITH"},{"data":"Capacitor","floor":42.0,"key":"SMITH"},{"data":"Capacitor","floor":44,"key":"SMITH"},{"data":"Coolheaded","floor":46,"key":"SMITH"},{"floor":49,"key":"REST"}],"neow_cost":"NONE","seed_source_timestamp":2679165466384504,"circlet_count":0,"master_deck":["Strike_B","Strike_B","Defend_B+1","Defend_B","Defend_B","Zap+1","Dualcast+1","Conserve Battery+1","Coolheaded","Seek+1","Ball Lightning+1","Echo Form+1","Echo Form+1","Go for the Eyes+1","Echo Form+1","Capacitor+1","Rainbow+1","Capacitor+1","Coolheaded+1","Writhe","Barrage+1"],"special_seed":0,"relics":["FrozenCore","Golden Idol","WingedGreaves","Regal Pillow","DataDisk","Blood Vial","Sozu","DollysMirror","Bottled Tornado"],"potions_floor_usage":[50,50],"damage_taken":[{"damage":0.0,"enemies":"Small Slimes","floor":1.0,"turns":2.0},{"damage":1.0,"enemies":"Jaw Worm","floor":3.0,"turns":3.0},{"damage":0.0,"enemies":"2 Louse","floor":5.0,"turns":1.0},{"damage":0.0,"enemies":"Large Slime","floor":10.0,"turns":5.0},{"damage":0.0,"enemies":"Gremlin Gang","floor":11.0,"turns":4.0},{"damage":16.0,"enemies":"Gremlin Nob","floor":12.0,"turns":4.0},{"damage":10.0,"enemies":"Slime Boss","floor":16.0,"turns":6.0},{"damage":4.0,"enemies":"Spheric Guardian","floor":18.0,"turns":5.0},{"damage":11.0,"enemies":"Shell Parasite","floor":19.0,"turns":5.0},{"damage":18.0,"enemies":"Snake Plant","floor":20.0,"turns":6.0},{"damage":0.0,"enemies":"Shelled Parasite and Fungi","floor":28.0,"turns":6.0},{"damage":5.0,"enemies":"Centurion and Healer","floor":29.0,"turns":6.0},{"damage":24.0,"enemies":"3 Cultists","floor":30.0,"turns":7.0},{"damage":36.0,"enemies":"Collector","floor":33.0,"turns":10.0},{"damage":22.0,"enemies":"3 Darklings","floor":35.0,"turns":8.0},{"damage":0,"enemies":"Orb Walker","floor":47,"turns":5},{"damage":16,"enemies":"3 Darklings","floor":48,"turns":7},{"damage":60,"enemies":"Awakened One","floor":50,"turns":12}],"seed_played":"-1490903583677221342","potions_obtained":[{"floor":1.0,"key":"Block Potion"},{"floor":10.0,"key":"SpeedPotion"},{"floor":16.0,"key":"Weak Potion"},{"floor":28.0,"key":"SteroidPotion"}],"is_trial":false,"path_per_floor":["M","?","M","?","M","R","?","?","T","M","M","E","R","$","R","B",null,"M","M","M","?","?","R","?","R","T","R","M","M","M","$","R","B",null,"M","$","$","?","?","R","$","R","T","R","T","R","M","M","R","B",null],"character_chosen":"DEFECT","items_purchased":["DataDisk","Capacitor","Capacitor","DollysMirror"],"campfire_rested":2,"item_purchase_floors":[14,31,36,37],"current_hp_per_floor":[75,60,59,52,52,52,34,34,34,34,34,18,18,18,18,8,75,71,60,42,42,42,42,42,42,42,42,44,41,19,19,56,22,75,53,53,53,53,72,72,72,72,72,72,72,72,74,59,75,15],"gold":103,"neow_bonus":"TRANSFORM_CARD","is_prod":false,"is_daily":false,"chose_seed":false,"campfire_upgraded":10,"win_rate":0,"timestamp":1548361206,"path_taken":["M","?","M","?","M","R","?","?","T","M","M","E","R","$","R","BOSS","M","?","M","?","?","R","?","R","T","R","M","?","M","$","R","BOSS","M","$","$","?","?","R","$","R","T","R","?","R","M","M","R","BOSS"],"build_version":"2019-01-23","purchased_purges":1,"victory":true,"max_hp_per_floor":[75,75,75,75,75,75,75,75,75,75,75,75,75,75,75,75,75,75,75,75,75,75,75,75,75,75,75,75,75,75,75,75,75,75,75,75,75,75,75,75,75,75,75,75,75,75,75,75,75,75],"card_choices":[{"not_picked":["Scrape","Steam"],"picked":"Conserve Battery","floor":1.0},{"not_picked":["Hologram","Sweeping Beam","Redo"],"picked":"SKIP","floor":3.0},{"not_picked":["Barrage","Beam Cell"],"picked":"Coolheaded","floor":5.0},{"not_picked":["Redo","Gash"],"picked":"Ball Lightning","floor":10.0},{"not_picked":["Gash","Beam Cell"],"picked":"Echo Form","floor":11.0},{"not_picked":["Reboot","Barrage","Compile Driver"],"picked":"SKIP","floor":12.0},{"not_picked":["Core Surge","Fission"],"picked":"Echo Form","floor":16.0},{"not_picked":["Beam Cell","Fusion","Barrage"],"picked":"SKIP","floor":18.0},{"not_picked":["Melter+1","Leap+1"],"picked":"Go for the Eyes+1","floor":19.0},{"not_picked":["Sweeping Beam+1","Rip and Tear","Stack"],"picked":"SKIP","floor":20.0},{"not_picked":["Steam Power+1","Ball Lightning","Reinforced Body"],"picked":"SKIP","floor":28.0},{"not_picked":["Storm","Redo+1","Double Energy"],"picked":"SKIP","floor":29.0},{"not_picked":["Consume","Streamline","Beam Cell"],"picked":"SKIP","floor":30.0},{"not_picked":["Machine Learning","Biased Cognition"],"picked":"Rainbow","floor":33.0},{"not_picked":["Streamline","Steam Power","Go for the Eyes"],"picked":"SKIP","floor":35.0},{"not_picked":["Rebound+1","Sweeping Beam+1"],"picked":"Barrage+1","floor":47},{"not_picked":["Ball Lightning","Beam Cell","Turbo"],"picked":"SKIP","floor":48}],"player_experience":991126,"relics_obtained":[{"floor":9.0,"key":"WingedGreaves"},{"floor":12.0,"key":"Regal Pillow"},{"floor":26.0,"key":"Blood Vial"},{"floor":45,"key":"Bottled Tornado"}],"event_choices":[{"damage_healed":0.0,"max_hp_gain":0.0,"max_hp_loss":0.0,"gold_gain":0.0,"event_name":"Shining Light","player_choice":"Entered Light","floor":2.0,"gold_loss":0.0,"damage_taken":15.0,"cards_upgraded":["Defend_B","Conserve Battery"]},{"cards_removed":["Recycle"],"damage_healed":0.0,"max_hp_gain":0.0,"max_hp_loss":0.0,"gold_gain":0.0,"event_name":"Golden Wing","player_choice":"Card Removal","floor":4.0,"gold_loss":0.0,"damage_taken":7.0},{"damage_healed":0.0,"max_hp_gain":0.0,"max_hp_loss":0.0,"gold_gain":0.0,"event_name":"Golden Idol","player_choice":"Take Damage","floor":7.0,"gold_loss":0.0,"damage_taken":18.0,"relics_obtained":["Golden Idol"]},{"damage_healed":0.0,"max_hp_gain":0.0,"max_hp_loss":0.0,"gold_gain":0.0,"event_name":"Match and Keep!","player_choice":"1 cards matched","floor":8.0,"gold_loss":0.0,"damage_taken":0.0,"cards_obtained":["Seek"]},{"cards_removed":["Strike_B"],"damage_healed":0.0,"max_hp_gain":0.0,"max_hp_loss":0.0,"gold_gain":0.0,"event_name":"Beggar","player_choice":"Gave Gold","floor":21.0,"gold_loss":75.0,"damage_taken":0.0},{"damage_healed":0.0,"max_hp_gain":0.0,"max_hp_loss":0.0,"gold_gain":99.0,"event_name":"Nest","player_choice":"Stole From Cult","floor":22.0,"gold_loss":0.0,"damage_taken":0.0},{"damage_healed":0.0,"max_hp_gain":0.0,"max_hp_loss":0.0,"gold_gain":0.0,"event_name":"Duplicator","player_choice":"Copied","floor":24.0,"gold_loss":0.0,"damage_taken":0.0,"cards_obtained":["Echo Form"]},{"damage_healed":0.0,"max_hp_gain":0.0,"max_hp_loss":0.0,"gold_gain":0.0,"event_name":"SensoryStone","player_choice":"Memory 1","floor":38.0,"gold_loss":0.0,"damage_taken":0.0},{"damage_healed":19.0,"max_hp_gain":0.0,"max_hp_loss":0.0,"gold_gain":0.0,"event_name":"Winding Halls","player_choice":"Writhe","floor":39.0,"gold_loss":0.0,"damage_taken":0.0,"cards_obtained":["Writhe"]}],"is_beta":false,"boss_relics":[{"not_picked":["Fusion Hammer","Busted Crown"],"picked":"FrozenCore"},{"not_picked":["Nuclear Battery","Eternal Feather"],"picked":"Sozu"}],"items_purged_floors":[31],"is_endless":false,"potions_floor_spawned":[1,10,16,28,29,47,48],"ascension_level":0}