{"gold_per_floor":[14,24,39,139,159,159,184,184,209,159,178,178,198,111,111,208,208,220,135,135],"floor_reached":20,"playtime":725,"items_purged":["Strike_R","Strike_R"],"score":174,"play_id":"069799bb-05e0-48fc-a245-88ba168a640b","local_time":"20190210005123","is_ascension_mode":false,"campfire_choices":[{"data":"Bash","floor":6,"key":"SMITH"},{"data":"Whirlwind","floor":12,"key":"SMITH"},{"data":"Evolve","floor":15,"key":"SMITH"}],"neow_cost":"NO_GOLD","seed_source_timestamp":718502793618968,"circlet_count":0,"master_deck":["Defend_R","Defend_R","Defend_R","Bash+1","Metallicize","Shrug It Off","Iron Wave","Whirlwind+1","Iron Wave","Evolve+1","Barricade"],"relics":["Burning Blood","Smiling Mask","Empty Cage","PreservedInsect"],"potions_floor_usage":[16,16,20],"damage_taken":[{"damage":6,"enemies":"Small Slimes","floor":1,"turns":4},{"damage":1,"enemies":"Cultist","floor":2,"turns":4},{"damage":5,"enemies":"Jaw Worm","floor":3,"turns":5},{"damage":6,"enemies":"Looter","floor":5,"turns":4},{"damage":36,"enemies":"Lagavulin","floor":7,"turns":8},{"damage":13,"enemies":"Large Slime","floor":11,"turns":5},{"damage":1,"enemies":"Blue Slaver","floor":13,"turns":5},{"damage":64,"enemies":"The Guardian","floor":16,"turns":13},{"damage":5,"enemies":"Chosen","floor":18,"turns":10},{"damage":88,"enemies":"Masked Bandits","floor":20,"turns":5}],"seed_played":"1160774384184343225","potions_obtained":[{"floor":3,"key":"Energy Potion"},{"floor":5,"key":"SkillPotion"},{"floor":7,"key":"SkillPotion"},{"floor":18,"key":"Fire Potion"}],"is_trial":false,"path_per_floor":["M","M","M","?","M","R","E","?","T","$","M","R","M","$","R","B",null,"M","?","?"],"character_chosen":"IRONCLAD","items_purchased":["Evolve"],"campfire_rested":0,"item_purchase_floors":[14],"current_hp_per_floor":[80,80,80,80,80,80,50,76,76,76,69,69,74,74,74,16,80,80,80,0],"gold":135,"neow_bonus":"REMOVE_TWO","is_prod":false,"is_daily":false,"chose_seed":false,"campfire_upgraded":3,"win_rate":0,"timestamp":1549731083,"path_taken":["M","M","M","?","?","R","E","?","T","$","M","R","M","$","R","BOSS","M","?","?"],"build_version":"2019-01-23","purchased_purges":2,"victory":false,"max_hp_per_floor":[80,80,80,80,80,80,80,80,80,80,80,80,80,80,80,80,80,80,80,80],"card_choices":[{"not_picked":["Pommel Strike","Anger"],"picked":"Metallicize","floor":1},{"not_picked":["Bloodletting","Armaments"],"picked":"Shrug It Off","floor":2},{"not_picked":["Second Wind","Headbutt","Perfected Strike"],"picked":"SKIP","floor":3},{"not_picked":["Heavy Blade","Bloodletting"],"picked":"Iron Wave","floor":5},{"not_picked":["Second Wind","Rage"],"picked":"Whirlwind","floor":7},{"not_picked":["Combust","Cleave","Clothesline"],"picked":"SKIP","floor":11},{"not_picked":["Twin Strike","Rupture"],"picked":"Iron Wave","floor":13},{"not_picked":["Brutality","Berserk"],"picked":"Barricade","floor":16},{"not_picked":["Havoc","Sword Boomerang+1","Iron Wave"],"picked":"SKIP","floor":18}],"player_experience":225586,"relics_obtained":[{"floor":7,"key":"Smiling Mask"}],"event_choices":[{"damage_healed":0,"gold_gain":100,"player_choice":"Pray","damage_taken":0,"max_hp_gain":0,"max_hp_loss":0,"event_name":"Golden Shrine","floor":4,"gold_loss":0},{"damage_healed":26,"gold_gain":0,"player_choice":"Banana","damage_taken":0,"max_hp_gain":0,"max_hp_loss":0,"event_name":"Big Fish","floor":8,"gold_loss":0},{"damage_healed":0,"gold_gain":0,"player_choice":"Obtained Relic","damage_taken":0,"relics_obtained":["PreservedInsect"],"max_hp_gain":0,"max_hp_loss":0,"event_name":"Addict","floor":19,"gold_loss":85},{"damage_healed":0,"gold_gain":0,"player_choice":"Fought Bandits","damage_taken":0,"max_hp_gain":0,"max_hp_loss":0,"event_name":"Masked Bandits","floor":20,"gold_loss":0}],"is_beta":false,"boss_relics":[{"not_picked":["Ectoplasm","Coffee Dripper"],"picked":"Empty Cage"}],"items_purged_floors":[10,14],"is_endless":false,"potions_floor_spawned":[3,5,7,18],"killed_by":"Masked Bandits","ascension_level":0}