{"gold_per_floor":[113,113,127,145,70,100,100,133,133,133,145,145,176,186,186,282,282,297,307,317,317,329,329,356,183,233,259,271,300,312,335,347,458,470,496,527,539,598,610,655,667],"floor_reached":41,"playtime":2796,"items_purged":["Strike_R","Wild Strike"],"score":512,"play_id":"fa2e7da3-a564-4e7c-8a4f-fb62651ce22a","local_time":"20190128075752","is_ascension_mode":true,"campfire_choices":[{"data":"Bash","floor":7.0,"key":"SMITH"},{"data":"Demon Form","floor":12.0,"key":"SMITH"},{"data":"Shockwave","floor":15.0,"key":"SMITH"},{"data":"Metallicize","floor":23.0,"key":"SMITH"},{"data":"Offering","floor":28.0,"key":"SMITH"},{"floor":32.0,"key":"REST"}],"neow_cost":"NONE","seed_source_timestamp":48406696202619,"circlet_count":0,"master_deck":["Strike_R+1","Defend_R+1","Defend_R","Defend_R","Defend_R","Bash+1","Disarm","Metallicize+1","Shockwave+1","Demon Form+1","Battle Trance","Ghostly Armor","Heavy Blade+1","Pommel Strike","Shrug It Off","Offering+1","Feel No Pain+1","Metallicize+1","Impervious","Metallicize+1","Madness","Madness"],"special_seed":0,"relics":["Burning Blood","Calipers","Meat on the Bone","Mango","Regal Pillow","Cursed Key","Matryoshka","MawBank","Bottled Flame","Empty Cage","FossilizedHelix","Self Forming Clay"],"potions_floor_usage":[38],"damage_taken":[{"damage":0.0,"enemies":"Small Slimes","floor":1.0,"turns":5.0},{"damage":1.0,"enemies":"2 Louse","floor":3.0,"turns":2.0},{"damage":0.0,"enemies":"Cultist","floor":4.0,"turns":4.0},{"damage":27.0,"enemies":"Gremlin Nob","floor":6.0,"turns":6.0},{"damage":13.0,"enemies":"Lagavulin","floor":8.0,"turns":6.0},{"damage":5.0,"enemies":"2 Fungi Beasts","floor":11.0,"turns":6.0},{"damage":14.0,"enemies":"Gremlin Nob","floor":13.0,"turns":4.0},{"damage":1.0,"enemies":"Red Slaver","floor":14.0,"turns":7.0},{"damage":14.0,"enemies":"The Guardian","floor":16.0,"turns":7.0},{"damage":24.0,"enemies":"2 Thieves","floor":18.0,"turns":4.0},{"damage":10.0,"enemies":"Chosen","floor":19.0,"turns":5.0},{"damage":12.0,"enemies":"Snake Plant","floor":20.0,"turns":4.0},{"damage":17.0,"enemies":"Centurion and Healer","floor":22.0,"turns":5.0},{"damage":8.0,"enemies":"Book of Stabbing","floor":24.0,"turns":5.0},{"damage":15.0,"enemies":"Shelled Parasite and Fungi","floor":27.0,"turns":4.0},{"damage":14.0,"enemies":"Cultist and Chosen","floor":29.0,"turns":6.0},{"damage":3.0,"enemies":"Snake Plant","floor":31.0,"turns":6.0},{"damage":58.0,"enemies":"Automaton","floor":33.0,"turns":10.0},{"damage":12.0,"enemies":"Orb Walker","floor":35.0,"turns":5.0},{"damage":9.0,"enemies":"3 Shapes","floor":36.0,"turns":10.0},{"damage":66,"enemies":"2 Orb Walkers","floor":38,"turns":5},{"damage":22,"enemies":"Giant Head","floor":40,"turns":9},{"damage":38,"enemies":"Sphere and 2 Shapes","floor":41,"turns":3}],"seed_played":"4591244317250084667","potions_obtained":[{"floor":3.0,"key":"BloodPotion"},{"floor":4.0,"key":"Regen Potion"},{"floor":11.0,"key":"Ancient Potion"},{"floor":22.0,"key":"LiquidBronze"},{"floor":38,"key":"SmokeBomb"}],"is_trial":false,"path_per_floor":["M","?","M","M","$","E","R","E","T","?","M","R","E","M","R","B",null,"M","M","M","?","M","R","E","$","T","M","R","M","?","M","R","B",null,"M","M","?","?","?","E","M"],"character_chosen":"IRONCLAD","items_purchased":["Offering"],"campfire_rested":1,"item_purchase_floors":[25],"current_hp_per_floor":[80,64,69,75,75,54,54,47,61,61,62,62,54,59,59,63,94,76,72,66,66,64,64,62,62,62,65,65,57,57,60,94,54,94,88,85,85,51,39,35,0],"gold":667,"neow_bonus":"REMOVE_CARD","is_prod":false,"is_daily":false,"chose_seed":false,"campfire_upgraded":5,"win_rate":0,"timestamp":1548658672,"path_taken":["M","?","M","M","$","E","R","E","T","?","M","R","E","M","R","BOSS","M","?","M","?","M","R","E","$","T","?","R","M","?","M","R","BOSS","M","?","?","?","?","E","?"],"build_version":"2019-01-23","purchased_purges":2,"victory":false,"max_hp_per_floor":[80,80,80,80,80,80,80,80,94,94,94,94,94,94,94,94,94,94,94,94,94,94,94,94,94,94,94,94,94,94,94,94,94,94,94,94,94,94,94,94,94],"card_choices":[{"not_picked":["Sword Boomerang","Feel No Pain"],"picked":"Clash","floor":1.0},{"not_picked":["Clash","Cleave"],"picked":"Disarm","floor":3.0},{"not_picked":["Intimidate","Cleave"],"picked":"Metallicize","floor":4.0},{"not_picked":["Sever Soul","Body Slam"],"picked":"Shockwave","floor":6.0},{"not_picked":["Thunderclap","True Grit"],"picked":"Demon Form","floor":8.0},{"not_picked":["Cleave","Thunderclap"],"picked":"Battle Trance","floor":11.0},{"not_picked":["Wild Strike","Intimidate"],"picked":"Ghostly Armor","floor":13.0},{"not_picked":["Brutality","Sword Boomerang"],"picked":"Heavy Blade","floor":14.0},{"not_picked":["Searing Blow+1","Wild Strike","True Grit"],"picked":"SKIP","floor":18.0},{"not_picked":["Iron Wave+1","Rupture"],"picked":"Pommel Strike","floor":19.0},{"not_picked":["Body Slam","Iron Wave","Wild Strike+1"],"picked":"SKIP","floor":20.0},{"not_picked":["Combust","Thunderclap","Anger"],"picked":"SKIP","floor":22.0},{"not_picked":["Flex+1","Dual Wield"],"picked":"Shrug It Off","floor":24.0},{"not_picked":["Thunderclap","Clothesline","Wild Strike"],"picked":"SKIP","floor":27.0},{"not_picked":["Pommel Strike","Battle Trance"],"picked":"Feel No Pain+1","floor":29.0},{"not_picked":["Ghostly Armor","Fire Breathing","Juggernaut"],"picked":"SKIP","floor":31.0},{"not_picked":["Immolate","Reaper"],"picked":"Impervious","floor":33.0},{"not_picked":["Wild Strike+1","Body Slam","Feel No Pain+1"],"picked":"SKIP","floor":35.0},{"not_picked":["Second Wind","Carnage+1","Flex+1"],"picked":"SKIP","floor":36.0},{"not_picked":["Heavy Blade+1","Pummel"],"picked":"Metallicize+1","floor":38},{"not_picked":["Cleave+1","Impervious","Pummel"],"picked":"SKIP","floor":40}],"player_experience":15859,"relics_obtained":[{"floor":6.0,"key":"Calipers"},{"floor":8.0,"key":"Meat on the Bone"},{"floor":9.0,"key":"Mango"},{"floor":13.0,"key":"Regal Pillow"},{"floor":24.0,"key":"Matryoshka"},{"floor":26.0,"key":"MawBank"},{"floor":26.0,"key":"Bottled Flame"},{"floor":38,"key":"FossilizedHelix"},{"floor":40,"key":"Self Forming Clay"}],"event_choices":[{"damage_healed":0.0,"max_hp_gain":0.0,"max_hp_loss":0.0,"gold_gain":0.0,"event_name":"Shining Light","player_choice":"Entered Light","floor":2.0,"gold_loss":0.0,"damage_taken":16.0,"cards_upgraded":["Strike_R","Defend_R"]},{"damage_healed":0.0,"max_hp_gain":0.0,"max_hp_loss":0.0,"gold_gain":0.0,"cards_transformed":["Strike_R"],"event_name":"Transmorgrifier","player_choice":"Transformed","floor":10.0,"gold_loss":0.0,"damage_taken":0.0,"cards_obtained":["Wild Strike"]},{"damage_healed":0.0,"max_hp_gain":0.0,"max_hp_loss":0.0,"gold_gain":0.0,"event_name":"Upgrade Shrine","player_choice":"Upgraded","floor":21.0,"gold_loss":0.0,"damage_taken":0.0,"cards_upgraded":["Heavy Blade"]},{"damage_healed":0.0,"max_hp_gain":0.0,"max_hp_loss":0.0,"gold_gain":0.0,"event_name":"Duplicator","player_choice":"Copied","floor":30.0,"gold_loss":0.0,"damage_taken":0.0,"cards_obtained":["Metallicize"]},{"cards_removed":["Strike_R"],"damage_healed":0.0,"max_hp_gain":0.0,"max_hp_loss":0.0,"gold_gain":0.0,"event_name":"Falling","player_choice":"Removed Attack","floor":37.0,"gold_loss":0.0,"damage_taken":0.0},{"damage_healed":0,"gold_gain":0,"player_choice":"Fight","damage_taken":0,"max_hp_gain":0,"max_hp_loss":0,"event_name":"Mysterious Sphere","floor":38,"gold_loss":0},{"damage_healed":0,"gold_gain":0,"player_choice":"Embrace Madness","damage_taken":12,"max_hp_gain":0,"max_hp_loss":0,"event_name":"Winding Halls","floor":39,"gold_loss":0,"cards_obtained":["Madness","Madness"]}],"is_beta":false,"boss_relics":[{"not_picked":["White Beast Statue","Orrery"],"picked":"Cursed Key"},{"not_picked":["Black Star","Calling Bell"],"picked":"Empty Cage"}],"items_purged_floors":[5,25],"is_endless":false,"potions_floor_spawned":[3,4,11,18,20,22,31,36,38],"killed_by":"Sphere and 2 Shapes","ascension_level":1}