{"gold_per_floor":[114,129,144,94,19,19,29,29,55,67,67,85,14,28,28,129,129,148,148,168,188,201,201],"floor_reached":23,"playtime":3041,"items_purged":["Strike_G"],"score":187,"play_id":"9d379687-27d8-4b1b-9a10-39540e8787e1","local_time":"20190205103320","is_ascension_mode":false,"campfire_choices":[{"data":"Dagger Spray","floor":6.0,"key":"SMITH"},{"data":"Crippling Poison","floor":8.0,"key":"SMITH"},{"data":"Noxious Fumes","floor":11.0,"key":"SMITH"},{"floor":15.0,"key":"REST"}],"neow_cost":"NONE","seed_source_timestamp":0,"circlet_count":0,"master_deck":["Defend_G","Defend_G","Defend_G+1","Defend_G","Defend_G+1","Strike_G","Strike_G","Strike_G","Survivor","Neutralize","Dagger Spray+1","Dodge and Roll","Well Laid Plans","Crippling Poison+1","Noxious Fumes+1","Dash","Noxious Fumes","Bullet Time","Dodge and Roll","Backflip"],"special_seed":0,"relics":["Ring of the Serpent","War Paint","Smiling Mask"],"potions_floor_usage":[23],"damage_taken":[{"damage":0.0,"enemies":"Small Slimes","floor":1.0,"turns":5.0},{"damage":0.0,"enemies":"Jaw Worm","floor":2.0,"turns":3.0},{"damage":0.0,"enemies":"Cultist","floor":3.0,"turns":4.0},{"damage":6.0,"enemies":"Gremlin Gang","floor":7.0,"turns":5.0},{"damage":0.0,"enemies":"2 Fungi Beasts","floor":10.0,"turns":3.0},{"damage":8.0,"enemies":"Large Slime","floor":12.0,"turns":6.0},{"damage":9.0,"enemies":"3 Louse","floor":14.0,"turns":3.0},{"damage":2.0,"enemies":"The Guardian","floor":16.0,"turns":9.0},{"damage":4.0,"enemies":"Spheric Guardian","floor":18.0,"turns":5.0},{"damage":8.0,"enemies":"3 Byrds","floor":20.0,"turns":4.0},{"damage":8.0,"enemies":"Shelled Parasite and Fungi","floor":21.0,"turns":5.0},{"damage":4.0,"enemies":"Cultist and Chosen","floor":22.0,"turns":6.0},{"damage":56,"enemies":"Gremlin Leader","floor":23,"turns":6}],"seed_played":"-3801259971790232337","potions_obtained":[{"floor":2.0,"key":"PowerPotion"},{"floor":3.0,"key":"Dexterity Potion"},{"floor":7.0,"key":"FearPotion"},{"floor":18.0,"key":"FearPotion"},{"floor":21.0,"key":"PowerPotion"}],"is_trial":false,"path_per_floor":["M","M","M","?","$","R","M","R","T","M","R","M","$","M","R","B",null,"M","?","M","M","M","E"],"character_chosen":"THE_SILENT","items_purchased":["Noxious Fumes"],"campfire_rested":1,"item_purchase_floors":[13],"current_hp_per_floor":[70,70,70,70,70,70,64,64,64,64,64,56,56,47,68,66,70,66,66,58,50,46,0],"gold":201,"neow_bonus":"RANDOM_COMMON_RELIC","is_prod":false,"is_daily":false,"chose_seed":false,"campfire_upgraded":3,"win_rate":0,"timestamp":1549334000,"path_taken":["M","M","M","?","$","R","M","R","T","M","R","M","$","M","R","BOSS","M","?","?","M","M","E"],"build_version":"2019-01-23","purchased_purges":1,"victory":false,"max_hp_per_floor":[70,70,70,70,70,70,70,70,70,70,70,70,70,70,70,70,70,70,70,70,70,70,70],"card_choices":[{"not_picked":["PiercingWail","Well Laid Plans"],"picked":"Dagger Spray","floor":1.0},{"not_picked":["Reflex","PiercingWail"],"picked":"Dodge and Roll","floor":2.0},{"not_picked":["Dodge and Roll","Blade Dance"],"picked":"Well Laid Plans","floor":3.0},{"not_picked":["Dagger Spray","Deadly Poison"],"picked":"Crippling Poison","floor":7.0},{"not_picked":["Heel Hook","Choke"],"picked":"Noxious Fumes","floor":10.0},{"not_picked":["Dagger Throw","Dodge and Roll"],"picked":"Dash","floor":12.0},{"not_picked":["Dodge and Roll","Poisoned Stab","Deadly Poison"],"picked":"SKIP","floor":14.0},{"not_picked":["Malaise","Adrenaline"],"picked":"Bullet Time","floor":16.0},{"not_picked":["Calculated Gamble","Blade Dance","Dodge and Roll"],"picked":"SKIP","floor":18.0},{"not_picked":["Setup","Dagger Throw","Dodge and Roll"],"picked":"SKIP","floor":20.0},{"not_picked":["Choke","Expertise"],"picked":"Backflip","floor":21.0},{"not_picked":["Flying Knee+1","Bullet Time","PiercingWail"],"picked":"SKIP","floor":22.0}],"player_experience":202172,"relics_obtained":[{"floor":9.0,"key":"Smiling Mask"}],"event_choices":[{"cards_removed":["Strike_G"],"damage_healed":0.0,"max_hp_gain":0.0,"max_hp_loss":0.0,"gold_gain":0.0,"event_name":"The Cleric","player_choice":"Card Removal","floor":4.0,"gold_loss":50.0,"damage_taken":0.0},{"damage_healed":0.0,"max_hp_gain":0.0,"max_hp_loss":0.0,"gold_gain":0.0,"event_name":"Duplicator","player_choice":"Copied","floor":19.0,"gold_loss":0.0,"damage_taken":0.0,"cards_obtained":["Dodge and Roll"]}],"is_beta":false,"boss_relics":[{"not_picked":["Coffee Dripper","Black Star"],"picked":"Ring of the Serpent"}],"items_purged_floors":[5],"is_endless":false,"potions_floor_spawned":[2,3,7,18,21],"killed_by":"Gremlin Leader","ascension_level":0}