{"gold_per_floor":[109,184,184,184,198,198,208,208,208,208,238,19,19,47,47,145,145,163,163,163,163],"floor_reached":21,"playtime":707,"items_purged":[],"score":199,"play_id":"48284f81-5a32-4f81-8dfc-8ff0c55c1d70","local_time":"20181219192950","is_ascension_mode":true,"campfire_choices":[{"data":"Neutralize","floor":6,"key":"SMITH"},{"data":"Dagger Spray","floor":8,"key":"SMITH"},{"data":"Survivor","floor":10,"key":"SMITH"},{"floor":13,"key":"REST"},{"floor":15,"key":"REST"}],"neow_cost":"NONE","seed_source_timestamp":0,"circlet_count":0,"master_deck":["Defend_G","Defend_G","Defend_G","Defend_G","Defend_G","Strike_G","Strike_G","Strike_G","Strike_G","Strike_G","Survivor+1","Neutralize+1","Backflip","Dagger Spray+1","Backstab","Footwork","Mayhem","Leg Sweep","Dagger Throw","Glass Knife","Dagger Throw","Necronomicurse"],"special_seed":0,"relics":["Ring of the Snake","Mummified Hand","Centennial Puzzle","Odd Mushroom","Cursed Key","Necronomicon"],"potions_floor_usage":[11],"damage_taken":[{"damage":3,"enemies":"Jaw Worm","floor":1,"turns":5},{"damage":2,"enemies":"Small Slimes","floor":5,"turns":4},{"damage":0,"enemies":"2 Louse","floor":7,"turns":2},{"damage":54,"enemies":"Gremlin Nob","floor":11,"turns":6},{"damage":8,"enemies":"The Mushroom Lair","floor":14,"turns":4},{"damage":18,"enemies":"Slime Boss","floor":16,"turns":14},{"damage":4,"enemies":"3 Byrds","floor":18,"turns":4},{"damage":3,"enemies":"Colosseum Slavers","floor":21,"turns":4},{"damage":73,"enemies":"Colosseum Nobs","floor":21,"turns":6}],"seed_played":"-4226456391710335865","potions_obtained":[{"floor":7,"key":"Fire Potion"},{"floor":18,"key":"GamblersBrew"}],"is_trial":false,"path_per_floor":["M","?","?","?","M","R","M","R","T","R","E","$","R","?","R","B",null,"M","?","?","?"],"character_chosen":"THE_SILENT","items_purchased":["Mayhem","Leg Sweep"],"campfire_rested":2,"item_purchase_floors":[12,12],"current_hp_per_floor":[74,63,63,68,66,66,66,66,66,66,12,12,36,28,52,34,82,78,78,62,0],"gold":163,"neow_bonus":"TEN_PERCENT_HP_BONUS","is_prod":false,"is_daily":false,"chose_seed":false,"campfire_upgraded":3,"win_rate":0,"timestamp":1545218990,"path_taken":["M","?","?","?","M","R","M","R","T","R","E","$","R","?","R","BOSS","M","?","?","?"],"build_version":"2018-12-13","purchased_purges":0,"victory":false,"max_hp_per_floor":[77,77,77,82,82,82,82,82,82,82,82,82,82,82,82,82,82,82,82,82,82],"card_choices":[{"not_picked":["Expertise","Bane"],"picked":"Backflip","floor":1},{"not_picked":["Flying Knee","Quick Slash"],"picked":"Dagger Spray","floor":5},{"not_picked":["Poisoned Stab","Bane"],"picked":"Backstab","floor":7},{"not_picked":["Masterful Stab","Deflect"],"picked":"Footwork","floor":11},{"not_picked":["Bane","Blade Dance"],"picked":"Dagger Throw","floor":14},{"not_picked":["Bullet Time","Night Terror"],"picked":"Glass Knife","floor":16},{"not_picked":["Deadly Poison+1","Deflect"],"picked":"Dagger Throw","floor":18}],"player_experience":60801,"relics_obtained":[{"floor":9,"key":"Mummified Hand"},{"floor":11,"key":"Centennial Puzzle"},{"floor":14,"key":"Odd Mushroom"},{"floor":20,"key":"Necronomicon"}],"event_choices":[{"damage_healed":0,"gold_gain":75,"player_choice":"Gather Gold","damage_taken":11,"max_hp_gain":0,"max_hp_loss":0,"event_name":"World of Goop","floor":2,"gold_loss":0},{"damage_healed":0,"gold_gain":0,"player_choice":"Ignored","damage_taken":0,"max_hp_gain":0,"max_hp_loss":0,"event_name":"Liars Game","floor":3,"gold_loss":0},{"damage_healed":0,"gold_gain":0,"player_choice":"Donut","damage_taken":0,"max_hp_gain":5,"max_hp_loss":0,"event_name":"Big Fish","floor":4,"gold_loss":0},{"damage_healed":0,"gold_gain":0,"player_choice":"Fought Mushrooms","damage_taken":0,"max_hp_gain":0,"max_hp_loss":0,"event_name":"Mushrooms","floor":14,"gold_loss":0},{"damage_healed":0,"gold_gain":0,"player_choice":"Ignored","damage_taken":0,"max_hp_gain":0,"max_hp_loss":0,"event_name":"Vampires","floor":19,"gold_loss":0},{"damage_healed":0,"gold_gain":0,"player_choice":"Obtained Book","damage_taken":16,"max_hp_gain":0,"max_hp_loss":0,"event_name":"Cursed Tome","floor":20,"gold_loss":0},{"damage_healed":0,"gold_gain":0,"player_choice":"Fight","damage_taken":0,"max_hp_gain":0,"max_hp_loss":0,"event_name":"Colosseum","floor":21,"gold_loss":0},{"damage_healed":0,"gold_gain":0,"player_choice":"Fought Nobs","damage_taken":0,"max_hp_gain":0,"max_hp_loss":0,"event_name":"Colosseum","floor":21,"gold_loss":0}],"is_beta":false,"boss_relics":[{"not_picked":["Runic Pyramid","Snecko Eye"],"picked":"Cursed Key"}],"items_purged_floors":[],"is_endless":false,"potions_floor_spawned":[7,18,21],"killed_by":"Colosseum Nobs","ascension_level":3}