{"gold_per_floor":[112,129,54,204,219,246,246,258,339,339,24,24,124,134,134,208,208,222,222,122,138,138,138,151,151,151,151],"floor_reached":27,"playtime":1069,"items_purged":["Strike_B","Defend_B"],"score":390,"play_id":"4cd3a8dd-0a45-4b08-b3c3-8650b954c87e","local_time":"20190203222748","is_ascension_mode":true,"campfire_choices":[{"floor":7,"key":"REST"},{"floor":10,"key":"REST"},{"data":"Zap","floor":12,"key":"SMITH"},{"data":"Go for the Eyes","floor":15,"key":"SMITH"},{"floor":23,"key":"REST"},{"data":"Hologram","floor":25,"key":"SMITH"}],"neow_cost":"NONE","seed_source_timestamp":865164335573300,"circlet_count":0,"master_deck":["AscendersBane","Strike_B","Strike_B","Defend_B","Defend_B","Defend_B","Zap+1","Dualcast","Go for the Eyes+1","Gash","Doubt","All For One","Cold Snap","FTL","Conserve Battery","Buffer","Glacier","Hologram+1"],"relics":["Cracked Core","Juzu Bracelet","Ice Cream","Pantograph","Lantern","Runic Pyramid","Bottled Flame"],"potions_floor_usage":[6,6],"damage_taken":[{"damage":4,"enemies":"Jaw Worm","floor":1,"turns":4},{"damage":0,"enemies":"2 Louse","floor":2,"turns":3},{"damage":4,"enemies":"Small Slimes","floor":5,"turns":3},{"damage":32,"enemies":"3 Sentries","floor":6,"turns":7},{"damage":16,"enemies":"Exordium Thugs","floor":8,"turns":4},{"damage":0,"enemies":"Large Slime","floor":14,"turns":4},{"damage":47,"enemies":"Slime Boss","floor":16,"turns":11},{"damage":15,"enemies":"Shell Parasite","floor":18,"turns":5},{"damage":11,"enemies":"Spheric Guardian","floor":21,"turns":4},{"damage":9,"enemies":"Centurion and Healer","floor":24,"turns":10},{"damage":28,"enemies":"3 Cultists","floor":27,"turns":4}],"seed_played":"769712904910715138","potions_obtained":[{"floor":2,"key":"GamblersBrew"},{"floor":5,"key":"GamblersBrew"},{"floor":18,"key":"Ancient Potion"}],"is_trial":false,"path_per_floor":["M","M","?","?","M","E","R","M","T","R","$","R","?","M","R","B",null,"M","?","$","M","?","R","M","R","T","M"],"character_chosen":"DEFECT","items_purchased":["FTL","Lantern"],"campfire_rested":3,"item_purchase_floors":[11,11],"current_hp_per_floor":[60,60,60,60,56,24,45,29,29,50,50,50,50,50,50,24,59,44,44,44,33,13,35,26,26,26,0],"gold":151,"neow_bonus":"RANDOM_COMMON_RELIC","is_prod":false,"is_daily":false,"chose_seed":false,"campfire_upgraded":3,"win_rate":0,"timestamp":1549261668,"path_taken":["M","M","?","?","M","E","R","M","T","R","$","R","?","M","R","BOSS","M","?","$","M","?","R","M","R","T","M"],"build_version":"2019-01-23","purchased_purges":2,"victory":false,"max_hp_per_floor":[71,71,71,71,71,71,71,71,71,71,71,71,71,71,71,71,71,71,71,71,71,76,76,76,76,76,76],"card_choices":[{"not_picked":["Turbo","Beam Cell"],"picked":"Go for the Eyes","floor":1},{"not_picked":["Loop","Cold Snap"],"picked":"Gash","floor":2},{"not_picked":["Sweeping Beam","Hello World","Go for the Eyes"],"picked":"SKIP","floor":5},{"not_picked":["Coolheaded","Streamline"],"picked":"All For One","floor":6},{"not_picked":["Sweeping Beam","Stack"],"picked":"Cold Snap","floor":8},{"not_picked":["Redo","Static Discharge"],"picked":"Conserve Battery","floor":14},{"not_picked":["Thunder Strike","Hyperbeam"],"picked":"Buffer","floor":16},{"not_picked":["Storm","Hello World"],"picked":"Glacier","floor":18},{"not_picked":["Streamline","Turbo","Reprogram"],"picked":"SKIP","floor":21},{"not_picked":["Reinforced Body+1","Conserve Battery"],"picked":"Hologram","floor":24}],"player_experience":1233382,"relics_obtained":[{"floor":6,"key":"Ice Cream"},{"floor":9,"key":"Pantograph"},{"floor":26,"key":"Bottled Flame"}],"event_choices":[{"cards_removed":["Strike_B"],"damage_healed":0,"gold_gain":0,"player_choice":"Card Removal","damage_taken":0,"max_hp_gain":0,"max_hp_loss":0,"event_name":"The Cleric","floor":3,"gold_loss":75},{"damage_healed":0,"gold_gain":150,"player_choice":"AGREE","damage_taken":0,"max_hp_gain":0,"max_hp_loss":0,"event_name":"Liars Game","floor":4,"gold_loss":0,"cards_obtained":["Doubt"]},{"damage_healed":0,"gold_gain":100,"player_choice":"Gold","damage_taken":0,"max_hp_gain":0,"max_hp_loss":0,"event_name":"Wheel of Change","floor":13,"gold_loss":0},{"damage_healed":0,"gold_gain":0,"player_choice":"Ignored","damage_taken":0,"max_hp_gain":0,"max_hp_loss":0,"event_name":"N\u0027loth","floor":19,"gold_loss":0},{"damage_healed":0,"gold_gain":0,"player_choice":"Shed Blood","damage_taken":25,"max_hp_gain":5,"max_hp_loss":0,"event_name":"Forgotten Altar","floor":22,"gold_loss":0}],"is_beta":false,"boss_relics":[{"not_picked":["Orrery","Cursed Key"],"picked":"Runic Pyramid"}],"items_purged_floors":[11,20],"is_endless":false,"potions_floor_spawned":[2,5,18],"killed_by":"3 Cultists","ascension_level":17}