{"gold_per_floor":[118,118,136,286,304,304,339,339,339,235,235,310,310],"floor_reached":13,"playtime":395,"items_purged":["Strike_B"],"score":146,"play_id":"4a18778e-f338-4269-b896-e12f4d980ad8","local_time":"20181222214229","is_ascension_mode":true,"campfire_choices":[{"data":"Zap","floor":6,"key":"SMITH"},{"data":"Rip and Tear","floor":8,"key":"SMITH"},{"data":"Go for the Eyes","floor":11,"key":"SMITH"}],"neow_cost":"NONE","seed_source_timestamp":221979550351800,"circlet_count":0,"master_deck":["AscendersBane","Strike_B","Strike_B","Defend_B","Defend_B","Defend_B","Defend_B","Zap+1","Dualcast","Rip and Tear+1","Self Repair","Doubt","Genetic Algorithm","Steam","Go for the Eyes+1"],"relics":["Cracked Core","Pantograph","Juzu Bracelet"],"potions_floor_usage":[7,13,13],"damage_taken":[{"damage":1,"enemies":"2 Louse","floor":1,"turns":2},{"damage":16,"enemies":"Small Slimes","floor":3,"turns":3},{"damage":9,"enemies":"Jaw Worm","floor":5,"turns":4},{"damage":15,"enemies":"Lagavulin","floor":7,"turns":7},{"damage":26,"enemies":"3 Sentries","floor":13,"turns":4}],"seed_played":"-6803115344983260033","potions_obtained":[{"floor":1,"key":"Fire Potion"},{"floor":5,"key":"Poison Potion"},{"floor":7,"key":"Swift Potion"}],"is_trial":false,"path_per_floor":["M","?","M","?","M","R","E","R","T","$","R","?","E"],"character_chosen":"DEFECT","items_purchased":["Go for the Eyes"],"campfire_rested":0,"item_purchase_floors":[10],"current_hp_per_floor":[70,63,47,47,45,45,37,37,37,37,37,26,0],"gold":310,"neow_bonus":"TEN_PERCENT_HP_BONUS","is_prod":false,"is_daily":false,"chose_seed":false,"campfire_upgraded":3,"win_rate":0,"timestamp":1545543749,"path_taken":["M","?","M","?","M","R","E","R","T","?","R","?","E"],"build_version":"2018-12-20","purchased_purges":1,"victory":false,"max_hp_per_floor":[78,78,78,78,78,78,78,78,78,78,78,78,78],"card_choices":[{"not_picked":["Melter","Beam Cell"],"picked":"Rip and Tear","floor":1},{"not_picked":["Redo","Sunder"],"picked":"Self Repair","floor":3},{"not_picked":["Sweeping Beam","Streamline"],"picked":"Genetic Algorithm","floor":5},{"not_picked":["Chaos","Reboot"],"picked":"Steam","floor":7}],"player_experience":1026525,"relics_obtained":[{"floor":7,"key":"Pantograph"},{"floor":9,"key":"Juzu Bracelet"}],"event_choices":[{"cards_removed":["Strike_B"],"damage_healed":0,"gold_gain":0,"player_choice":"Card Removal","damage_taken":7,"max_hp_gain":0,"max_hp_loss":0,"event_name":"Golden Wing","floor":2,"gold_loss":0},{"damage_healed":0,"gold_gain":150,"player_choice":"AGREE","damage_taken":0,"max_hp_gain":0,"max_hp_loss":0,"event_name":"Liars Game","floor":4,"gold_loss":0,"cards_obtained":["Doubt"]},{"damage_healed":0,"gold_gain":75,"player_choice":"Gather Gold","damage_taken":11,"max_hp_gain":0,"max_hp_loss":0,"event_name":"World of Goop","floor":12,"gold_loss":0}],"is_beta":false,"boss_relics":[],"items_purged_floors":[10],"is_endless":false,"potions_floor_spawned":[1,5,7],"killed_by":"3 Sentries","ascension_level":16}