{"gold_per_floor":[212,231,24,24,74,107,157,157,206,281,310,360,360],"floor_reached":13,"playtime":748,"items_purged":[],"score":178,"play_id":"1400569d-3d4c-4130-a4fc-ff294d0de47f","local_time":"20181223223744","is_ascension_mode":true,"campfire_choices":[{"data":"Storm of Steel","floor":8,"key":"SMITH"}],"neow_cost":"NONE","seed_source_timestamp":563056610747167,"circlet_count":0,"master_deck":["AscendersBane","Defend_G+1","Defend_G+1","Defend_G","Defend_G","Defend_G","Strike_G","Strike_G","Strike_G","Strike_G","Strike_G","Survivor","Neutralize","Predator","Poisoned Stab","Well Laid Plans","Storm of Steel+1","Dagger Spray","Dagger Spray"],"relics":["Ring of the Snake","Vajra","SsserpentHead","Anchor","War Paint","Odd Mushroom","Omamori"],"potions_floor_usage":[10,13],"damage_taken":[{"damage":15,"enemies":"Small Slimes","floor":1,"turns":6},{"damage":1,"enemies":"Cultist","floor":2,"turns":4},{"damage":22,"enemies":"3 Sentries","floor":6,"turns":10},{"damage":9,"enemies":"The Mushroom Lair","floor":10,"turns":4},{"damage":31,"enemies":"Lagavulin","floor":11,"turns":6},{"damage":10,"enemies":"3 Sentries","floor":13,"turns":2}],"seed_played":"5391927237259191009","potions_obtained":[{"floor":6,"key":"Poison Potion"},{"floor":10,"key":"FairyPotion"},{"floor":11,"key":"Energy Potion"}],"is_trial":false,"path_per_floor":["M","M","$","?","$","E","?","R","T","?","E","?","E"],"character_chosen":"THE_SILENT","items_purchased":["Vajra","Well Laid Plans"],"campfire_rested":0,"item_purchase_floors":[3,3],"current_hp_per_floor":[44,43,43,43,43,21,21,21,21,12,6,6,0],"gold":360,"neow_bonus":"HUNDRED_GOLD","is_prod":false,"is_daily":false,"chose_seed":false,"campfire_upgraded":1,"win_rate":0,"timestamp":1545633464,"path_taken":["M","M","$","?","?","E","?","R","T","?","E","?","E"],"build_version":"2018-12-20","purchased_purges":0,"victory":false,"max_hp_per_floor":[66,66,66,66,66,66,66,66,66,66,66,66,66],"card_choices":[{"not_picked":["Deadly Poison","Catalyst"],"picked":"Predator","floor":1},{"not_picked":["Choke","Infinite Blades"],"picked":"Poisoned Stab","floor":2},{"not_picked":["Heel Hook","Escape Plan"],"picked":"Storm of Steel","floor":6},{"not_picked":["Finisher","Outmaneuver"],"picked":"Dagger Spray","floor":10},{"not_picked":["Outmaneuver","Underhanded Strike"],"picked":"Dagger Spray","floor":11}],"player_experience":210091,"relics_obtained":[{"floor":6,"key":"Anchor"},{"floor":9,"key":"War Paint"},{"floor":10,"key":"Odd Mushroom"},{"floor":11,"key":"Omamori"}],"event_choices":[{"damage_healed":0,"gold_gain":0,"player_choice":"Trade","damage_taken":0,"relics_obtained":["SsserpentHead"],"max_hp_gain":0,"max_hp_loss":0,"event_name":"FaceTrader","floor":4,"gold_loss":0},{"damage_healed":0,"gold_gain":0,"player_choice":"Ignored","damage_taken":0,"max_hp_gain":0,"max_hp_loss":0,"event_name":"Shining Light","floor":7,"gold_loss":0},{"damage_healed":0,"gold_gain":0,"player_choice":"Fought Mushrooms","damage_taken":0,"max_hp_gain":0,"max_hp_loss":0,"event_name":"Mushrooms","floor":10,"gold_loss":0},{"damage_healed":0,"gold_gain":0,"player_choice":"Ignored","damage_taken":0,"max_hp_gain":0,"max_hp_loss":0,"event_name":"Liars Game","floor":12,"gold_loss":0}],"is_beta":false,"boss_relics":[],"items_purged_floors":[],"is_endless":false,"potions_floor_spawned":[6,10,11],"killed_by":"3 Sentries","ascension_level":20}