{"gold_per_floor":[111,129,129,144,156,156,190,68,68,95,95,115,65,93,93,195,195,214,52,62,12,12,12],"floor_reached":23,"playtime":2676,"items_purged":["Strike_R","Strike_R","Strike_R","Defend_R"],"score":363,"play_id":"1172488c-5b7c-44a5-b21c-1c4aca883050","local_time":"20190130142334","is_ascension_mode":true,"campfire_choices":[{"data":"Hemokinesis","floor":6,"key":"SMITH"},{"data":"Shockwave","floor":11,"key":"SMITH"},{"floor":15,"key":"REST"}],"neow_cost":"NONE","seed_source_timestamp":225678703175200,"circlet_count":0,"master_deck":["Defend_R","Defend_R","Bash","Finesse","Hemokinesis+1","Shockwave+1","Disarm","Twin Strike","Limit Break","Shrug It Off","Disarm","Battle Trance","Offering","Corruption","Dropkick","Feed"],"relics":["Burning Blood","Ancient Tea Set","Smiling Mask","Mummified Hand","Art of War","Empty Cage"],"potions_floor_usage":[7,7,10,12,20,23,23],"damage_taken":[{"damage":5,"enemies":"Cultist","floor":1,"turns":4},{"damage":10,"enemies":"Small Slimes","floor":2,"turns":3},{"damage":8,"enemies":"Jaw Worm","floor":4,"turns":3},{"damage":7,"enemies":"2 Fungi Beasts","floor":5,"turns":5},{"damage":15,"enemies":"Gremlin Nob","floor":7,"turns":3},{"damage":43,"enemies":"3 Sentries","floor":10,"turns":10},{"damage":7,"enemies":"Exordium Thugs","floor":12,"turns":5},{"damage":24,"enemies":"Gremlin Nob","floor":14,"turns":4},{"damage":14,"enemies":"The Guardian","floor":16,"turns":13},{"damage":8,"enemies":"3 Byrds","floor":18,"turns":7},{"damage":14,"enemies":"Shell Parasite","floor":20,"turns":4},{"damage":79,"enemies":"Gremlin Leader","floor":23,"turns":11}],"seed_played":"5248022168281333387","potions_obtained":[{"floor":2,"key":"Fire Potion"},{"floor":5,"key":"BloodPotion"},{"floor":7,"key":"Weak Potion"},{"floor":10,"key":"SkillPotion"},{"floor":14,"key":"EssenceOfSteel"},{"floor":18,"key":"Regen Potion"},{"floor":20,"key":"EssenceOfSteel"}],"is_trial":false,"path_per_floor":["M","M","?","M","M","R","E","$","T","E","R","M","$","E","R","B",null,"M","$","M","$","?","E"],"character_chosen":"IRONCLAD","items_purchased":["Shrug It Off","Corruption","Dropkick"],"campfire_rested":1,"item_purchase_floors":[8,19,19],"current_hp_per_floor":[73,69,69,67,66,66,65,65,65,28,28,27,27,9,33,25,66,64,64,68,68,68,0],"gold":12,"neow_bonus":"RANDOM_COLORLESS","is_prod":false,"is_daily":false,"chose_seed":false,"campfire_upgraded":2,"win_rate":0,"timestamp":1548854614,"path_taken":["M","?","?","M","M","R","E","?","T","E","R","M","$","E","R","BOSS","M","$","M","$","?","E"],"build_version":"2019-01-23","purchased_purges":4,"victory":false,"max_hp_per_floor":[80,80,80,80,80,80,80,80,80,80,80,80,80,80,80,80,80,80,80,80,80,80,80],"card_choices":[{"not_picked":["True Grit","Entrench"],"picked":"Hemokinesis","floor":1},{"not_picked":["Warcry","Flex"],"picked":"Shockwave","floor":2},{"not_picked":["Thunderclap","Evolve"],"picked":"Disarm","floor":4},{"not_picked":["Clothesline","Evolve"],"picked":"Twin Strike","floor":5},{"not_picked":["Flex","Ghostly Armor"],"picked":"Limit Break","floor":7},{"not_picked":["Headbutt","Feel No Pain"],"picked":"Disarm","floor":10},{"not_picked":["Flex","Perfected Strike","Twin Strike"],"picked":"SKIP","floor":12},{"not_picked":["Seeing Red","Evolve"],"picked":"Battle Trance","floor":14},{"not_picked":["Dark Embrace","Brutality"],"picked":"Offering","floor":16},{"not_picked":["Perfected Strike","Clash","Blood for Blood+1"],"picked":"SKIP","floor":18},{"not_picked":["Twin Strike","Sword Boomerang","Perfected Strike"],"picked":"SKIP","floor":20}],"player_experience":198214,"relics_obtained":[{"floor":7,"key":"Ancient Tea Set"},{"floor":9,"key":"Smiling Mask"},{"floor":10,"key":"Mummified Hand"},{"floor":14,"key":"Art of War"}],"event_choices":[{"damage_healed":0,"gold_gain":0,"player_choice":"Ignored","damage_taken":0,"max_hp_gain":0,"max_hp_loss":0,"event_name":"Liars Game","floor":3,"gold_loss":0},{"damage_healed":0,"gold_gain":0,"cards_transformed":["Defend_R"],"player_choice":"Transformed","damage_taken":0,"max_hp_gain":0,"max_hp_loss":0,"event_name":"Transmorgrifier","floor":22,"gold_loss":0,"cards_obtained":["Feed"]}],"is_beta":false,"boss_relics":[{"not_picked":["Busted Crown","Coffee Dripper"],"picked":"Empty Cage"}],"items_purged_floors":[8,13,19,21],"is_endless":false,"potions_floor_spawned":[2,5,7,10,14,18,20],"killed_by":"Gremlin Leader","ascension_level":8}