{"gold_per_floor":[111,130,29,42,42,75,75,94,118,134,151,151,226,246,246,317,317,335,335,385,373,53,53,66,66,66,100,122,134,157,179,191,277,289,320,61,61,61,76,76,104,116,116,135,167,167,127,138,138,138],"floor_reached":51,"playtime":4255,"items_purged":["Strike_G"],"score":1286,"play_id":"b877451a-389d-4209-ae43-5bcd26e4c9da","local_time":"20181105221130","is_ascension_mode":true,"campfire_choices":[{"data":"Noxious Fumes","floor":7.0,"key":"SMITH"},{"floor":12,"key":"REST"},{"data":"Skewer","floor":15,"key":"SMITH"},{"data":"Apotheosis","floor":23,"key":"SMITH"},{"floor":25,"key":"REST"},{"floor":32,"key":"REST"},{"floor":40,"key":"REST"},{"floor":46,"key":"REST"},{"floor":49,"key":"REST"}],"neow_cost":"NONE","seed_source_timestamp":0,"circlet_count":0,"master_deck":["AscendersBane","Defend_G","Defend_G","Defend_G","Defend_G","Defend_G","Strike_G","Strike_G","Strike_G","Survivor","Neutralize","Endless Agony","Backstab","Noxious Fumes+1","Poisoned Stab","Sucker Punch","Well Laid Plans","Escape Plan","Skewer+1","Leg Sweep","Night Terror","Escape Plan","Footwork+1","Apotheosis+1","Noxious Fumes","Calculated Gamble","Bullet Time","Deflect","Necronomicurse","Choke","Grand Finale","Leg Sweep","Blind","Deflect","Catalyst","Backflip","Concentrate","Deflect"],"special_seed":0,"relics":["Ring of the Snake","Blood Vial","Bronze Scales","Runic Pyramid","Pear","MawBank","Necronomicon","Velvet Choker","Lee\u0027s Waffle","Boot","Happy Flower","Girya"],"potions_floor_usage":[11,24,30,39,41,42,48,50,50,50],"damage_taken":[{"damage":5.0,"enemies":"2 Louse","floor":1.0,"turns":5.0},{"damage":12.0,"enemies":"Small Slimes","floor":2.0,"turns":5.0},{"damage":2.0,"enemies":"Jaw Worm","floor":4.0,"turns":3.0},{"damage":22.0,"enemies":"Gremlin Nob","floor":6.0,"turns":4.0},{"damage":12.0,"enemies":"Exordium Wildlife","floor":8.0,"turns":5.0},{"damage":8.0,"enemies":"Looter","floor":10.0,"turns":2.0},{"damage":0,"enemies":"Gremlin Gang","floor":11,"turns":3},{"damage":7,"enemies":"Exordium Thugs","floor":14,"turns":3},{"damage":21,"enemies":"Hexaghost","floor":16,"turns":10},{"damage":0,"enemies":"3 Byrds","floor":18,"turns":2},{"damage":23,"enemies":"2 Thieves","floor":21,"turns":4},{"damage":2,"enemies":"Centurion and Healer","floor":24,"turns":6},{"damage":27,"enemies":"Gremlin Leader","floor":27,"turns":8},{"damage":10,"enemies":"Snecko","floor":28,"turns":4},{"damage":2,"enemies":"3 Cultists","floor":30,"turns":7},{"damage":2,"enemies":"Chosen and Byrds","floor":31,"turns":6},{"damage":17,"enemies":"Automaton","floor":33,"turns":11},{"damage":9,"enemies":"3 Shapes","floor":35,"turns":7},{"damage":37,"enemies":"3 Darklings","floor":39,"turns":10},{"damage":22,"enemies":"Reptomancer","floor":41,"turns":9},{"damage":39,"enemies":"Transient","floor":42,"turns":5},{"damage":0,"enemies":"4 Shapes","floor":44,"turns":10},{"damage":15,"enemies":"Giant Head","floor":45,"turns":7},{"damage":22,"enemies":"Jaw Worm Horde","floor":48,"turns":4},{"damage":54,"enemies":"Awakened One","floor":50,"turns":17}],"seed_played":"-2595368757530269930","potions_obtained":[{"floor":1.0,"key":"AttackPotion"},{"floor":8.0,"key":"Explosive Potion"},{"floor":11,"key":"GamblersBrew"},{"floor":16,"key":"Energy Potion"},{"floor":27,"key":"Regen Potion"},{"floor":28,"key":"GhostInAJar"},{"floor":30,"key":"SneckoOil"},{"floor":33,"key":"SkillPotion"},{"floor":39,"key":"Ancient Potion"},{"floor":41,"key":"SteroidPotion"},{"floor":42,"key":"Fire Potion"},{"floor":47,"key":"EntropicBrew"}],"is_trial":false,"path_per_floor":["M","M","$","M","?","E","R","M","T","M","M","R","?","M","R","B",null,"M","?","?","M","$","R","M","R","T","E","M","?","M","M","R","B",null,"M","$","?","?","M","R","E","M","T","M","E","R","?","M","R","B",null],"character_chosen":"THE_SILENT","items_purchased":["Noxious Fumes","Poisoned Stab","Apotheosis","Noxious Fumes","Lee\u0027s Waffle","Leg Sweep"],"campfire_rested":6,"item_purchase_floors":[3,3,22,22,36,36],"current_hp_per_floor":[60,48,48,46,51,29,29,19,19,13,15,38,38,33,33,14,61,63,63,63,42,42,42,42,65,75,50,42,21,36,36,62,47,77,70,94,94,94,57,85,65,28,28,30,17,45,45,25,53,1],"gold":138,"neow_bonus":"TEN_PERCENT_HP_BONUS","is_prod":false,"is_daily":false,"chose_seed":false,"campfire_upgraded":3,"win_rate":0,"timestamp":1541473890,"path_taken":["M","M","$","M","?","E","R","M","T","M","M","R","?","M","R","BOSS","M","?","?","M","$","R","M","R","T","E","M","?","?","?","R","BOSS","M","$","?","?","M","R","E","M","T","M","E","R","?","?","R","BOSS"],"build_version":"2018-11-01","purchased_purges":1,"victory":true,"max_hp_per_floor":[72,72,72,72,77,77,77,77,77,77,77,77,77,77,77,77,77,77,77,77,77,77,77,77,77,87,87,87,87,87,87,87,87,87,87,94,94,94,94,94,94,94,94,94,94,94,94,94,94,94],"card_choices":[{"not_picked":["Dagger Throw","Choke"],"picked":"Endless Agony","floor":1.0},{"not_picked":["Blade Dance","Setup"],"picked":"Backstab","floor":2.0},{"not_picked":["Riddle With Holes","Acrobatics","Prepared"],"picked":"SKIP","floor":4.0},{"not_picked":["Blade Dance","Escape Plan"],"picked":"Sucker Punch","floor":6.0},{"not_picked":["Riddle With Holes","Choke"],"picked":"Well Laid Plans","floor":8.0},{"not_picked":["Flying Knee","Quick Slash"],"picked":"Escape Plan","floor":10.0},{"not_picked":["Underhanded Strike","Dagger Throw"],"picked":"Skewer","floor":11},{"not_picked":["Deflect","Blade Dance"],"picked":"Leg Sweep","floor":14},{"not_picked":["Storm of Steel","Die Die Die"],"picked":"Night Terror","floor":16},{"not_picked":["Terror","Acrobatics"],"picked":"Escape Plan","floor":18},{"not_picked":["Outmaneuver","Blur"],"picked":"Footwork+1","floor":21},{"not_picked":["Poisoned Stab","Sucker Punch"],"picked":"Calculated Gamble","floor":24},{"not_picked":["All Out Attack","Distraction"],"picked":"Bullet Time","floor":27},{"not_picked":["Outmaneuver","Sucker Punch+1"],"picked":"Deflect","floor":28},{"not_picked":["Flying Knee","Prepared","Eviscerate"],"picked":"SKIP","floor":30},{"not_picked":["Prepared","Backflip"],"picked":"Choke","floor":31},{"not_picked":["Tools of the Trade","Storm of Steel"],"picked":"Grand Finale","floor":33},{"not_picked":["Outmaneuver+1","Flying Knee","Deadly Poison"],"picked":"SKIP","floor":35},{"not_picked":["Madness","Metamorphosis"],"picked":"Blind","floor":38},{"not_picked":["Endless Agony","Bane+1"],"picked":"Deflect","floor":39},{"not_picked":["Bane","Deflect"],"picked":"Catalyst","floor":41},{"not_picked":["Infinite Blades","Blade Dance"],"picked":"Backflip","floor":42},{"not_picked":["Accuracy","Tactician"],"picked":"Concentrate","floor":44},{"not_picked":["Acrobatics+1","Envenom","Underhanded Strike"],"picked":"SKIP","floor":45},{"not_picked":["Cloak And Dagger","Flying Knee"],"picked":"Deflect","floor":48}],"player_experience":3283596,"relics_obtained":[{"floor":6.0,"key":"Blood Vial"},{"floor":9.0,"key":"Bronze Scales"},{"floor":26,"key":"Pear"},{"floor":27,"key":"MawBank"},{"floor":29,"key":"Necronomicon"},{"floor":41,"key":"Boot"},{"floor":43,"key":"Happy Flower"},{"floor":45,"key":"Girya"}],"event_choices":[{"damage_healed":0.0,"max_hp_gain":5.0,"max_hp_loss":0.0,"gold_gain":0.0,"event_name":"Big Fish","player_choice":"Donut","floor":5.0,"gold_loss":0.0,"damage_taken":0.0},{"damage_healed":0,"gold_gain":75,"player_choice":"Gained Gold","damage_taken":0,"max_hp_gain":0,"max_hp_loss":0,"event_name":"Golden Wing","floor":13,"gold_loss":0},{"damage_healed":0,"gold_gain":0,"player_choice":"Ignored","damage_taken":0,"max_hp_gain":0,"max_hp_loss":0,"event_name":"Ghosts","floor":19,"gold_loss":0},{"damage_healed":0,"gold_gain":50,"player_choice":"Stole From Cult","damage_taken":0,"max_hp_gain":0,"max_hp_loss":0,"event_name":"Nest","floor":20,"gold_loss":0},{"damage_healed":0,"gold_gain":0,"player_choice":"Obtained Book","damage_taken":21,"max_hp_gain":0,"max_hp_loss":0,"event_name":"Cursed Tome","floor":29,"gold_loss":0},{"cards_removed":["Strike_G"],"damage_healed":0,"gold_gain":0,"player_choice":"Removed Attack","damage_taken":0,"max_hp_gain":0,"max_hp_loss":0,"event_name":"Falling","floor":37,"gold_loss":0},{"damage_healed":0,"gold_gain":0,"player_choice":"Memory 1","damage_taken":0,"max_hp_gain":0,"max_hp_loss":0,"event_name":"SensoryStone","floor":38,"gold_loss":0},{"damage_healed":0,"gold_gain":0,"player_choice":"Bought 3 Potions","damage_taken":0,"max_hp_gain":0,"max_hp_loss":0,"event_name":"The Woman in Blue","floor":47,"gold_loss":0}],"is_beta":false,"boss_relics":[{"not_picked":["Philosopher\u0027s Stone","Fusion Hammer"],"picked":"Runic Pyramid"},{"not_picked":["Lizard Tail","Pandora\u0027s Box"],"picked":"Velvet Choker"}],"items_purged_floors":[22],"is_endless":false,"potions_floor_spawned":[1,8,11,16,27,28,30,33,39,41,42],"ascension_level":15}