{"gold_per_floor":[213,225,225,239,15,40,60,78,147,147,22,22,22,42,42,135,135,154,154,154,154,154,154,54,70,70,84,99,117,42,60,60,155,155,174,174,199,215,215,215,215],"floor_reached":41,"playtime":9870,"items_purged":["Strike_G","Injury"],"score":756,"play_id":"efc8f21b-0b83-4a76-b6c1-908967f35525","local_time":"20181115165931","is_ascension_mode":true,"campfire_choices":[{"floor":12,"key":"REST"},{"data":"Footwork","floor":15,"key":"SMITH"},{"data":"Footwork","floor":23,"key":"SMITH"},{"floor":32,"key":"REST"},{"data":"Well Laid Plans","floor":40,"key":"SMITH"}],"neow_cost":"NONE","seed_source_timestamp":943233037174016,"circlet_count":0,"master_deck":["AscendersBane","Defend_G+1","Defend_G+1","Defend_G+1","Defend_G+1","Defend_G+1","Strike_G+1","Strike_G+1","Strike_G+1","Strike_G+1","Survivor","Neutralize","Backflip","Escape Plan","Noxious Fumes","Sucker Punch","Burst","Footwork+1","Footwork+1","Flying Knee","Deadly Poison","Corpse Explosion","Bouncing Flask","Dodge and Roll","Footwork","Dodge and Roll","Dodge and Roll","Well Laid Plans+1","After Image","Backflip"],"relics":["Ring of the Snake","Potion Belt","Bottled Lightning","Golden Idol","Bronze Scales","Velvet Choker","Pantograph","White Beast Statue","The Courier"],"potions_floor_usage":[7,27,28,35,38,41,41],"damage_taken":[{"damage":0,"enemies":"2 Louse","floor":1,"turns":4},{"damage":7,"enemies":"Small Slimes","floor":2,"turns":5},{"damage":1,"enemies":"Jaw Worm","floor":4,"turns":4},{"damage":14,"enemies":"Lagavulin","floor":6,"turns":10},{"damage":13,"enemies":"Exordium Thugs","floor":7,"turns":10},{"damage":1,"enemies":"2 Fungi Beasts","floor":8,"turns":4},{"damage":0,"enemies":"Large Slime","floor":14,"turns":7},{"damage":18,"enemies":"The Guardian","floor":16,"turns":11},{"damage":0,"enemies":"3 Byrds","floor":18,"turns":3},{"damage":0,"enemies":"Chosen","floor":25,"turns":4},{"damage":3,"enemies":"Sentry and Sphere","floor":27,"turns":6},{"damage":15,"enemies":"Chosen and Byrds","floor":28,"turns":6},{"damage":0,"enemies":"Snake Plant","floor":29,"turns":5},{"damage":18,"enemies":"Centurion and Healer","floor":31,"turns":6},{"damage":33,"enemies":"Collector","floor":33,"turns":12},{"damage":2,"enemies":"3 Darklings","floor":35,"turns":4},{"damage":2,"enemies":"3 Shapes","floor":37,"turns":5},{"damage":5,"enemies":"Maw","floor":38,"turns":11},{"damage":49,"enemies":"Reptomancer","floor":41,"turns":4}],"seed_played":"-6858817225559509706","potions_obtained":[{"floor":2,"key":"SteroidPotion"},{"floor":7,"key":"Ancient Potion"},{"floor":8,"key":"Block Potion"},{"floor":14,"key":"SteroidPotion"},{"floor":16,"key":"Ancient Potion"},{"floor":27,"key":"SkillPotion"},{"floor":28,"key":"Fire Potion"},{"floor":33,"key":"LiquidBronze"},{"floor":35,"key":"GamblersBrew"},{"floor":38,"key":"Weak Potion"}],"is_trial":false,"path_per_floor":["M","M","?","M","$","E","M","M","T","?","$","R","T","M","R","B",null,"M","?","?","?","?","R","$","M","T","M","M","M","$","M","R","B",null,"M","T","M","M","?","R","E"],"character_chosen":"THE_SILENT","items_purchased":["Noxious Fumes","Sucker Punch","Flying Knee","Footwork","Dodge and Roll","Well Laid Plans"],"campfire_rested":2,"item_purchase_floors":[5,5,11,24,24,30],"current_hp_per_floor":[59,52,32,31,31,17,4,3,3,3,3,22,22,22,22,4,51,51,51,51,51,51,51,51,51,51,48,33,33,33,15,34,26,56,54,54,52,47,47,47,0],"gold":215,"neow_bonus":"HUNDRED_GOLD","is_prod":false,"is_daily":false,"chose_seed":false,"campfire_upgraded":3,"win_rate":0,"timestamp":1542319171,"path_taken":["M","M","?","M","$","E","M","M","T","?","$","R","?","M","R","BOSS","M","?","?","?","?","R","?","M","T","M","?","M","$","?","R","BOSS","M","?","M","M","?","R","E"],"build_version":"2018-11-08","purchased_purges":2,"victory":false,"max_hp_per_floor":[66,66,66,66,66,66,66,66,66,66,66,66,66,66,66,66,66,66,66,66,66,66,66,66,66,66,66,66,66,66,66,66,66,66,66,66,66,66,66,66,66],"card_choices":[{"not_picked":["Dodge and Roll","Acrobatics"],"picked":"Backflip","floor":1},{"not_picked":["Heel Hook","Acrobatics","Quick Slash"],"picked":"SKIP","floor":2},{"not_picked":["Expertise","Deflect"],"picked":"Escape Plan","floor":4},{"not_picked":["Flying Knee","Masterful Stab"],"picked":"Burst","floor":6},{"not_picked":["Blade Dance","Dagger Spray"],"picked":"Footwork","floor":7},{"not_picked":["Dagger Spray","Leg Sweep"],"picked":"Footwork","floor":8},{"not_picked":["Prepared","Sucker Punch"],"picked":"Deadly Poison","floor":14},{"not_picked":["After Image","Glass Knife"],"picked":"Corpse Explosion","floor":16},{"not_picked":["Bane","Sucker Punch"],"picked":"Bouncing Flask","floor":18},{"not_picked":["Sucker Punch+1","Cloak And Dagger"],"picked":"Dodge and Roll","floor":25},{"not_picked":["Deflect","Finisher","Sucker Punch"],"picked":"SKIP","floor":27},{"not_picked":["Terror","Calculated Gamble","Cloak And Dagger+1"],"picked":"SKIP","floor":28},{"not_picked":["Bane","Dagger Throw","Prepared"],"picked":"SKIP","floor":29},{"not_picked":["Bullet Time","Eviscerate","Slice+1"],"picked":"SKIP","floor":31},{"not_picked":["Doppelganger","A Thousand Cuts"],"picked":"After Image","floor":33},{"not_picked":["Outmaneuver","Tactician"],"picked":"Backflip","floor":35},{"not_picked":["Flying Knee+1","Skewer","Blade Dance"],"picked":"SKIP","floor":37},{"not_picked":["Flechettes","Quick Slash","Expertise"],"picked":"SKIP","floor":38}],"player_experience":3338102,"relics_obtained":[{"floor":6,"key":"Potion Belt"},{"floor":9,"key":"Bottled Lightning"},{"floor":13,"key":"Bronze Scales"},{"floor":26,"key":"Pantograph"},{"floor":36,"key":"The Courier"}],"event_choices":[{"damage_healed":0,"gold_gain":0,"player_choice":"Entered Light","damage_taken":20,"max_hp_gain":0,"max_hp_loss":0,"event_name":"Shining Light","floor":3,"gold_loss":0,"cards_upgraded":["Strike_G","Defend_G"]},{"damage_healed":0,"gold_gain":0,"player_choice":"Take Wound","damage_taken":0,"relics_obtained":["Golden Idol"],"max_hp_gain":0,"max_hp_loss":0,"event_name":"Golden Idol","floor":10,"gold_loss":0,"cards_obtained":["Injury"]},{"damage_healed":0,"gold_gain":0,"player_choice":"Simplicity","damage_taken":0,"max_hp_gain":0,"max_hp_loss":0,"event_name":"Back to Basics","floor":19,"gold_loss":0,"cards_upgraded":["Defend_G","Defend_G","Defend_G","Defend_G","Strike_G","Strike_G","Strike_G"]},{"damage_healed":0,"gold_gain":0,"player_choice":"Read","damage_taken":0,"max_hp_gain":0,"max_hp_loss":0,"event_name":"The Library","floor":20,"gold_loss":0,"cards_obtained":["Dodge and Roll"]},{"damage_healed":0,"gold_gain":0,"player_choice":"Ignored","damage_taken":0,"max_hp_gain":0,"max_hp_loss":0,"event_name":"Ghosts","floor":21,"gold_loss":0},{"damage_healed":0,"gold_gain":0,"player_choice":"Ignored","damage_taken":0,"max_hp_gain":0,"max_hp_loss":0,"event_name":"Vampires","floor":22,"gold_loss":0},{"damage_healed":0,"gold_gain":0,"player_choice":"Ignored","damage_taken":0,"max_hp_gain":0,"max_hp_loss":0,"event_name":"Mysterious Sphere","floor":39,"gold_loss":0}],"is_beta":false,"boss_relics":[{"not_picked":["Busted Crown","Philosopher\u0027s Stone"],"picked":"Velvet Choker"},{"not_picked":["Fusion Hammer","Sozu"],"picked":"White Beast Statue"}],"items_purged_floors":[5,11],"is_endless":false,"potions_floor_spawned":[2,7,8,14,16,27,28,33,35,37,38],"killed_by":"Reptomancer","ascension_level":16}