{"gold_per_floor":[115,129,141,141,154,154,185,196,221,238,291,303,303,303,303,375,375,394,420,218,230,18,18],"floor_reached":23,"playtime":1205,"items_purged":["Strike_B"],"score":392,"play_id":"71e848dc-3536-424a-9048-14a461942d0a","local_time":"20190127191230","is_ascension_mode":true,"campfire_choices":[{"data":"Hyperbeam","floor":6,"key":"SMITH"},{"data":"Hyperbeam","floor":13,"key":"SMITH"},{"data":"Go for the Eyes","floor":15,"key":"SMITH"}],"neow_cost":"TEN_PERCENT_HP_LOSS","seed_source_timestamp":248501044439700,"circlet_count":0,"master_deck":["AscendersBane","Strike_B","Defend_B","Defend_B","Defend_B","Defend_B","Dualcast","Hyperbeam+1","Hyperbeam+1","Fission","Turbo","Go for the Eyes+1","Reboot","Stack","Seek","Sweeping Beam","Enlightenment","Hologram"],"relics":["Cracked Core","Ancient Tea Set","Pen Nib","Sozu","Smiling Mask","Oddly Smooth Stone"],"potions_floor_usage":[7,7,16,23],"damage_taken":[{"damage":0,"enemies":"Cultist","floor":1,"turns":2},{"damage":0,"enemies":"Small Slimes","floor":2,"turns":1},{"damage":2,"enemies":"Jaw Worm","floor":3,"turns":2},{"damage":2,"enemies":"Large Slime","floor":5,"turns":3},{"damage":0,"enemies":"3 Sentries","floor":7,"turns":2},{"damage":9,"enemies":"Red Slaver","floor":8,"turns":3},{"damage":0,"enemies":"Gremlin Gang","floor":10,"turns":1},{"damage":0,"enemies":"Looter","floor":12,"turns":2},{"damage":4,"enemies":"Slime Boss","floor":16,"turns":5},{"damage":0,"enemies":"3 Byrds","floor":18,"turns":1},{"damage":9,"enemies":"Shell Parasite","floor":21,"turns":4},{"damage":55,"enemies":"Book of Stabbing","floor":23,"turns":6}],"seed_played":"-2935321692788777723","potions_obtained":[{"floor":3,"key":"SkillPotion"},{"floor":4,"key":"Energy Potion"},{"floor":7,"key":"Energy Potion"},{"floor":8,"key":"SpeedPotion"},{"floor":10,"key":"Strength Potion"}],"is_trial":false,"path_per_floor":["M","M","M","?","M","R","E","M","T","M","?","M","R","?","R","B",null,"M","T","$","M","$","E"],"character_chosen":"DEFECT","items_purchased":["Sweeping Beam","Enlightenment","Hologram","Oddly Smooth Stone"],"campfire_rested":0,"item_purchase_floors":[20,20,22,22],"current_hp_per_floor":[64,64,62,62,60,60,60,51,51,51,51,51,51,51,51,47,60,60,60,60,51,51,0],"gold":18,"neow_bonus":"TRANSFORM_TWO_CARDS","is_prod":false,"is_daily":false,"chose_seed":false,"campfire_upgraded":3,"win_rate":0,"timestamp":1548645150,"path_taken":["M","?","?","?","M","R","E","M","T","?","?","M","R","?","R","BOSS","M","?","$","M","$","E"],"build_version":"2019-01-23","purchased_purges":1,"victory":false,"max_hp_per_floor":[64,64,64,64,64,64,64,64,64,64,64,64,64,64,64,64,64,64,64,64,64,64,64],"card_choices":[{"not_picked":["Coolheaded","Darkness","Chill"],"picked":"SKIP","floor":1},{"not_picked":["Ball Lightning","Barrage"],"picked":"Fission","floor":2},{"not_picked":["Barrage","Redo"],"picked":"Turbo","floor":3},{"not_picked":["Compile Driver","Beam Cell"],"picked":"Go for the Eyes","floor":5},{"not_picked":["Heatsinks","Steam Power"],"picked":"Reboot","floor":7},{"not_picked":["Capacitor","Reprogram","Gash"],"picked":"SKIP","floor":8},{"not_picked":["Streamline","Rebound","Turbo"],"picked":"SKIP","floor":10},{"not_picked":["Coolheaded","Gash","Double Energy"],"picked":"SKIP","floor":12},{"not_picked":["Core Surge","Thunder Strike"],"picked":"Seek","floor":16},{"not_picked":["Ball Lightning+1","Cold Snap","Barrage+1"],"picked":"SKIP","floor":18},{"not_picked":["Cold Snap","Scrape","Force Field"],"picked":"SKIP","floor":21}],"player_experience":1208074,"relics_obtained":[{"floor":7,"key":"Ancient Tea Set"},{"floor":9,"key":"Pen Nib"},{"floor":19,"key":"Smiling Mask"}],"event_choices":[{"damage_healed":0,"gold_gain":0,"player_choice":"Got Potions","damage_taken":0,"max_hp_gain":0,"max_hp_loss":0,"event_name":"Lab","floor":4,"gold_loss":0},{"damage_healed":0,"gold_gain":53,"player_choice":"Gained Gold","damage_taken":0,"max_hp_gain":0,"max_hp_loss":0,"event_name":"Golden Wing","floor":11,"gold_loss":0},{"damage_healed":0,"gold_gain":0,"cards_transformed":["Zap"],"player_choice":"Transformed","damage_taken":0,"max_hp_gain":0,"max_hp_loss":0,"event_name":"Transmorgrifier","floor":14,"gold_loss":0,"cards_obtained":["Stack"]}],"is_beta":false,"boss_relics":[{"not_picked":["Coffee Dripper","Empty Cage"],"picked":"Sozu"}],"items_purged_floors":[20],"is_endless":false,"potions_floor_spawned":[3,5,7,8,10,12,21],"killed_by":"Book of Stabbing","ascension_level":16}