{"gold_per_floor":[113,113,123,140,203,203,213,223,223,223,255,274,308,328,328,424,424,379,379,379,379,379,379,379,379,379,379,379,379,379,379,379,379,379,379,379,304,304,304,304,304,304,304,304,155,155,155,155,155,155],"floor_reached":51,"playtime":4340,"items_purged":["Doubt","Decay"],"score":1153,"play_id":"082c68a2-02c4-484f-a4a2-ec9276ab1619","local_time":"20181123132408","is_ascension_mode":true,"campfire_choices":[{"data":"Dash","floor":6.0,"key":"SMITH"},{"data":"Dagger Spray","floor":15.0,"key":"SMITH"},{"data":"Backflip","floor":23,"key":"SMITH"},{"floor":30,"key":"REST"},{"data":"Envenom","floor":32,"key":"SMITH"},{"data":"Blade Dance","floor":40,"key":"SMITH"},{"floor":49,"key":"REST"}],"neow_cost":"NONE","seed_source_timestamp":0,"circlet_count":0,"master_deck":["AscendersBane","Defend_G","Defend_G","Defend_G","Defend_G","Defend_G","Strike_G","Strike_G","Strike_G","Strike_G","Strike_G","Survivor","Neutralize","Dash+1","Blade Dance+1","Cloak And Dagger","Cloak And Dagger","Quick Slash","Dagger Spray+1","Adrenaline","Sucker Punch+1","Backflip+1","Acrobatics","Prepared","Noxious Fumes+1","Envenom+1","PiercingWail","Dodge and Roll","Clumsy","Blur+1","Leg Sweep+1","Parasite","Backflip","Calculated Gamble+1","Backflip+1"],"special_seed":0,"relics":["Busted Crown","StoneCalendar","Meat on the Bone","Pocketwatch","Ectoplasm","Juzu Bracelet","Kunai","Shuriken","Dodecahedron","Calling Bell","MawBank","Question Card","Nunchaku","Thread and Needle","Bottled Flame"],"potions_floor_usage":[18],"damage_taken":[{"damage":0.0,"enemies":"Jaw Worm","floor":1.0,"turns":8.0},{"damage":0.0,"enemies":"Small Slimes","floor":3.0,"turns":6.0},{"damage":0.0,"enemies":"Cultist","floor":4.0,"turns":4.0},{"damage":0.0,"enemies":"Blue Slaver","floor":7.0,"turns":5.0},{"damage":5.0,"enemies":"Gremlin Gang","floor":8.0,"turns":6.0},{"damage":3.0,"enemies":"Lagavulin","floor":11.0,"turns":8.0},{"damage":0.0,"enemies":"Exordium Wildlife","floor":12.0,"turns":3.0},{"damage":22.0,"enemies":"Gremlin Nob","floor":13.0,"turns":5.0},{"damage":0.0,"enemies":"Large Slime","floor":14.0,"turns":4.0},{"damage":8.0,"enemies":"Hexaghost","floor":16.0,"turns":11.0},{"damage":4,"enemies":"2 Thieves","floor":18,"turns":4},{"damage":6,"enemies":"Chosen","floor":20,"turns":4},{"damage":19,"enemies":"Snake Plant","floor":21,"turns":6},{"damage":11,"enemies":"3 Cultists","floor":24,"turns":6},{"damage":26,"enemies":"Slavers","floor":25,"turns":5},{"damage":7,"enemies":"Centurion and Healer","floor":27,"turns":7},{"damage":24,"enemies":"Book of Stabbing","floor":28,"turns":7},{"damage":8,"enemies":"Snake Plant","floor":29,"turns":4},{"damage":0,"enemies":"Gremlin Leader","floor":31,"turns":5},{"damage":18,"enemies":"Champ","floor":33,"turns":10},{"damage":1,"enemies":"3 Shapes","floor":35,"turns":6},{"damage":8,"enemies":"Orb Walker","floor":36,"turns":4},{"damage":1,"enemies":"4 Shapes","floor":38,"turns":8},{"damage":19,"enemies":"Nemesis","floor":41,"turns":9},{"damage":2,"enemies":"Writhing Mass","floor":44,"turns":7},{"damage":8,"enemies":"Spire Growth","floor":46,"turns":5},{"damage":0,"enemies":"Sphere and 2 Shapes","floor":48,"turns":7},{"damage":34,"enemies":"Awakened One","floor":50,"turns":15}],"seed_played":"-3742070574365019930","potions_obtained":[{"floor":1.0,"key":"SkillPotion"},{"floor":3.0,"key":"Energy Potion"},{"floor":13.0,"key":"Fire Potion"},{"floor":20,"key":"GhostInAJar"},{"floor":22,"key":"GhostInAJar"}],"is_trial":false,"path_per_floor":["M","?","M","M","?","R","M","M","T","?","E","M","E","M","R","B",null,"M","?","M","M","?","R","M","E","T","M","E","M","R","E","R","B",null,"M","M","$","M","?","R","E","?","T","M","$","M","?","M","R","B",null],"character_chosen":"THE_SILENT","items_purchased":["Backflip"],"campfire_rested":2,"item_purchase_floors":[45],"current_hp_per_floor":[63,63,63,63,63,63,63,58,58,58,55,55,45,45,45,37,62,58,58,52,45,45,45,46,32,32,37,25,29,50,50,50,44,64,63,55,55,54,54,54,47,47,47,45,45,37,37,37,58,36],"gold":155,"neow_bonus":"BOSS_RELIC","is_prod":false,"is_daily":false,"chose_seed":false,"campfire_upgraded":5,"win_rate":0,"timestamp":1543008248,"path_taken":["M","?","M","M","?","R","M","M","T","?","E","M","E","?","R","BOSS","M","?","M","?","?","R","M","E","T","M","E","M","R","E","R","BOSS","M","M","$","M","?","R","E","?","T","M","$","M","?","M","R","BOSS"],"build_version":"2018-11-15","purchased_purges":2,"victory":true,"max_hp_per_floor":[70,70,70,70,70,70,70,70,70,70,70,70,70,70,70,70,70,70,70,70,70,70,70,70,70,70,70,70,70,70,70,70,70,70,70,70,70,70,70,70,70,70,70,70,70,70,70,70,70,70],"card_choices":[{"not_picked":[],"picked":"Dash","floor":1.0},{"not_picked":["Skewer"],"picked":"SKIP","floor":3.0},{"not_picked":[],"picked":"Blade Dance","floor":4.0},{"not_picked":[],"picked":"Cloak And Dagger","floor":7.0},{"not_picked":[],"picked":"Cloak And Dagger","floor":8.0},{"not_picked":[],"picked":"Quick Slash","floor":11.0},{"not_picked":[],"picked":"Finisher","floor":12.0},{"not_picked":[],"picked":"Dagger Spray","floor":13.0},{"not_picked":["Flechettes"],"picked":"SKIP","floor":14.0},{"not_picked":[],"picked":"Adrenaline","floor":16.0},{"not_picked":[],"picked":"Sucker Punch+1","floor":18},{"not_picked":[],"picked":"Backflip","floor":20},{"not_picked":[],"picked":"Acrobatics","floor":21},{"not_picked":[],"picked":"Prepared","floor":24},{"not_picked":[],"picked":"Noxious Fumes+1","floor":25},{"not_picked":["Blade Dance"],"picked":"SKIP","floor":27},{"not_picked":[],"picked":"Envenom","floor":28},{"not_picked":[],"picked":"PiercingWail","floor":29},{"not_picked":[],"picked":"Dodge and Roll","floor":31},{"not_picked":["Bouncing Flask"],"picked":"Blur+1","floor":35},{"not_picked":["Bane+1","Dodge and Roll"],"picked":"SKIP","floor":36},{"not_picked":["Catalyst"],"picked":"Leg Sweep+1","floor":38},{"not_picked":["Flechettes","Dodge and Roll+1"],"picked":"SKIP","floor":41},{"not_picked":["Reflex","Prepared"],"picked":"SKIP","floor":44},{"not_picked":["Noxious Fumes+1"],"picked":"Calculated Gamble+1","floor":46},{"not_picked":["Prepared"],"picked":"Backflip+1","floor":48}],"player_experience":114678,"relics_obtained":[{"floor":9.0,"key":"StoneCalendar"},{"floor":11.0,"key":"Meat on the Bone"},{"floor":13.0,"key":"Pocketwatch"},{"floor":25,"key":"Juzu Bracelet"},{"floor":26,"key":"Kunai"},{"floor":28,"key":"Shuriken"},{"floor":31,"key":"Dodecahedron"},{"floor":34,"key":"MawBank"},{"floor":34,"key":"Question Card"},{"floor":34,"key":"Nunchaku"},{"floor":41,"key":"Thread and Needle"},{"floor":43,"key":"Bottled Flame"}],"event_choices":[{"damage_healed":0.0,"max_hp_gain":0.0,"max_hp_loss":0.0,"gold_gain":0.0,"event_name":"Liars Game","player_choice":"Ignored","floor":2.0,"gold_loss":0.0,"damage_taken":0.0},{"damage_healed":0.0,"max_hp_gain":0.0,"max_hp_loss":0.0,"gold_gain":63.0,"event_name":"Golden Wing","player_choice":"Gained Gold","floor":5.0,"gold_loss":0.0,"damage_taken":0.0},{"damage_healed":0.0,"max_hp_gain":0.0,"max_hp_loss":0.0,"gold_gain":0.0,"event_name":"The Woman in Blue","player_choice":"Bought 0 Potions","floor":10.0,"gold_loss":0.0,"damage_taken":0.0},{"damage_healed":0,"gold_gain":0,"player_choice":"Ignored","damage_taken":0,"max_hp_gain":0,"max_hp_loss":0,"event_name":"N\u0027loth","floor":19,"gold_loss":0},{"damage_healed":0,"gold_gain":0,"player_choice":"Got Potions","damage_taken":0,"max_hp_gain":0,"max_hp_loss":0,"event_name":"Lab","floor":22,"gold_loss":0},{"cards_removed":["Finisher"],"damage_healed":0,"gold_gain":0,"player_choice":"Removed Attack","damage_taken":0,"max_hp_gain":0,"max_hp_loss":0,"event_name":"Falling","floor":39,"gold_loss":0},{"damage_healed":0,"gold_gain":0,"player_choice":"Memory 1","damage_taken":0,"max_hp_gain":0,"max_hp_loss":0,"event_name":"SensoryStone","floor":42,"gold_loss":0},{"damage_healed":0,"gold_gain":0,"player_choice":"Leave","damage_taken":0,"max_hp_gain":0,"max_hp_loss":0,"event_name":"FaceTrader","floor":47,"gold_loss":0}],"is_beta":false,"boss_relics":[{"not_picked":["Empty Cage","Runic Pyramid"],"picked":"Ectoplasm"},{"not_picked":["Runic Dome","Tiny House"],"picked":"Calling Bell"}],"items_purged_floors":[37,45],"is_endless":false,"potions_floor_spawned":[1,3,4,7,13,20,21,28,31,33,46,48],"ascension_level":11}