{"gold_per_floor":[118,13,13,24,38,68,68,86,109,109],"floor_reached":10,"playtime":850,"items_purged":[],"score":133,"play_id":"d81dd52d-4fef-485d-b971-7b918a4b71ae","local_time":"20190204090252","is_ascension_mode":true,"campfire_choices":[{"data":"Dagger Spray","floor":7,"key":"SMITH"}],"neow_cost":"NONE","seed_source_timestamp":215000040323600,"circlet_count":0,"master_deck":["AscendersBane","Defend_G","Defend_G","Defend_G","Defend_G","Defend_G","Strike_G","Strike_G","Strike_G","Strike_G","Strike_G","Survivor","Neutralize+1","Dodge and Roll","Quick Slash","Dagger Spray+1","Leg Sweep","Malaise","Backflip"],"relics":["Ring of the Snake","Strawberry","Smiling Mask","Potion Belt"],"potions_floor_usage":[6,8,10,10],"damage_taken":[{"damage":12,"enemies":"2 Louse","floor":1,"turns":4},{"damage":0,"enemies":"Cultist","floor":4,"turns":4},{"damage":0,"enemies":"Small Slimes","floor":5,"turns":3},{"damage":16,"enemies":"Gremlin Nob","floor":6,"turns":4},{"damage":4,"enemies":"Exordium Wildlife","floor":8,"turns":8},{"damage":40,"enemies":"Lagavulin","floor":10,"turns":16}],"seed_played":"3814625828140797509","potions_obtained":[{"floor":1,"key":"Ancient Potion"},{"floor":5,"key":"SpeedPotion"},{"floor":6,"key":"Dexterity Potion"},{"floor":8,"key":"PowerPotion"}],"is_trial":false,"path_per_floor":["M","$","?","M","M","E","R","M","T","E"],"character_chosen":"THE_SILENT","items_purchased":["Quick Slash","Fire Potion"],"campfire_rested":0,"item_purchase_floors":[2,2],"current_hp_per_floor":[54,54,54,54,54,38,38,34,34,0],"gold":109,"neow_bonus":"RANDOM_COMMON_RELIC","is_prod":false,"is_daily":false,"chose_seed":false,"campfire_upgraded":1,"win_rate":0,"timestamp":1549267372,"path_taken":["M","$","?","M","M","E","R","?","T","E"],"build_version":"2019-01-23","purchased_purges":0,"victory":false,"max_hp_per_floor":[73,73,73,73,73,73,73,73,73,73],"card_choices":[{"not_picked":["Masterful Stab","Reflex"],"picked":"Dodge and Roll","floor":1},{"not_picked":["Deflect","Crippling Poison"],"picked":"Dagger Spray","floor":4},{"not_picked":["Cloak And Dagger","Deflect"],"picked":"Leg Sweep","floor":5},{"not_picked":["Noxious Fumes","Backflip"],"picked":"Malaise","floor":6},{"not_picked":["Reflex","Calculated Gamble"],"picked":"Backflip","floor":8}],"player_experience":371339,"relics_obtained":[{"floor":6,"key":"Smiling Mask"},{"floor":9,"key":"Potion Belt"}],"event_choices":[{"damage_healed":0,"gold_gain":0,"player_choice":"Upgraded","damage_taken":0,"max_hp_gain":0,"max_hp_loss":0,"event_name":"Upgrade Shrine","floor":3,"gold_loss":0,"cards_upgraded":["Neutralize"]}],"is_beta":false,"boss_relics":[],"items_purged_floors":[],"is_endless":false,"potions_floor_spawned":[1,5,6,8],"killed_by":"Lagavulin","ascension_level":19}