{"gold_per_floor":[114,15,15,15,32,61,61,61,61,73,73,84,94,121,133,245,257,284,236],"floor_reached":19,"playtime":1111,"items_purged":[],"score":248,"play_id":"099d0149-985a-4e7b-afff-993b2bffe966","local_time":"20180728104728","is_ascension_mode":true,"campfire_choices":[{"floor":7,"key":"REST"},{"floor":11,"key":"REST"},{"floor":15,"key":"REST"}],"neow_cost":"CURSE","seed_source_timestamp":7078835806736,"circlet_count":0,"master_deck":["Strike_B","Strike_B","Defend_B","Defend_B","Defend_B","Zap","Dualcast","Writhe","Rainbow","Consume","Capacitor","Redo","Coolheaded","Consume","Undo","Ball Lightning","Go for the Eyes","Rebound","Electrodynamics","Compile Driver+1","Hologram+1","Echo Form+1"],"special_seed":0,"relics":["Cracked Core","Happy Flower","Letter Opener","MawBank","Astrolabe"],"potions_floor_usage":[10,18],"damage_taken":[{"damage":0.0,"enemies":"Small Slimes","floor":1.0,"turns":3.0},{"damage":8,"enemies":"2 Louse","floor":5,"turns":2},{"damage":26,"enemies":"Lagavulin","floor":6,"turns":7},{"damage":9,"enemies":"Jaw Worm","floor":10,"turns":3},{"damage":18,"enemies":"2 Fungi Beasts","floor":12,"turns":4},{"damage":0,"enemies":"Looter","floor":13,"turns":4},{"damage":9,"enemies":"3 Sentries","floor":14,"turns":5},{"damage":12,"enemies":"The Guardian","floor":16,"turns":8},{"damage":25,"enemies":"3 Byrds","floor":18,"turns":5},{"damage":44,"enemies":"2 Thieves","floor":19,"turns":2}],"seed_played":"-7701936772871344031","potions_obtained":[{"floor":6,"key":"Weak Potion"},{"floor":10,"key":"SpeedPotion"},{"floor":12,"key":"Block Potion"},{"floor":16,"key":"SteroidPotion"}],"is_trial":false,"path_per_floor":["M","$","?","?","M","E","R","$","T","M","R","M","M","E","R","B",null,"M"],"character_chosen":"DEFECT","items_purchased":["Capacitor","Redo"],"campfire_rested":3,"item_purchase_floors":[2,2],"current_hp_per_floor":[68,68,68,68,60,34,56,56,56,47,69,51,51,42,64,52,69,44,0],"gold":236,"neow_bonus":"THREE_RARE_CARDS","is_prod":false,"is_daily":false,"chose_seed":false,"campfire_upgraded":0,"win_rate":0,"timestamp":1532789248,"path_taken":["M","$","?","?","?","E","R","?","T","?","R","M","?","E","R","BOSS","M","M"],"build_version":"2018-07-26","purchased_purges":0,"victory":false,"max_hp_per_floor":[75,75,75,75,75,75,75,75,75,75,75,75,75,75,75,75,75,75,75],"card_choices":[{"not_picked":["Hyperbeam","Core Surge"],"picked":"Rainbow","floor":0.0},{"not_picked":["Recycle","Cold Snap"],"picked":"Consume","floor":1.0},{"not_picked":["Turbo","Reinforced Body"],"picked":"Coolheaded","floor":5},{"not_picked":["Sweeping Beam","Hologram"],"picked":"Consume","floor":6},{"not_picked":["Rebound","Recycle"],"picked":"Undo","floor":10},{"not_picked":["Coolheaded","Beam Cell"],"picked":"Ball Lightning","floor":12},{"not_picked":["Force Field","Darkness"],"picked":"Go for the Eyes","floor":13},{"not_picked":["Amplify","Gash"],"picked":"Rebound","floor":14},{"not_picked":["All For One","Biased Cognition"],"picked":"Electrodynamics","floor":16},{"not_picked":["Rebound","Coolheaded","Compile Driver+1"],"picked":"SKIP","floor":18}],"player_experience":522991,"relics_obtained":[{"floor":6,"key":"Happy Flower"},{"floor":9,"key":"Letter Opener"},{"floor":14,"key":"MawBank"}],"event_choices":[{"event_name":"The Cleric","player_choice":"Leave","floor":3,"damage_taken":0},{"event_name":"Liars Game","player_choice":"disagreed","floor":4,"damage_taken":0}],"is_beta":false,"boss_relics":[{"not_picked":["Tiny House","White Beast Statue"],"picked":"Astrolabe"}],"items_purged_floors":[],"is_endless":false,"potions_floor_spawned":[6,10,12,16],"killed_by":"2 Thieves","ascension_level":8}