{"gold_per_floor":[213,54,69,69,88,88,104,121,121,121,121,121,131,2,2,80,80,100,100,100,15,30,30,40,40,40,40],"floor_reached":27,"playtime":1581,"items_purged":["Strike_G","Strike_G"],"score":406,"play_id":"e0d87fba-0786-47b8-91c4-1f9436e3b61b","local_time":"20181222171046","is_ascension_mode":true,"campfire_choices":[{"data":"Footwork","floor":6,"key":"SMITH"},{"floor":12,"key":"REST"},{"data":"Deadly Poison","floor":15,"key":"SMITH"},{"data":"Malaise","floor":23,"key":"SMITH"},{"data":"Dodge and Roll","floor":25,"key":"SMITH"}],"neow_cost":"NONE","seed_source_timestamp":456203863631666,"circlet_count":0,"master_deck":["AscendersBane","Survivor+1","Neutralize","Dagger Spray","Footwork+1","Deadly Poison+1","Crippling Poison","Deadly Poison+1","Deflect","Dodge and Roll+1","Malaise+1","Envenom","Skewer","Terror","Backflip","Acrobatics","Deadly Poison","Backflip"],"relics":["Ring of the Snake","Bottled Tornado","Pandora\u0027s Box","Ninja Scroll","StoneCalendar"],"potions_floor_usage":[8,16,18],"damage_taken":[{"damage":1,"enemies":"Small Slimes","floor":1,"turns":6},{"damage":2,"enemies":"2 Louse","floor":3,"turns":2},{"damage":11,"enemies":"Jaw Worm","floor":5,"turns":5},{"damage":4,"enemies":"Red Slaver","floor":7,"turns":5},{"damage":0,"enemies":"Lots of Slimes","floor":8,"turns":2},{"damage":0,"enemies":"Exordium Wildlife","floor":13,"turns":4},{"damage":27,"enemies":"Hexaghost","floor":16,"turns":10},{"damage":9,"enemies":"3 Byrds","floor":18,"turns":5},{"damage":1,"enemies":"Chosen","floor":22,"turns":4},{"damage":9,"enemies":"Snake Plant","floor":24,"turns":7},{"damage":32,"enemies":"Cultist and Chosen","floor":27,"turns":4}],"seed_played":"-2573414770754672246","potions_obtained":[{"floor":1,"key":"AttackPotion"},{"floor":7,"key":"Explosive Potion"},{"floor":8,"key":"SteroidPotion"},{"floor":13,"key":"Block Potion"},{"floor":16,"key":"SteroidPotion"},{"floor":22,"key":"SpeedPotion"}],"is_trial":false,"path_per_floor":["M","$","M","?","M","R","M","M","T","?","?","R","M","$","R","B",null,"M","?","?","?","M","R","M","R","T","M"],"character_chosen":"THE_SILENT","items_purchased":["Footwork","Dodge and Roll"],"campfire_rested":1,"item_purchase_floors":[2,14],"current_hp_per_floor":[58,58,56,49,38,38,34,34,34,34,14,33,33,33,33,6,51,42,42,42,42,41,41,32,32,32,0],"gold":40,"neow_bonus":"HUNDRED_GOLD","is_prod":false,"is_daily":false,"chose_seed":false,"campfire_upgraded":4,"win_rate":0,"timestamp":1545527446,"path_taken":["M","$","M","?","M","R","M","M","T","?","?","R","M","$","R","BOSS","M","?","?","?","?","R","M","R","T","M"],"build_version":"2018-12-20","purchased_purges":2,"victory":false,"max_hp_per_floor":[66,66,66,66,66,66,66,66,66,66,66,66,66,66,66,66,66,66,66,66,66,66,66,66,66,66,66],"card_choices":[{"not_picked":["Accuracy","Deadly Poison"],"picked":"Dagger Spray","floor":1},{"not_picked":["Choke","Expertise"],"picked":"Deadly Poison","floor":3},{"not_picked":["Setup","Bane"],"picked":"Crippling Poison","floor":5},{"not_picked":["Acrobatics","Reflex","Distraction"],"picked":"SKIP","floor":7},{"not_picked":["Quick Slash","Skewer"],"picked":"Deadly Poison","floor":8},{"not_picked":["Sucker Punch","Blade Dance"],"picked":"Deflect","floor":13},{"not_picked":["Wraith Form v2","Night Terror"],"picked":"Malaise","floor":16},{"not_picked":["Flying Knee","All Out Attack","Blade Dance"],"picked":"SKIP","floor":18},{"not_picked":["Cloak And Dagger","Predator"],"picked":"Backflip","floor":22},{"not_picked":["Deadly Poison","Leg Sweep","Riddle With Holes"],"picked":"SKIP","floor":24}],"player_experience":191887,"relics_obtained":[{"floor":9,"key":"Bottled Tornado"},{"floor":26,"key":"StoneCalendar"}],"event_choices":[{"cards_removed":["Defend_G"],"damage_healed":0,"gold_gain":0,"player_choice":"Card Removal","damage_taken":7,"max_hp_gain":0,"max_hp_loss":0,"event_name":"Golden Wing","floor":4,"gold_loss":0},{"damage_healed":0,"gold_gain":0,"player_choice":"Fled","damage_taken":0,"max_hp_gain":0,"max_hp_loss":0,"event_name":"Scrap Ooze","floor":10,"gold_loss":0},{"damage_healed":0,"gold_gain":0,"player_choice":"Entered Light","damage_taken":20,"max_hp_gain":0,"max_hp_loss":0,"event_name":"Shining Light","floor":11,"gold_loss":0,"cards_upgraded":["Deadly Poison","Survivor"]},{"cards_removed":["Accuracy"],"damage_healed":0,"gold_gain":0,"player_choice":"Elegance","damage_taken":0,"max_hp_gain":0,"max_hp_loss":0,"event_name":"Back to Basics","floor":19,"gold_loss":0},{"damage_healed":0,"gold_gain":0,"player_choice":"Ignored","damage_taken":0,"max_hp_gain":0,"max_hp_loss":0,"event_name":"Vampires","floor":20,"gold_loss":0},{"damage_healed":0,"gold_gain":0,"player_choice":"Obtained Relic","damage_taken":0,"relics_obtained":["Ninja Scroll"],"max_hp_gain":0,"max_hp_loss":0,"event_name":"Addict","floor":21,"gold_loss":85}],"is_beta":false,"boss_relics":[{"not_picked":["Tiny House","Eternal Feather"],"picked":"Pandora\u0027s Box"}],"items_purged_floors":[2,14],"is_endless":false,"potions_floor_spawned":[1,7,8,13,16,22],"killed_by":"Cultist and Chosen","ascension_level":20}