{"gold_per_floor":[209,226,151,171,189,189,205,205,231,231,242,242,262,337,337,337],"floor_reached":16,"playtime":410,"items_purged":["Defend_R"],"score":94,"play_id":"687f6ef7-d3c6-4493-acb9-ba082edaa165","local_time":"20180921174225","is_ascension_mode":false,"campfire_choices":[{"data":"Shockwave","floor":6,"key":"SMITH"},{"data":"Bash","floor":8,"key":"SMITH"},{"data":"Defend_R","floor":10,"key":"SMITH"},{"floor":15,"key":"REST"}],"neow_cost":"NONE","seed_source_timestamp":1118873817477979,"circlet_count":0,"master_deck":["Strike_R","Strike_R","Strike_R","Strike_R","Strike_R","Defend_R","Defend_R","Defend_R+1","Bash+1","Shockwave+1","Offering"],"relics":["Burning Blood","Boot","PreservedInsect"],"potions_floor_usage":[11,16,16],"damage_taken":[{"damage":11,"enemies":"Jaw Worm","floor":1,"turns":3},{"damage":10,"enemies":"Cultist","floor":2,"turns":4},{"damage":0,"enemies":"2 Louse","floor":4,"turns":3},{"damage":7,"enemies":"Exordium Wildlife","floor":5,"turns":4},{"damage":16,"enemies":"2 Fungi Beasts","floor":7,"turns":4},{"damage":0,"enemies":"Large Slime","floor":11,"turns":5},{"damage":14,"enemies":"Exordium Wildlife","floor":13,"turns":4},{"damage":80,"enemies":"Slime Boss","floor":16,"turns":13}],"seed_played":"1462651095193542453","potions_obtained":[{"floor":2,"key":"Fire Potion"},{"floor":5,"key":"BloodPotion"},{"floor":11,"key":"EssenceOfSteel"},{"floor":13,"key":"AttackPotion"}],"is_trial":false,"path_per_floor":["M","M","$","M","M","R","M","R","T","R","M","?","M","?","R"],"character_chosen":"IRONCLAD","items_purchased":[],"campfire_rested":1,"item_purchase_floors":[],"current_hp_per_floor":[75,71,71,77,76,76,66,66,66,66,72,72,64,53,77,0],"gold":337,"neow_bonus":"HUNDRED_GOLD","is_prod":false,"is_daily":false,"chose_seed":false,"campfire_upgraded":3,"win_rate":0,"timestamp":1537566145,"path_taken":["M","M","$","M","M","R","M","R","T","R","M","?","M","?","R","BOSS"],"build_version":"2018-09-20","purchased_purges":1,"victory":false,"max_hp_per_floor":[80,80,80,80,80,80,80,80,80,80,80,80,80,80,80,80],"card_choices":[{"not_picked":["Iron Wave","Clothesline","True Grit"],"picked":"SKIP","floor":1},{"not_picked":["Sword Boomerang","True Grit"],"picked":"Shockwave","floor":2},{"not_picked":["Warcry","Pommel Strike","Searing Blow"],"picked":"SKIP","floor":4},{"not_picked":["Second Wind","Perfected Strike","Blood for Blood"],"picked":"SKIP","floor":5},{"not_picked":["Iron Wave","Clothesline","Bludgeon"],"picked":"SKIP","floor":7},{"not_picked":["Warcry","Havoc","Headbutt"],"picked":"SKIP","floor":11},{"not_picked":["Clash","Pommel Strike"],"picked":"Offering","floor":13}],"player_experience":2805198,"relics_obtained":[{"floor":9,"key":"Boot"}],"event_choices":[{"event_name":"WeMeetAgain","player_choice":"Potion","floor":12,"damage_taken":0},{"event_name":"World of Goop","player_choice":"Gather Gold","floor":14,"damage_taken":0}],"is_beta":false,"boss_relics":[],"items_purged_floors":[3],"is_endless":false,"potions_floor_spawned":[2,5,11,13],"killed_by":"Slime Boss","ascension_level":0}