{"gold_per_floor":[112,122,141,153,167,167,197,215,242,275,275,310,310,320,320,421,421,439,201,211,221,221,250,250,250],"floor_reached":25,"playtime":1737,"items_purged":[],"score":368,"play_id":"b7eabadb-6819-468d-821b-85742e013df6","local_time":"20181027215450","is_ascension_mode":true,"campfire_choices":[{"data":"Neutralize","floor":6,"key":"SMITH"},{"floor":11,"key":"REST"},{"data":"Blade Dance","floor":13,"key":"SMITH"},{"floor":15,"key":"REST"},{"data":"Night Terror","floor":24,"key":"SMITH"}],"neow_cost":"NONE","seed_source_timestamp":172874301210100,"circlet_count":0,"master_deck":["Defend_G+1","Defend_G+1","Defend_G+1","Defend_G+1","Defend_G+1","Strike_G+1","Strike_G+1","Strike_G+1","Strike_G+1","Strike_G+1","Survivor","Neutralize+1","AscendersBane","Bouncing Flask","Dash","Choke","Flying Knee","Grand Finale","Backflip","Dagger Throw","Bane","Acrobatics","Blade Dance+1","Leg Sweep","Acrobatics","Night Terror+1","Cloak And Dagger+1","Footwork","Cloak And Dagger","Escape Plan","Dagger Spray+1","Leg Sweep"],"relics":["Sozu","Dream Catcher","Oddly Smooth Stone","Shuriken","Omamori","Coffee Dripper","Membership Card","Potion Belt"],"potions_floor_usage":[],"damage_taken":[{"damage":0,"enemies":"Cultist","floor":1,"turns":5},{"damage":2,"enemies":"2 Louse","floor":2,"turns":3},{"damage":1,"enemies":"Small Slimes","floor":3,"turns":4},{"damage":1,"enemies":"Exordium Wildlife","floor":4,"turns":4},{"damage":20,"enemies":"Gremlin Gang","floor":5,"turns":5},{"damage":3,"enemies":"Gremlin Nob","floor":7,"turns":4},{"damage":10,"enemies":"3 Louse","floor":8,"turns":4},{"damage":15,"enemies":"3 Sentries","floor":10,"turns":10},{"damage":3,"enemies":"Lagavulin","floor":12,"turns":5},{"damage":0,"enemies":"Red Slaver","floor":14,"turns":3},{"damage":11,"enemies":"The Guardian","floor":16,"turns":10},{"damage":0,"enemies":"Shell Parasite","floor":18,"turns":4},{"damage":0,"enemies":"Chosen","floor":20,"turns":4},{"damage":14,"enemies":"Snecko","floor":21,"turns":4},{"damage":22,"enemies":"Gremlin Leader","floor":23,"turns":6},{"damage":27,"enemies":"Book of Stabbing","floor":25,"turns":3}],"seed_played":"-567052599591153569","potions_obtained":[],"is_trial":false,"path_per_floor":["M","M","M","M","M","R","E","M","T","E","R","E","R","M","R","B",null,"M","$","M","M","?","E","R"],"character_chosen":"THE_SILENT","items_purchased":["Membership Card","Footwork","Cloak And Dagger"],"campfire_rested":2,"item_purchase_floors":[19,19,19],"current_hp_per_floor":[63,61,60,59,39,39,36,26,26,11,32,29,29,29,50,39,62,62,62,62,48,48,26,26,0],"gold":250,"neow_bonus":"BOSS_RELIC","is_prod":false,"is_daily":false,"chose_seed":false,"campfire_upgraded":3,"win_rate":0,"timestamp":1540702490,"path_taken":["M","M","M","?","?","R","E","M","T","E","R","E","R","M","R","BOSS","M","$","M","M","?","E","R","E"],"build_version":"2018-10-25v2","purchased_purges":0,"victory":false,"max_hp_per_floor":[70,70,70,70,70,70,70,70,70,70,70,70,70,70,70,70,70,70,70,70,70,70,70,70,70],"card_choices":[{"not_picked":["PiercingWail","Prepared"],"picked":"Bouncing Flask","floor":1},{"not_picked":["Underhanded Strike","Deadly Poison"],"picked":"Dash","floor":2},{"not_picked":["Cloak And Dagger","Prepared"],"picked":"Choke","floor":3},{"not_picked":["Deadly Poison","Deflect"],"picked":"Flying Knee","floor":4},{"not_picked":["Backflip","Finisher"],"picked":"Grand Finale","floor":5},{"not_picked":["Reflex","Poisoned Stab"],"picked":"Backflip","floor":7},{"not_picked":["Envenom","Reflex"],"picked":"Dagger Throw","floor":8},{"not_picked":["Dodge and Roll","Outmaneuver"],"picked":"Bane","floor":10},{"not_picked":["Escape Plan","Sucker Punch"],"picked":"Acrobatics","floor":11},{"not_picked":["Prepared","Outmaneuver"],"picked":"Blade Dance","floor":12},{"not_picked":["Eviscerate","Flying Knee"],"picked":"Leg Sweep","floor":14},{"not_picked":["Flying Knee","Noxious Fumes"],"picked":"Acrobatics","floor":15},{"not_picked":["Doppelganger","Wraith Form v2"],"picked":"Night Terror","floor":16},{"not_picked":["Flechettes","Choke+1"],"picked":"Cloak And Dagger+1","floor":18},{"not_picked":["Prepared","Eviscerate+1"],"picked":"Escape Plan","floor":20},{"not_picked":["Bane","Heel Hook"],"picked":"Dagger Spray+1","floor":21},{"not_picked":["Flechettes","Dodge and Roll"],"picked":"Leg Sweep","floor":23}],"player_experience":74228,"relics_obtained":[{"floor":7,"key":"Dream Catcher"},{"floor":9,"key":"Oddly Smooth Stone"},{"floor":10,"key":"Shuriken"},{"floor":12,"key":"Omamori"},{"floor":23,"key":"Potion Belt"}],"event_choices":[{"damage_healed":0,"gold_gain":0,"player_choice":"Simplicity","damage_taken":0,"max_hp_gain":0,"max_hp_loss":0,"event_name":"Back to Basics","floor":22,"gold_loss":0,"cards_upgraded":["Defend_G","Defend_G","Defend_G","Defend_G","Defend_G","Strike_G","Strike_G","Strike_G","Strike_G","Strike_G"]}],"is_beta":false,"boss_relics":[{"not_picked":["Empty Cage","Tiny House"],"picked":"Coffee Dripper"}],"items_purged_floors":[],"is_endless":false,"potions_floor_spawned":[3,4,8,16,18,21,23],"killed_by":"Book of Stabbing","ascension_level":10}