{"gold_per_floor":[116,116,216,64,79,104,104,132,203,203,223,238,238,270,270,270],"floor_reached":16,"playtime":572,"items_purged":[],"score":136,"play_id":"4f2d4890-f742-49f0-b550-7559a0982397","local_time":"20181219190528","is_ascension_mode":true,"campfire_choices":[{"floor":7,"key":"REST"},{"floor":10,"key":"REST"},{"data":"Neutralize","floor":13,"key":"SMITH"},{"floor":15,"key":"REST"}],"neow_cost":"CURSE","seed_source_timestamp":454507019814834,"circlet_count":0,"master_deck":["Defend_G","Defend_G","Defend_G","Defend_G","Defend_G","Strike_G","Strike_G","Strike_G","Strike_G","Strike_G","Survivor","Neutralize+1","Injury","Quick Slash","Dagger Throw","Skewer","Dagger Spray","Dagger Spray"],"relics":["Ring of the Snake","Pocketwatch","Vajra","Smiling Mask","Bottled Lightning","Pantograph","PreservedInsect"],"potions_floor_usage":[16,16],"damage_taken":[{"damage":12,"enemies":"Jaw Worm","floor":1,"turns":4},{"damage":5,"enemies":"2 Louse","floor":5,"turns":3},{"damage":21,"enemies":"Lagavulin","floor":6,"turns":8},{"damage":15,"enemies":"Gremlin Nob","floor":8,"turns":4},{"damage":0,"enemies":"Cultist","floor":11,"turns":3},{"damage":14,"enemies":"Exordium Wildlife","floor":12,"turns":6},{"damage":15,"enemies":"3 Sentries","floor":14,"turns":6},{"damage":72,"enemies":"Hexaghost","floor":16,"turns":12}],"seed_played":"4013428461821757538","potions_obtained":[{"floor":1,"key":"FearPotion"},{"floor":5,"key":"Dexterity Potion"},{"floor":8,"key":"Swift Potion"}],"is_trial":false,"path_per_floor":["M","?","?","$","M","E","R","E","T","R","M","M","R","E","R","B"],"character_chosen":"THE_SILENT","items_purchased":["Vajra"],"campfire_rested":3,"item_purchase_floors":[4],"current_hp_per_floor":[58,58,58,58,53,32,53,38,38,59,59,45,45,30,51,0],"gold":270,"neow_bonus":"ONE_RARE_RELIC","is_prod":false,"is_daily":false,"chose_seed":false,"campfire_upgraded":1,"win_rate":0,"timestamp":1545217528,"path_taken":["M","?","?","$","?","E","R","E","T","R","M","M","R","E","R","BOSS"],"build_version":"2018-12-13","purchased_purges":0,"victory":false,"max_hp_per_floor":[70,70,70,70,70,70,70,70,70,70,70,70,70,70,70,70],"card_choices":[{"not_picked":["Poisoned Stab","Flechettes"],"picked":"Quick Slash","floor":1},{"not_picked":["Dodge and Roll","Infinite Blades"],"picked":"Dagger Throw","floor":5},{"not_picked":["Deadly Poison","Infinite Blades","Predator"],"picked":"SKIP","floor":6},{"not_picked":["Infinite Blades","PiercingWail","Underhanded Strike"],"picked":"SKIP","floor":8},{"not_picked":["Deadly Poison","Outmaneuver"],"picked":"Skewer","floor":11},{"not_picked":["PiercingWail","Heel Hook"],"picked":"Dagger Spray","floor":12},{"not_picked":["Wraith Form v2","Bane"],"picked":"Dagger Spray","floor":14}],"player_experience":59733,"relics_obtained":[{"floor":6,"key":"Smiling Mask"},{"floor":8,"key":"Bottled Lightning"},{"floor":9,"key":"Pantograph"},{"floor":14,"key":"PreservedInsect"}],"event_choices":[{"damage_healed":0,"gold_gain":0,"player_choice":"Ignored","damage_taken":0,"max_hp_gain":0,"max_hp_loss":0,"event_name":"Liars Game","floor":2,"gold_loss":0},{"damage_healed":0,"gold_gain":100,"player_choice":"Pray","damage_taken":0,"max_hp_gain":0,"max_hp_loss":0,"event_name":"Golden Shrine","floor":3,"gold_loss":0}],"is_beta":false,"boss_relics":[],"items_purged_floors":[],"is_endless":false,"potions_floor_spawned":[1,5,8],"killed_by":"Hexaghost","ascension_level":3}