{"gold_per_floor":[116,116,116,41,53,84,84,109,195,226,238,261,273,300,312,324],"floor_reached":16,"playtime":527,"items_purged":["Defend_R"],"score":110,"play_id":"9cfb8166-dc0a-4f8b-b8b7-1fbb7beb8d6b","local_time":"20190103213421","is_ascension_mode":false,"campfire_choices":[{"data":"Bash","floor":7.0,"key":"SMITH"},{"data":"Headbutt","floor":11.0,"key":"SMITH"},{"floor":15.0,"key":"REST"}],"neow_cost":"","seed_source_timestamp":91207809096899,"circlet_count":0,"master_deck":["Strike_R","Strike_R","Strike_R","Strike_R","Defend_R","Defend_R","Defend_R","Bash+1","Headbutt+1","Impervious","Seeing Red","Warcry","Pummel"],"special_seed":0,"relics":["Burning Blood","Ancient Tea Set","MawBank","Sundial","Golden Idol"],"potions_floor_usage":[16],"damage_taken":[{"damage":2.0,"enemies":"2 Louse","floor":1.0,"turns":4.0},{"damage":7.0,"enemies":"Small Slimes","floor":5.0,"turns":4.0},{"damage":28.0,"enemies":"Gremlin Nob","floor":6.0,"turns":4.0},{"damage":26.0,"enemies":"3 Sentries","floor":8.0,"turns":10.0},{"damage":1.0,"enemies":"Cultist","floor":10.0,"turns":3.0},{"damage":0.0,"enemies":"Large Slime","floor":12.0,"turns":4.0},{"damage":0.0,"enemies":"3 Louse","floor":14.0,"turns":4.0},{"damage":59,"enemies":"The Guardian","floor":16,"turns":11}],"seed_played":"4080134893820763815","potions_obtained":[{"floor":10.0,"key":"Poison Potion"},{"floor":14.0,"key":"LiquidBronze"}],"is_trial":false,"path_per_floor":["M","?","?","$","M","E","R","E","T","M","R","M","?","M","R","B"],"character_chosen":"IRONCLAD","items_purchased":[],"campfire_rested":1,"item_purchase_floors":[],"current_hp_per_floor":[80,80,80,80,79,57,57,37,37,42,42,48,28,34,58,0],"gold":324,"neow_bonus":"","is_prod":false,"is_daily":false,"chose_seed":false,"campfire_upgraded":2,"win_rate":0.0,"timestamp":1546547661,"path_taken":["M","?","?","$","M","E","R","E","T","?","R","M","?","M","R","BOSS"],"build_version":"2018-12-20","purchased_purges":1,"victory":false,"max_hp_per_floor":[80,80,80,80,80,80,80,80,80,80,80,80,80,80,80,80],"card_choices":[{"not_picked":["Armaments","True Grit"],"picked":"Headbutt","floor":1.0},{"not_picked":["Anger","Reckless Charge","Combust"],"picked":"SKIP","floor":5.0},{"not_picked":["Blood for Blood","Reckless Charge"],"picked":"Impervious","floor":6.0},{"not_picked":["Headbutt","Second Wind"],"picked":"Seeing Red","floor":8.0},{"not_picked":["Iron Wave","Anger"],"picked":"Warcry","floor":10.0},{"not_picked":["Clothesline","True Grit"],"picked":"Pummel","floor":12.0},{"not_picked":["Burning Pact","Clothesline","Rupture"],"picked":"SKIP","floor":14.0}],"player_experience":0,"relics_obtained":[{"floor":6.0,"key":"Ancient Tea Set"},{"floor":8.0,"key":"MawBank"},{"floor":9.0,"key":"Sundial"}],"event_choices":[{"cards_removed":["Strike_R"],"damage_healed":0.0,"max_hp_gain":0.0,"max_hp_loss":0.0,"gold_gain":0.0,"event_name":"Living Wall","player_choice":"Forget","floor":2.0,"gold_loss":0.0,"damage_taken":0.0},{"damage_healed":0.0,"max_hp_gain":0.0,"max_hp_loss":0.0,"gold_gain":0.0,"event_name":"Wheel of Change","player_choice":"Full Heal","floor":3.0,"gold_loss":0.0,"damage_taken":0.0},{"damage_healed":0.0,"max_hp_gain":0.0,"max_hp_loss":0.0,"gold_gain":0.0,"event_name":"Golden Idol","player_choice":"Take Damage","floor":13.0,"gold_loss":0.0,"damage_taken":20.0,"relics_obtained":["Golden Idol"]}],"is_beta":false,"boss_relics":[],"items_purged_floors":[4],"is_endless":false,"potions_floor_spawned":[10,14],"killed_by":"The Guardian","ascension_level":0}