{"gold_per_floor":[118,118,136,136,136,136,155,155,155,5,19,34,34,47,47,147,147,164,113,126,144,163,190,207,271,294,311,61,61,61,72,72,177,177,197,40,51,68,68,68,68,81,105,116,128,128,156,170,170,170],"floor_reached":51,"playtime":1931,"items_purged":[],"score":815,"play_id":"6e0aecd2-1be2-497f-aba5-0ca3504060b6","local_time":"20190209153800","is_ascension_mode":false,"campfire_choices":[{"data":"Zap","floor":6.0,"key":"SMITH"},{"data":"Ball Lightning","floor":8.0,"key":"SMITH"},{"data":"Go for the Eyes","floor":13.0,"key":"SMITH"},{"data":"Coolheaded","floor":15.0,"key":"SMITH"},{"data":"Defragment","floor":30.0,"key":"SMITH"},{"floor":32.0,"key":"REST"},{"data":"Buffer","floor":40,"key":"SMITH"},{"data":"Creative AI","floor":46,"key":"SMITH"},{"data":"Electrodynamics","floor":49,"key":"SMITH"}],"neow_cost":"NONE","seed_source_timestamp":4044904468312426,"circlet_count":0,"master_deck":["Strike_B","Strike_B","Defend_B","Defend_B","Defend_B","Zap+1","Dualcast+1","Coolheaded+1","Ball Lightning+1","Undo","Go for the Eyes+1","Glacier","Conserve Battery","Defragment+1","Conserve Battery","Beam Cell+1","Defragment+1","Creative AI+1","Buffer+1","Electrodynamics+1","Glacier+1"],"special_seed":0,"relics":["Cracked Core","Happy Flower","Matryoshka","DataDisk","Black Star","Meat on the Bone","Darkstone Periapt","Tiny Chest","StoneCalendar","Boot","Regal Pillow","Pear","Philosopher\u0027s Stone","Strawberry","Oddly Smooth Stone","Orichalcum","Ornamental Fan"],"potions_floor_usage":[50,50,50],"damage_taken":[{"damage":0.0,"enemies":"2 Louse","floor":1.0,"turns":2.0},{"damage":0.0,"enemies":"Cultist","floor":3.0,"turns":3.0},{"damage":0.0,"enemies":"Small Slimes","floor":7.0,"turns":2.0},{"damage":0.0,"enemies":"3 Louse","floor":11.0,"turns":2.0},{"damage":5.0,"enemies":"Red Slaver","floor":12.0,"turns":2.0},{"damage":4.0,"enemies":"2 Fungi Beasts","floor":14.0,"turns":2.0},{"damage":0.0,"enemies":"The Guardian","floor":16.0,"turns":11.0},{"damage":2.0,"enemies":"3 Byrds","floor":18.0,"turns":5.0},{"damage":0.0,"enemies":"Spheric Guardian","floor":20.0,"turns":4.0},{"damage":0.0,"enemies":"Centurion and Healer","floor":21.0,"turns":8.0},{"damage":0.0,"enemies":"Chosen and Byrds","floor":22.0,"turns":7.0},{"damage":11.0,"enemies":"Book of Stabbing","floor":23.0,"turns":7.0},{"damage":8.0,"enemies":"3 Cultists","floor":24.0,"turns":7.0},{"damage":29.0,"enemies":"Gremlin Leader","floor":25.0,"turns":10.0},{"damage":9.0,"enemies":"Snake Plant","floor":27.0,"turns":4.0},{"damage":41.0,"enemies":"Chosen and Byrds","floor":31.0,"turns":6.0},{"damage":20.0,"enemies":"Champ","floor":33.0,"turns":11.0},{"damage":0,"enemies":"Orb Walker","floor":35,"turns":6},{"damage":10,"enemies":"3 Shapes","floor":37,"turns":5},{"damage":0,"enemies":"Writhing Mass","floor":38,"turns":7},{"damage":0,"enemies":"Transient","floor":42,"turns":5},{"damage":0,"enemies":"Sphere and 2 Shapes","floor":44,"turns":4},{"damage":0,"enemies":"Maw","floor":45,"turns":9},{"damage":0,"enemies":"Nemesis","floor":47,"turns":7},{"damage":3,"enemies":"Spire Growth","floor":48,"turns":5},{"damage":3,"enemies":"Time Eater","floor":50,"turns":14}],"seed_played":"-5618797219339118387","potions_obtained":[{"floor":7.0,"key":"AttackPotion"},{"floor":11.0,"key":"SteroidPotion"},{"floor":18.0,"key":"GamblersBrew"},{"floor":20.0,"key":"Dexterity Potion"},{"floor":25.0,"key":"SkillPotion"},{"floor":33.0,"key":"SpeedPotion"},{"floor":35,"key":"AttackPotion"}],"is_trial":false,"path_per_floor":["M","$","M","?","$","R","M","R","T","$","M","M","R","M","R","B",null,"M","$","M","M","M","E","M","E","T","M","$","?","R","M","R","B",null,"M","$","M","M","$","R","?","M","T","M","M","R","E","M","R","B",null],"character_chosen":"DEFECT","items_purchased":["DataDisk","Conserve Battery","Pear","Electrodynamics"],"campfire_rested":1,"item_purchase_floors":[10,19,28,36],"current_hp_per_floor":[75,75,75,75,75,75,75,75,75,75,75,70,70,66,66,66,75,73,73,73,73,73,62,54,37,37,40,50,50,50,21,61,53,85,85,85,75,75,75,75,75,75,82,82,82,82,82,79,79,76],"gold":170,"neow_bonus":"RANDOM_COMMON_RELIC","is_prod":false,"is_daily":false,"chose_seed":false,"campfire_upgraded":8,"win_rate":0,"timestamp":1549726680,"path_taken":["M","$","M","?","$","R","M","R","T","$","M","M","R","M","R","BOSS","M","$","M","?","M","E","M","E","T","M","$","?","R","M","R","BOSS","M","$","M","M","$","R","?","M","T","M","?","R","E","M","R","BOSS"],"build_version":"2019-01-23","purchased_purges":0,"victory":true,"max_hp_per_floor":[75,75,75,75,75,75,75,75,75,75,75,75,75,75,75,75,75,75,75,75,75,75,75,75,75,75,75,85,85,85,85,85,85,85,85,85,85,85,85,85,85,85,92,92,92,92,92,92,92,92],"card_choices":[{"not_picked":["Hologram","Stack"],"picked":"Coolheaded","floor":1.0},{"not_picked":["Undo","Heatsinks"],"picked":"Ball Lightning","floor":3.0},{"not_picked":["Sweeping Beam","Turbo"],"picked":"Undo","floor":7.0},{"not_picked":["Turbo","Redo"],"picked":"Go for the Eyes","floor":11.0},{"not_picked":["Streamline","Sunder","Coolheaded"],"picked":"SKIP","floor":12.0},{"not_picked":["Rip and Tear","Cold Snap"],"picked":"Glacier","floor":14.0},{"not_picked":["Gash","Darkness","Doom and Gloom"],"picked":"SKIP","floor":18.0},{"not_picked":["Steam","Sweeping Beam"],"picked":"Defragment+1","floor":20.0},{"not_picked":["Beam Cell","Hello World"],"picked":"Conserve Battery","floor":21.0},{"not_picked":["Compile Driver","Redo","Steam+1"],"picked":"SKIP","floor":22.0},{"not_picked":["Compile Driver","Gash","Meteor Strike"],"picked":"SKIP","floor":23.0},{"not_picked":["Melter","Static Discharge+1"],"picked":"Beam Cell+1","floor":24.0},{"not_picked":["Go for the Eyes","FTL","Hologram"],"picked":"SKIP","floor":25.0},{"not_picked":["Streamline","Reprogram+1","Cold Snap"],"picked":"SKIP","floor":27.0},{"not_picked":["Steam","Streamline+1","Compile Driver"],"picked":"SKIP","floor":31.0},{"not_picked":["Creative AI","Multi-Cast"],"picked":"Buffer","floor":33.0},{"not_picked":["Steam","Hologram+1","Tempest"],"picked":"SKIP","floor":35},{"not_picked":["Steam","Hologram+1","Tempest"],"picked":"SKIP","floor":35},{"not_picked":["Doom and Gloom+1","Reprogram+1","Conserve Battery+1"],"picked":"SKIP","floor":37},{"not_picked":["Lockon+1","Redo","Beam Cell"],"picked":"SKIP","floor":38},{"not_picked":["Barrage","FTL","Go for the Eyes"],"picked":"SKIP","floor":42},{"not_picked":["Reprogram","Fission","Rebound"],"picked":"SKIP","floor":44},{"not_picked":["Lockon+1","Streamline+1","Beam Cell+1"],"picked":"SKIP","floor":45},{"not_picked":["Hologram+1","All For One","Streamline"],"picked":"SKIP","floor":47},{"not_picked":["Turbo","Force Field+1"],"picked":"Glacier+1","floor":48}],"player_experience":1024651,"relics_obtained":[{"floor":9.0,"key":"Matryoshka"},{"floor":23.0,"key":"Meat on the Bone"},{"floor":23.0,"key":"Darkstone Periapt"},{"floor":25.0,"key":"Tiny Chest"},{"floor":25.0,"key":"StoneCalendar"},{"floor":26.0,"key":"Boot"},{"floor":26.0,"key":"Regal Pillow"},{"floor":43,"key":"Strawberry"},{"floor":43,"key":"Oddly Smooth Stone"},{"floor":47,"key":"Orichalcum"},{"floor":47,"key":"Ornamental Fan"}],"event_choices":[{"damage_healed":0.0,"max_hp_gain":0.0,"max_hp_loss":0.0,"gold_gain":0.0,"event_name":"Accursed Blacksmith","player_choice":"Forge","floor":4.0,"gold_loss":0.0,"damage_taken":0.0,"cards_upgraded":["Dualcast"]},{"damage_healed":0.0,"max_hp_gain":0.0,"max_hp_loss":0.0,"gold_gain":0.0,"cards_transformed":["Strike_B","Defend_B"],"event_name":"Drug Dealer","player_choice":"Became Test Subject","floor":29.0,"gold_loss":0.0,"damage_taken":0.0,"cards_obtained":["Defragment","Creative AI"]},{"cards_removed":["Strike_B"],"damage_healed":0,"gold_gain":0,"player_choice":"Offered Basic","damage_taken":0,"max_hp_gain":0,"max_hp_loss":0,"event_name":"Bonfire Elementals","floor":41,"gold_loss":0}],"is_beta":false,"boss_relics":[{"not_picked":["Pandora\u0027s Box","Ectoplasm"],"picked":"Black Star"},{"not_picked":["Cursed Key","Busted Crown"],"picked":"Philosopher\u0027s Stone"}],"items_purged_floors":[],"is_endless":false,"potions_floor_spawned":[7,11,18,20,22,24,25,33,35,38,44],"ascension_level":0}