{"gold_per_floor":[116,128,148,148,160,160,193,193],"floor_reached":8,"playtime":699,"items_purged":[],"score":116,"play_id":"b685ecf5-9c1f-430a-8f32-d2dc32afc42a","local_time":"20181229205825","is_ascension_mode":true,"campfire_choices":[{"data":"Crippling Poison","floor":6,"key":"SMITH"}],"neow_cost":"PERCENT_DAMAGE","seed_source_timestamp":1075523748972607,"circlet_count":0,"master_deck":["AscendersBane","Defend_G","Defend_G","Defend_G","Defend_G","Defend_G","Strike_G","Strike_G","Strike_G","Strike_G","Survivor","Neutralize","Sucker Punch","Backflip","Quick Slash","Crippling Poison+1"],"relics":["Ring of the Snake","Gremlin Horn"],"potions_floor_usage":[2,8],"damage_taken":[{"damage":0,"enemies":"2 Louse","floor":1,"turns":3},{"damage":2,"enemies":"Small Slimes","floor":2,"turns":5},{"damage":0,"enemies":"Jaw Worm","floor":3,"turns":6},{"damage":10,"enemies":"3 Louse","floor":5,"turns":4},{"damage":36,"enemies":"3 Sentries","floor":7,"turns":15},{"damage":12,"enemies":"Exordium Wildlife","floor":8,"turns":3}],"seed_played":"6769839842625517060","potions_obtained":[{"floor":2,"key":"Fruit Juice"},{"floor":7,"key":"Explosive Potion"}],"is_trial":false,"path_per_floor":["M","M","M","?","M","R","E","M"],"character_chosen":"THE_SILENT","items_purchased":[],"campfire_rested":0,"item_purchase_floors":[],"current_hp_per_floor":[56,59,59,52,42,42,6,0],"gold":193,"neow_bonus":"TWENTY_PERCENT_HP_BONUS","is_prod":false,"is_daily":false,"chose_seed":false,"campfire_upgraded":1,"win_rate":0,"timestamp":1546145905,"path_taken":["M","M","M","?","M","R","E","M"],"build_version":"2018-12-20","purchased_purges":0,"victory":false,"max_hp_per_floor":[78,83,83,83,83,83,83,83],"card_choices":[{"not_picked":["Bane","Dagger Throw"],"picked":"Sucker Punch","floor":1},{"not_picked":["Cloak And Dagger","Distraction"],"picked":"Backflip","floor":2},{"not_picked":["Deflect","Deadly Poison"],"picked":"Quick Slash","floor":3},{"not_picked":["Sucker Punch","Cloak And Dagger"],"picked":"Crippling Poison","floor":5},{"not_picked":["Catalyst","Dodge and Roll","Doppelganger"],"picked":"SKIP","floor":7}],"player_experience":274095,"relics_obtained":[{"floor":7,"key":"Gremlin Horn"}],"event_choices":[{"cards_removed":["Strike_G"],"damage_healed":0,"gold_gain":0,"player_choice":"Card Removal","damage_taken":7,"max_hp_gain":0,"max_hp_loss":0,"event_name":"Golden Wing","floor":4,"gold_loss":0}],"is_beta":false,"boss_relics":[],"items_purged_floors":[],"is_endless":false,"potions_floor_spawned":[2,7],"killed_by":"Exordium Wildlife","ascension_level":20}