{"gold_per_floor":[117,67,67,67,67,94,47,47,70,70,95,109,120,130,130,208,208,218,231,23,41,41,75,75,75,99,14,60,84,112,124,136,148],"floor_reached":33,"playtime":1858,"items_purged":[],"score":483,"play_id":"8536b02b-bf66-417e-856f-9e90a4d1a97e","local_time":"20190210171523","is_ascension_mode":true,"campfire_choices":[{"data":"Warcry","floor":8,"key":"SMITH"},{"data":"Warcry","floor":10,"key":"SMITH"},{"data":"Armaments","floor":15,"key":"SMITH"},{"floor":24,"key":"REST"},{"floor":32,"key":"REST"}],"neow_cost":"TEN_PERCENT_HP_LOSS","seed_source_timestamp":1115396448047529,"circlet_count":0,"master_deck":["AscendersBane","Strike_R","Defend_R","Bash","Bludgeon","Havoc","Warcry+1","Impervious","Clothesline","Warcry+1","Armaments+1","Carnage","Thunderclap","Ghostly Armor","Dark Embrace","Warcry","Shrug It Off","Metallicize","Pommel Strike","Sword Boomerang","Iron Wave","Anger+1"],"relics":["Burning Blood","Shuriken","Lantern","Centennial Puzzle","Mummified Hand","Busted Crown","Frozen Eye","Bag of Marbles","Happy Flower","MawBank","Boot"],"potions_floor_usage":[16,19,23],"damage_taken":[{"damage":0,"enemies":"Cultist","floor":1,"turns":2},{"damage":24,"enemies":"Gremlin Nob","floor":6,"turns":4},{"damage":40,"enemies":"3 Sentries","floor":11,"turns":12},{"damage":4,"enemies":"Jaw Worm","floor":12,"turns":2},{"damage":0,"enemies":"Small Slimes","floor":13,"turns":1},{"damage":8,"enemies":"Blue Slaver","floor":14,"turns":2},{"damage":9,"enemies":"The Guardian","floor":16,"turns":13},{"damage":15,"enemies":"Spheric Guardian","floor":18,"turns":4},{"damage":15,"enemies":"Shell Parasite","floor":19,"turns":6},{"damage":18,"enemies":"Snecko","floor":21,"turns":3},{"damage":26,"enemies":"Book of Stabbing","floor":23,"turns":6},{"damage":26,"enemies":"Gremlin Leader","floor":28,"turns":4},{"damage":9,"enemies":"Chosen and Byrds","floor":29,"turns":3},{"damage":10,"enemies":"Sentry and Sphere","floor":30,"turns":4},{"damage":55,"enemies":"Champ","floor":33,"turns":8}],"seed_played":"-4129274091834475064","potions_obtained":[{"floor":12,"key":"EssenceOfSteel"},{"floor":14,"key":"Explosive Potion"},{"floor":16,"key":"Regen Potion"},{"floor":18,"key":"PowerPotion"},{"floor":19,"key":"Fire Potion"},{"floor":28,"key":"SmokeBomb"}],"is_trial":false,"path_per_floor":["M","?","T","?","$","E","$","R","T","R","E","M","M","M","R","B",null,"M","M","$","M","?","E","R","?","T","?","E","M","M","?","R","B"],"character_chosen":"IRONCLAD","items_purchased":["Warcry","Frozen Eye"],"campfire_rested":2,"item_purchase_floors":[7,20],"current_hp_per_floor":[72,72,72,72,72,54,54,54,54,54,20,22,28,26,26,23,60,51,57,57,45,45,25,46,46,46,46,26,23,19,19,40,0],"gold":148,"neow_bonus":"TRANSFORM_TWO_CARDS","is_prod":false,"is_daily":false,"chose_seed":false,"campfire_upgraded":3,"win_rate":0,"timestamp":1549840523,"path_taken":["M","?","?","?","?","E","?","R","T","R","E","M","?","M","R","BOSS","M","M","?","M","?","E","R","?","T","?","E","M","M","?","R","BOSS"],"build_version":"2019-01-23","purchased_purges":0,"victory":false,"max_hp_per_floor":[72,72,72,72,72,72,72,72,72,72,72,72,72,72,72,72,72,72,72,72,72,72,72,72,72,72,72,72,72,72,72,72,72],"card_choices":[{"not_picked":["Thunderclap","Rage"],"picked":"Warcry","floor":1},{"not_picked":["Dual Wield","Twin Strike"],"picked":"Clothesline","floor":6},{"not_picked":["Intimidate","Corruption"],"picked":"Armaments","floor":11},{"not_picked":["Body Slam","Twin Strike"],"picked":"Carnage","floor":12},{"not_picked":["Clash","Havoc"],"picked":"Thunderclap","floor":13},{"not_picked":["Dual Wield","Wild Strike"],"picked":"Ghostly Armor","floor":14},{"not_picked":["Offering","Double Tap"],"picked":"Dark Embrace","floor":16},{"not_picked":[],"picked":"Warcry","floor":18},{"not_picked":["Flex"],"picked":"SKIP","floor":19},{"not_picked":[],"picked":"Shrug It Off","floor":21},{"not_picked":["Pommel Strike"],"picked":"SKIP","floor":23},{"not_picked":[],"picked":"Sword Boomerang","floor":28},{"not_picked":[],"picked":"Iron Wave","floor":29},{"not_picked":[],"picked":"Anger+1","floor":30}],"player_experience":552901,"relics_obtained":[{"floor":3,"key":"Shuriken"},{"floor":6,"key":"Lantern"},{"floor":9,"key":"Centennial Puzzle"},{"floor":11,"key":"Mummified Hand"},{"floor":23,"key":"Bag of Marbles"},{"floor":26,"key":"Happy Flower"},{"floor":28,"key":"Boot"}],"event_choices":[{"cards_removed":["Strike_R"],"damage_healed":0,"gold_gain":0,"player_choice":"Card Removal","damage_taken":0,"max_hp_gain":0,"max_hp_loss":0,"event_name":"The Cleric","floor":2,"gold_loss":50},{"damage_healed":0,"gold_gain":0,"cards_transformed":["Defend_R"],"player_choice":"Change","damage_taken":0,"max_hp_gain":0,"max_hp_loss":0,"event_name":"Living Wall","floor":4,"gold_loss":0,"cards_obtained":["Impervious"]},{"cards_removed":["Defend_R"],"damage_healed":0,"gold_gain":0,"player_choice":"Elegance","damage_taken":0,"max_hp_gain":0,"max_hp_loss":0,"event_name":"Back to Basics","floor":22,"gold_loss":0},{"damage_healed":0,"gold_gain":0,"cards_transformed":["Defend_R","Strike_R"],"player_choice":"Became Test Subject","damage_taken":0,"max_hp_gain":0,"max_hp_loss":0,"event_name":"Drug Dealer","floor":25,"gold_loss":0,"cards_obtained":["Metallicize","Pommel Strike"]},{"damage_healed":0,"gold_gain":0,"player_choice":"Obtained Relic","damage_taken":0,"relics_obtained":["MawBank"],"max_hp_gain":0,"max_hp_loss":0,"event_name":"Addict","floor":27,"gold_loss":85},{"damage_healed":0,"gold_gain":0,"player_choice":"Ignored","damage_taken":0,"max_hp_gain":0,"max_hp_loss":0,"event_name":"N\u0027loth","floor":31,"gold_loss":0}],"is_beta":false,"boss_relics":[{"not_picked":["Sozu","White Beast Statue"],"picked":"Busted Crown"}],"items_purged_floors":[],"is_endless":false,"potions_floor_spawned":[12,14,16,18,19,28],"killed_by":"Champ","ascension_level":13}