{"gold_per_floor":[113,113,128,144,167,167,203,203,203,303,317,332,332,351,351,482,482,503,503,503,603,621,621,621,660,660,660,660,701,701,741,741,865,865,878,893,271,296,238,282,282,323,393,8,8,8,26,59,59,59],"floor_reached":51,"playtime":3819,"items_purged":[],"score":950,"play_id":"f8396a79-48a4-4214-a93c-3d8269615457","local_time":"20190205144343","is_ascension_mode":true,"campfire_choices":[{"data":"Caltrops","floor":6,"key":"SMITH"},{"floor":8,"key":"REST"},{"floor":15,"key":"REST"},{"floor":23,"key":"REST"},{"floor":28,"key":"REST"},{"floor":30,"key":"REST"},{"floor":32,"key":"REST"},{"floor":41,"key":"REST"},{"floor":45,"key":"REST"},{"floor":49,"key":"REST"}],"neow_cost":"CURSE","seed_source_timestamp":136836320177259,"circlet_count":0,"master_deck":["Defend_G","Defend_G","Defend_G","Defend_G","Defend_G","Strike_G","Strike_G","Survivor","Neutralize","Finisher","Slice","Dagger Spray","Caltrops+1","Endless Agony","Infinite Blades","Poisoned Stab","Doppelganger","Blur+1","Calculated Gamble+1","Caltrops+1","Prepared","Footwork","Cloak And Dagger","Flying Knee","After Image","Backflip+1","PiercingWail+1","Panache","Dagger Throw+1","Acrobatics+1","Quick Slash+1","Well Laid Plans","Glass Knife"],"relics":["Ring of the Snake","StoneCalendar","Golden Idol","Mummified Hand","Bottled Tornado","Spirit Poop","Astrolabe","Meat on the Bone","Shuriken","The Courier","Thread and Needle","Bag of Preparation","WristBlade","Vajra","WingedGreaves","Ancient Tea Set","Strawberry","Pen Nib","Paper Crane","Oddly Smooth Stone","Ninja Scroll","Bottled Flame"],"potions_floor_usage":[7,11,16,16,25,29,31,33,48,50],"damage_taken":[{"damage":7,"enemies":"Cultist","floor":1,"turns":6},{"damage":6,"enemies":"2 Louse","floor":3,"turns":5},{"damage":0,"enemies":"Jaw Worm","floor":4,"turns":3},{"damage":12,"enemies":"Red Slaver","floor":5,"turns":6},{"damage":20,"enemies":"3 Sentries","floor":7,"turns":6},{"damage":21,"enemies":"Large Slime","floor":11,"turns":5},{"damage":6,"enemies":"2 Fungi Beasts","floor":12,"turns":3},{"damage":6,"enemies":"Lots of Slimes","floor":14,"turns":3},{"damage":28,"enemies":"The Guardian","floor":16,"turns":11},{"damage":16,"enemies":"Spheric Guardian","floor":18,"turns":4},{"damage":9,"enemies":"Shell Parasite","floor":22,"turns":6},{"damage":15,"enemies":"Book of Stabbing","floor":25,"turns":5},{"damage":46,"enemies":"Gremlin Leader","floor":29,"turns":7},{"damage":17,"enemies":"Slavers","floor":31,"turns":3},{"damage":34,"enemies":"Automaton","floor":33,"turns":8},{"damage":20,"enemies":"3 Shapes","floor":35,"turns":7},{"damage":2,"enemies":"Orb Walker","floor":36,"turns":2},{"damage":6,"enemies":"Jaw Worm Horde","floor":38,"turns":4},{"damage":12,"enemies":"Giant Head","floor":40,"turns":7},{"damage":29,"enemies":"Reptomancer","floor":42,"turns":4},{"damage":12,"enemies":"Transient","floor":47,"turns":5},{"damage":1,"enemies":"Nemesis","floor":48,"turns":3},{"damage":62,"enemies":"Donu and Deca","floor":50,"turns":7}],"seed_played":"9011267688880752471","potions_obtained":[{"floor":3,"key":"SteroidPotion"},{"floor":7,"key":"Regen Potion"},{"floor":14,"key":"EntropicBrew"},{"floor":16,"key":"SteroidPotion"},{"floor":25,"key":"Regen Potion"},{"floor":31,"key":"AttackPotion"},{"floor":33,"key":"SteroidPotion"},{"floor":36,"key":"AttackPotion"},{"floor":48,"key":"Regen Potion"}],"is_trial":false,"path_per_floor":["M","?","M","M","M","R","E","R","T","?","M","M","?","M","R","B",null,"M","T","?","?","M","R","?","E","T","?","R","E","R","E","R","B",null,"M","M","$","M","$","E","R","E","T","$","R","?","M","E","R","B",null],"character_chosen":"THE_SILENT","items_purchased":["Vajra","Panache","WingedGreaves","Ancient Tea Set","GhostInAJar","Oddly Smooth Stone","Ninja Scroll","Well Laid Plans"],"campfire_rested":9,"item_purchase_floors":[37,37,37,37,39,44,44,44],"current_hp_per_floor":[63,63,57,57,45,45,25,44,44,44,37,31,31,25,44,16,53,37,37,37,37,40,59,59,44,44,44,63,43,62,45,64,42,59,39,37,37,43,43,50,71,42,42,42,63,63,51,50,71,30],"gold":59,"neow_bonus":"ONE_RARE_RELIC","is_prod":false,"is_daily":false,"chose_seed":false,"campfire_upgraded":1,"win_rate":0,"timestamp":1549374223,"path_taken":["M","?","M","M","M","R","E","R","T","?","?","M","?","M","R","BOSS","M","?","?","?","?","R","?","E","T","?","R","E","R","E","R","BOSS","M","?","$","M","?","E","R","E","T","$","R","?","M","E","R","BOSS"],"build_version":"2019-01-23","purchased_purges":0,"victory":true,"max_hp_per_floor":[70,65,65,65,65,65,65,65,65,65,65,65,65,65,65,65,65,65,65,65,65,65,65,65,65,65,65,65,65,65,65,65,65,65,65,65,65,65,65,72,72,72,72,72,72,72,72,72,72,72],"card_choices":[{"not_picked":["PiercingWail","Acrobatics"],"picked":"Finisher","floor":1},{"not_picked":["Skewer","Acrobatics"],"picked":"Slice","floor":3},{"not_picked":["PiercingWail","Outmaneuver"],"picked":"Dagger Spray","floor":4},{"not_picked":["Flying Knee","Deadly Poison"],"picked":"Caltrops","floor":5},{"not_picked":["Deadly Poison","Burst"],"picked":"Endless Agony","floor":7},{"not_picked":["All Out Attack","Quick Slash"],"picked":"Infinite Blades","floor":11},{"not_picked":["Eviscerate","Slice"],"picked":"Poisoned Stab","floor":12},{"not_picked":["Deadly Poison","Infinite Blades","Bouncing Flask"],"picked":"SKIP","floor":14},{"not_picked":["Storm of Steel","Burst"],"picked":"Doppelganger","floor":16},{"not_picked":["Underhanded Strike+1","Dodge and Roll"],"picked":"Prepared","floor":18},{"not_picked":["Quick Slash","Blade Dance"],"picked":"Footwork","floor":22},{"not_picked":["Adrenaline","Grand Finale"],"picked":"Quick Slash+1","floor":25},{"not_picked":["Outmaneuver","Deadly Poison","Dagger Spray"],"picked":"SKIP","floor":29},{"not_picked":["Deadly Poison","Bouncing Flask+1"],"picked":"Flying Knee","floor":31},{"not_picked":["Storm of Steel","Unload"],"picked":"After Image","floor":33},{"not_picked":["Setup+1","Deflect+1"],"picked":"Backflip+1","floor":35},{"not_picked":["Prepared+1","Outmaneuver+1"],"picked":"PiercingWail+1","floor":36},{"not_picked":["Deadly Poison+1","Infinite Blades+1"],"picked":"Dagger Throw+1","floor":38},{"not_picked":["Venomology","Deadly Poison+1"],"picked":"Acrobatics+1","floor":40},{"not_picked":["Bane+1","Choke"],"picked":"Quick Slash+1","floor":42},{"not_picked":["Deadly Poison+1","PiercingWail+1","Acrobatics+1"],"picked":"SKIP","floor":47},{"not_picked":["Underhanded Strike+1","Quick Slash"],"picked":"Glass Knife","floor":48}],"player_experience":414735,"relics_obtained":[{"floor":7,"key":"Mummified Hand"},{"floor":9,"key":"Bottled Tornado"},{"floor":19,"key":"Meat on the Bone"},{"floor":25,"key":"Shuriken"},{"floor":26,"key":"The Courier"},{"floor":29,"key":"Thread and Needle"},{"floor":31,"key":"Bag of Preparation"},{"floor":40,"key":"Strawberry"},{"floor":42,"key":"Pen Nib"},{"floor":43,"key":"Paper Crane"},{"floor":48,"key":"Bottled Flame"}],"event_choices":[{"damage_healed":0,"gold_gain":0,"player_choice":"Lose Max HP","damage_taken":0,"relics_obtained":["Golden Idol"],"max_hp_gain":0,"max_hp_loss":5,"event_name":"Golden Idol","floor":2,"gold_loss":0},{"damage_healed":0,"gold_gain":100,"player_choice":"Pray","damage_taken":0,"max_hp_gain":0,"max_hp_loss":0,"event_name":"Golden Shrine","floor":10,"gold_loss":0},{"cards_removed":["Normality"],"damage_healed":0,"gold_gain":0,"player_choice":"Offered Curse","damage_taken":0,"relics_obtained":["Spirit Poop"],"max_hp_gain":0,"max_hp_loss":0,"event_name":"Bonfire Elementals","floor":13,"gold_loss":0},{"damage_healed":0,"gold_gain":0,"player_choice":"Ignored","damage_taken":0,"max_hp_gain":0,"max_hp_loss":0,"event_name":"Beggar","floor":20,"gold_loss":0},{"damage_healed":0,"gold_gain":100,"player_choice":"Pray","damage_taken":0,"max_hp_gain":0,"max_hp_loss":0,"event_name":"Golden Shrine","floor":21,"gold_loss":0},{"damage_healed":0,"gold_gain":0,"player_choice":"Read","damage_taken":0,"max_hp_gain":0,"max_hp_loss":0,"event_name":"The Library","floor":24,"gold_loss":0,"cards_obtained":["Cloak And Dagger"]},{"damage_healed":0,"gold_gain":0,"player_choice":"Ignored","damage_taken":0,"max_hp_gain":0,"max_hp_loss":0,"event_name":"Transmorgrifier","floor":27,"gold_loss":0},{"cards_removed":["Quick Slash"],"damage_healed":0,"gold_gain":0,"player_choice":"Removed Attack","damage_taken":0,"max_hp_gain":0,"max_hp_loss":0,"event_name":"Falling","floor":46,"gold_loss":0}],"is_beta":false,"boss_relics":[{"not_picked":["Philosopher\u0027s Stone","Sozu"],"picked":"Astrolabe"},{"not_picked":["Empty Cage","Busted Crown"],"picked":"WristBlade"}],"items_purged_floors":[],"is_endless":false,"potions_floor_spawned":[3,7,14,16,25,31,33,36,38,48],"ascension_level":5}