{"gold_per_floor":[111,122,122,136,67,99,99,99,99,110,110,129,163,61,61,160,160,171,171,191,191,241,241,276,129,153,170,183,183,183],"floor_reached":30,"playtime":2221,"items_purged":["Strike_G"],"score":258,"play_id":"f5cdac10-0e48-469d-8e5b-002a3d5837dd","local_time":"20190206142321","is_ascension_mode":false,"campfire_choices":[{"data":"After Image","floor":7,"key":"SMITH"},{"data":"Dagger Spray","floor":11,"key":"SMITH"},{"data":"Infinite Blades","floor":15,"key":"SMITH"},{"data":"PiercingWail","floor":23,"key":"SMITH"}],"neow_cost":"NONE","seed_source_timestamp":243885913367827,"circlet_count":0,"master_deck":["Defend_G","Defend_G","Defend_G","Defend_G","Defend_G","Strike_G","Strike_G","Strike_G","Strike_G","Survivor","Neutralize+1","Blade Dance","Dagger Throw","Dagger Spray+1","Leg Sweep","After Image+1","PiercingWail+1","Deadly Poison","Catalyst","Infinite Blades+1","PiercingWail","Die Die Die","Crippling Poison","Backflip","Blur+1","Flechettes","Well Laid Plans","Well Laid Plans+1","Writhe"],"relics":["Ring of the Snake","NeowsBlessing","FaceOfCleric","Torii","Peace Pipe","Dodecahedron","HoveringKite","StoneCalendar","Dream Catcher","Centennial Puzzle"],"potions_floor_usage":[13,16,24,24,27],"damage_taken":[{"damage":0,"enemies":"2 Louse","floor":1,"turns":1},{"damage":0,"enemies":"Cultist","floor":2,"turns":1},{"damage":0,"enemies":"Jaw Worm","floor":4,"turns":1},{"damage":12,"enemies":"3 Sentries","floor":6,"turns":9},{"damage":1,"enemies":"Looter","floor":10,"turns":4},{"damage":1,"enemies":"Blue Slaver","floor":12,"turns":5},{"damage":1,"enemies":"Gremlin Nob","floor":13,"turns":4},{"damage":4,"enemies":"The Guardian","floor":16,"turns":13},{"damage":7,"enemies":"2 Thieves","floor":18,"turns":5},{"damage":0,"enemies":"Chosen","floor":20,"turns":6},{"damage":45,"enemies":"Gremlin Leader","floor":24,"turns":9},{"damage":13,"enemies":"Snake Plant","floor":27,"turns":6},{"damage":13,"enemies":"3 Cultists","floor":28,"turns":7},{"damage":24,"enemies":"Masked Bandits","floor":30,"turns":3}],"seed_played":"7818223605098675630","potions_obtained":[{"floor":1,"key":"Poison Potion"},{"floor":2,"key":"GhostInAJar"},{"floor":10,"key":"Regen Potion"},{"floor":13,"key":"Dexterity Potion"},{"floor":20,"key":"AttackPotion"}],"is_trial":false,"path_per_floor":["M","M","?","M","$","E","R","?","T","M","R","M","E","$","R","B",null,"M","?","M","?","?","R","E","$","T","M","M","?","?"],"character_chosen":"THE_SILENT","items_purchased":["Leg Sweep","Infinite Blades","PiercingWail","Well Laid Plans"],"campfire_rested":0,"item_purchase_floors":[5,14,14,25],"current_hp_per_floor":[70,70,70,71,71,60,60,60,60,60,60,60,60,60,60,57,76,70,70,71,71,71,71,27,27,27,30,18,18,0],"gold":183,"neow_bonus":"THREE_ENEMY_KILL","is_prod":false,"is_daily":false,"chose_seed":false,"campfire_upgraded":4,"win_rate":0,"timestamp":1549459401,"path_taken":["M","M","?","?","$","E","R","?","T","M","R","?","E","$","R","BOSS","M","?","M","?","?","R","E","$","T","?","M","?","?"],"build_version":"2019-01-23","purchased_purges":1,"victory":false,"max_hp_per_floor":[70,70,70,71,71,72,72,72,72,73,73,74,75,75,75,76,76,77,77,78,78,78,78,79,79,79,80,81,81,81],"card_choices":[{"not_picked":["Reflex","Poisoned Stab"],"picked":"Blade Dance","floor":1},{"not_picked":["Acrobatics","Tactician"],"picked":"Dagger Throw","floor":2},{"not_picked":["Escape Plan","Calculated Gamble"],"picked":"Dagger Spray","floor":4},{"not_picked":["Expertise","Distraction"],"picked":"After Image","floor":6},{"not_picked":["Poisoned Stab","Heel Hook"],"picked":"PiercingWail","floor":10},{"not_picked":["Acrobatics","Prepared"],"picked":"Deadly Poison","floor":12},{"not_picked":["Flying Knee","Blade Dance"],"picked":"Catalyst","floor":13},{"not_picked":["Phantasmal Killer","Glass Knife"],"picked":"Die Die Die","floor":16},{"not_picked":["Catalyst+1","Masterful Stab"],"picked":"Crippling Poison","floor":18},{"not_picked":["Outmaneuver+1","Infinite Blades"],"picked":"Blur+1","floor":20},{"not_picked":["Eviscerate","Expertise+1"],"picked":"Flechettes","floor":24},{"not_picked":["Dagger Throw+1","Slice+1","Riddle With Holes"],"picked":"SKIP","floor":27},{"not_picked":["Slice","Prepared"],"picked":"Well Laid Plans+1","floor":28}],"player_experience":27939,"relics_obtained":[{"floor":6,"key":"Torii"},{"floor":9,"key":"Peace Pipe"},{"floor":13,"key":"Dodecahedron"},{"floor":24,"key":"StoneCalendar"},{"floor":26,"key":"Dream Catcher"}],"event_choices":[{"damage_healed":0,"gold_gain":0,"player_choice":"Trade","damage_taken":0,"relics_obtained":["FaceOfCleric"],"max_hp_gain":0,"max_hp_loss":0,"event_name":"FaceTrader","floor":3,"gold_loss":0},{"damage_healed":0,"gold_gain":0,"player_choice":"Forge","damage_taken":0,"max_hp_gain":0,"max_hp_loss":0,"event_name":"Accursed Blacksmith","floor":8,"gold_loss":0,"cards_upgraded":["Neutralize"]},{"damage_healed":0,"gold_gain":0,"player_choice":"Read","damage_taken":0,"max_hp_gain":0,"max_hp_loss":0,"event_name":"The Library","floor":19,"gold_loss":0,"cards_obtained":["Backflip"]},{"damage_healed":0,"gold_gain":0,"player_choice":"Ignored","damage_taken":0,"max_hp_gain":0,"max_hp_loss":0,"event_name":"Vampires","floor":21,"gold_loss":0},{"damage_healed":0,"gold_gain":100,"player_choice":"Bet on Murderer","damage_taken":0,"max_hp_gain":0,"max_hp_loss":0,"event_name":"The Joust","floor":22,"gold_loss":50},{"damage_healed":0,"gold_gain":0,"player_choice":"Opened","damage_taken":0,"relics_obtained":["Centennial Puzzle"],"max_hp_gain":0,"max_hp_loss":0,"event_name":"The Mausoleum","floor":29,"gold_loss":0,"cards_obtained":["Writhe"]},{"damage_healed":0,"gold_gain":0,"player_choice":"Fought Bandits","damage_taken":0,"max_hp_gain":0,"max_hp_loss":0,"event_name":"Masked Bandits","floor":30,"gold_loss":0}],"is_beta":false,"boss_relics":[{"not_picked":["Lizard Tail","Fusion Hammer"],"picked":"HoveringKite"}],"items_purged_floors":[25],"is_endless":false,"potions_floor_spawned":[1,2,10,12,13,20],"killed_by":"Masked Bandits","ascension_level":0}