{"gold_per_floor":[112,124,124,138,70,70,96,96,151,164,193,193,193,208,208,305,305,318,24,44,44,144,144,144,154,211,211,244,244,264,291,291,394,394,405,424,439,207,219,219,219,219,219,219,44,44,58,78,78,78],"floor_reached":51,"playtime":1580,"items_purged":["Strike_B","Defend_B"],"score":745,"play_id":"91e08fd8-81f1-4238-a2c9-b29d353f33c0","local_time":"20181101215209","is_ascension_mode":false,"campfire_choices":[{"data":"Defragment","floor":6.0,"key":"SMITH"},{"data":"Dualcast","floor":8.0,"key":"SMITH"},{"data":"Lockon","floor":13.0,"key":"SMITH"},{"data":"Zap","floor":15.0,"key":"SMITH"},{"data":"Rainbow","floor":23.0,"key":"SMITH"},{"data":"Go for the Eyes","floor":27.0,"key":"SMITH"},{"data":"Ball Lightning","floor":29.0,"key":"SMITH"},{"data":"Strike_B","floor":32.0,"key":"SMITH"},{"data":"Electrodynamics","floor":40.0,"key":"SMITH"},{"data":"Defragment","floor":44.0,"key":"SMITH"},{"data":"Defragment","floor":46.0,"key":"SMITH"},{"data":"Capacitor","floor":49.0,"key":"SMITH"}],"neow_cost":"NONE","seed_source_timestamp":1565452835096931,"circlet_count":0,"master_deck":["Strike_B+1","Strike_B","Strike_B","Defend_B+1","Defend_B","Defend_B","Zap+1","Dualcast+1","Conserve Battery+1","Go for the Eyes+1","Defragment+1","Undo","Lockon+1","Chill","Rainbow+1","Ball Lightning+1","Darkness+1","Electrodynamics+1","Capacitor+1","Coolheaded+1","Chill+1","Stack+1","Defragment+1","Blizzard","Barrage+1","Defragment+1"],"special_seed":0,"relics":["Cracked Core","Orichalcum","War Paint","Boot","Vajra","Sozu","Singing Bowl","Tiny Chest","Symbiotic Virus","Bronze Scales","Orrery","Centennial Puzzle"],"potions_floor_usage":[],"damage_taken":[{"damage":1.0,"enemies":"Jaw Worm","floor":1.0,"turns":3.0},{"damage":0.0,"enemies":"Cultist","floor":2.0,"turns":4.0},{"damage":0.0,"enemies":"Small Slimes","floor":4.0,"turns":3.0},{"damage":10.0,"enemies":"Lagavulin","floor":7.0,"turns":7.0},{"damage":7.0,"enemies":"Gremlin Gang","floor":10.0,"turns":5.0},{"damage":14.0,"enemies":"Gremlin Nob","floor":11.0,"turns":4.0},{"damage":9.0,"enemies":"Exordium Thugs","floor":14.0,"turns":4.0},{"damage":10.0,"enemies":"Hexaghost","floor":16.0,"turns":9.0},{"damage":0.0,"enemies":"Shell Parasite","floor":18.0,"turns":6.0},{"damage":4.0,"enemies":"3 Byrds","floor":20.0,"turns":4.0},{"damage":13.0,"enemies":"Centurion and Healer","floor":25.0,"turns":5.0},{"damage":0.0,"enemies":"Book of Stabbing","floor":28.0,"turns":4.0},{"damage":0.0,"enemies":"Snecko","floor":30.0,"turns":4.0},{"damage":21.0,"enemies":"Gremlin Leader","floor":31.0,"turns":9.0},{"damage":46.0,"enemies":"Automaton","floor":33.0,"turns":10.0},{"damage":0.0,"enemies":"Orb Walker","floor":35.0,"turns":3.0},{"damage":0.0,"enemies":"3 Shapes","floor":36.0,"turns":5.0},{"damage":10.0,"enemies":"Maw","floor":37.0,"turns":8.0},{"damage":28.0,"enemies":"Spire Growth","floor":39.0,"turns":5.0},{"damage":1.0,"enemies":"Transient","floor":47.0,"turns":5.0},{"damage":7.0,"enemies":"Jaw Worm Horde","floor":48.0,"turns":4.0},{"damage":36,"enemies":"Donu and Deca","floor":50,"turns":9}],"seed_played":"7395750898268786797","potions_obtained":[{"floor":1.0,"key":"Fire Potion"},{"floor":4.0,"key":"SpeedPotion"},{"floor":10.0,"key":"Explosive Potion"}],"is_trial":false,"path_per_floor":["M","M","?","M","$","R","E","R","T","M","E","$","R","M","R","B",null,"M","$","M","$","?","R","?","M","T","R","E","R","M","E","R","B",null,"M","M","M","$","M","R","?","?","T","R","$","R","M","M","R","B"],"character_chosen":"DEFECT","items_purchased":["Defragment","Singing Bowl","Ball Lightning","Defragment","Blizzard","Defragment"],"campfire_rested":0,"item_purchase_floors":[5,19,19,38,38,45],"current_hp_per_floor":[81,81,81,81,81,81,71,71,71,64,50,50,50,41,41,31,82,82,82,80,80,80,80,80,69,69,69,71,71,73,52,52,6,96,96,98,88,88,60,60,60,60,60,60,60,60,61,56,56,20],"gold":78,"neow_bonus":"TEN_PERCENT_HP_BONUS","is_prod":false,"is_daily":false,"chose_seed":false,"campfire_upgraded":12,"win_rate":0,"timestamp":1541109129,"path_taken":["M","M","?","M","$","R","E","R","T","M","E","?","R","M","R","BOSS","M","$","?","?","?","R","?","M","T","R","E","R","M","E","R","BOSS","M","M","M","$","M","R","?","?","T","R","$","R","M","?","R","BOSS"],"build_version":"2018-10-25v2","purchased_purges":2,"victory":true,"max_hp_per_floor":[82,82,82,82,82,82,82,82,82,82,82,82,82,82,82,82,82,82,82,84,84,84,84,84,86,86,86,88,88,90,90,90,90,96,96,98,98,98,98,98,98,93,93,93,93,93,95,97,97,97],"card_choices":[{"not_picked":["Tempest","Heatsinks","Streamline"],"picked":"SKIP","floor":1.0},{"not_picked":["Hello World","Chill"],"picked":"Conserve Battery","floor":2.0},{"not_picked":["Beam Cell","Gash"],"picked":"Go for the Eyes","floor":4.0},{"not_picked":["Double Energy","Barrage"],"picked":"Undo","floor":7.0},{"not_picked":["White Noise","Compile Driver","Double Energy"],"picked":"SKIP","floor":10.0},{"not_picked":["Sweeping Beam","Leap"],"picked":"Lockon","floor":11.0},{"not_picked":["Gash","Conserve Battery"],"picked":"Chill","floor":14.0},{"not_picked":["Meteor Strike","Creative AI"],"picked":"Rainbow","floor":16.0},{"not_picked":["Reinforced Body+1","Gash","Recycle"],"picked":"SKIP","floor":18.0},{"not_picked":["Compile Driver","Coolheaded","Aggregate"],"picked":"Singing Bowl","floor":20.0},{"not_picked":["Stack","Redo+1","Rebound+1"],"picked":"Singing Bowl","floor":25.0},{"not_picked":["Hologram","Barrage+1","Turbo"],"picked":"Singing Bowl","floor":28.0},{"not_picked":["Hologram","Coolheaded","Amplify"],"picked":"Singing Bowl","floor":30.0},{"not_picked":["Double Energy","Steam"],"picked":"Darkness+1","floor":31.0},{"not_picked":["Thunder Strike","Meteor Strike"],"picked":"Electrodynamics","floor":33.0},{"not_picked":["Leap","Scrape"],"picked":"Capacitor","floor":34.0},{"not_picked":["Beam Cell","Turbo"],"picked":"Coolheaded+1","floor":34.0},{"not_picked":["Cold Snap","Conserve Battery","Rebound"],"picked":"Singing Bowl","floor":34.0},{"not_picked":["Streamline","Ball Lightning","White Noise"],"picked":"Singing Bowl","floor":34.0},{"not_picked":["Tempest","Steam+1","Fusion"],"picked":"Singing Bowl","floor":34.0},{"not_picked":["Consume","Skim"],"picked":"Chill+1","floor":35.0},{"not_picked":["Conserve Battery","Fusion","Reboot"],"picked":"Singing Bowl","floor":36.0},{"not_picked":["Go for the Eyes","Tempest"],"picked":"Stack+1","floor":37.0},{"not_picked":["Steam+1","Sunder"],"picked":"Barrage+1","floor":39.0},{"not_picked":["Cold Snap","Go for the Eyes","Streamline+1"],"picked":"Singing Bowl","floor":47.0},{"not_picked":["Cold Snap+1","Coolheaded+1","Rip and Tear"],"picked":"Singing Bowl","floor":48.0}],"player_experience":753368,"relics_obtained":[{"floor":7.0,"key":"War Paint"},{"floor":9.0,"key":"Boot"},{"floor":11.0,"key":"Vajra"},{"floor":26.0,"key":"Tiny Chest"},{"floor":28.0,"key":"Symbiotic Virus"},{"floor":31.0,"key":"Bronze Scales"},{"floor":43.0,"key":"Centennial Puzzle"}],"event_choices":[{"damage_healed":0.0,"max_hp_gain":0.0,"max_hp_loss":0.0,"gold_gain":0.0,"event_name":"WeMeetAgain","player_choice":"Gave Potion","floor":3.0,"gold_loss":0.0,"damage_taken":0.0,"relics_obtained":["Orichalcum"]},{"damage_healed":0.0,"max_hp_gain":0.0,"max_hp_loss":0.0,"gold_gain":100.0,"event_name":"Golden Shrine","player_choice":"Pray","floor":22.0,"gold_loss":0.0,"damage_taken":0.0},{"damage_healed":0.0,"max_hp_gain":0.0,"max_hp_loss":0.0,"gold_gain":0.0,"event_name":"Cursed Tome","player_choice":"Ignored","floor":24.0,"gold_loss":0.0,"damage_taken":0.0},{"damage_healed":0.0,"max_hp_gain":0.0,"max_hp_loss":0.0,"gold_gain":0.0,"event_name":"Mysterious Sphere","player_choice":"Ignored","floor":41.0,"gold_loss":0.0,"damage_taken":0.0},{"damage_healed":0.0,"max_hp_gain":0.0,"max_hp_loss":5.0,"gold_gain":0.0,"event_name":"Winding Halls","player_choice":"Max HP","floor":42.0,"gold_loss":0.0,"damage_taken":0.0}],"is_beta":false,"boss_relics":[{"not_picked":["Nuclear Battery","FrozenCore"],"picked":"Sozu"},{"not_picked":["Calling Bell","Black Star"],"picked":"Orrery"}],"items_purged_floors":[38,45],"is_endless":false,"potions_floor_spawned":[1,4,10,20,28,33,35,37,47],"ascension_level":0}