{"gold_per_floor":[113,188,207,222,222,222,255,255,279,279,306,324,356,376,376,376],"floor_reached":16,"playtime":4367,"items_purged":[],"score":187,"play_id":"c1132f48-a5b0-4e11-83c9-8a903e465595","local_time":"20190104185543","is_ascension_mode":true,"campfire_choices":[{"data":"Feed","floor":6,"key":"SMITH"},{"data":"Bash","floor":8,"key":"SMITH"},{"floor":15,"key":"REST"}],"neow_cost":"NONE","seed_source_timestamp":1582883330992118,"circlet_count":0,"master_deck":["Strike_R","Strike_R","Strike_R","Strike_R","Strike_R","Defend_R","Defend_R","Defend_R+1","Defend_R+1","Bash+1","Feed+1","Rage","Warcry","Clothesline","Disarm","Iron Wave","Metallicize","Shrug It Off"],"relics":["Burning Blood","War Paint","Blood Vial","Anchor","Potion Belt","Juzu Bracelet"],"potions_floor_usage":[7,11,13],"damage_taken":[{"damage":7,"enemies":"Small Slimes","floor":1,"turns":3},{"damage":15,"enemies":"Jaw Worm","floor":3,"turns":5},{"damage":2,"enemies":"2 Louse","floor":4,"turns":3},{"damage":16,"enemies":"Gremlin Nob","floor":7,"turns":5},{"damage":21,"enemies":"3 Sentries","floor":11,"turns":9},{"damage":27,"enemies":"Exordium Thugs","floor":12,"turns":5},{"damage":27,"enemies":"Lagavulin","floor":13,"turns":9},{"damage":3,"enemies":"Large Slime","floor":14,"turns":7},{"damage":57,"enemies":"Hexaghost","floor":16,"turns":18}],"seed_played":"-2977581742925798396","potions_obtained":[{"floor":1,"key":"Block Potion"},{"floor":3,"key":"Dexterity Potion"},{"floor":7,"key":"Block Potion"},{"floor":12,"key":"SpeedPotion"}],"is_trial":false,"path_per_floor":["M","?","M","M","T","R","E","R","T","$","E","M","E","M","R","B"],"character_chosen":"IRONCLAD","items_purchased":[],"campfire_rested":1,"item_purchase_floors":[],"current_hp_per_floor":[74,63,57,64,64,64,58,58,58,58,49,34,15,24,55,0],"gold":376,"neow_bonus":"ONE_RANDOM_RARE_CARD","is_prod":false,"is_daily":false,"chose_seed":false,"campfire_upgraded":2,"win_rate":0,"timestamp":1546656943,"path_taken":["M","?","M","M","?","R","E","R","T","$","E","?","E","M","R","BOSS"],"build_version":"2019-01-03v4","purchased_purges":0,"victory":false,"max_hp_per_floor":[83,83,86,89,89,89,93,93,93,93,97,101,101,105,105,105],"card_choices":[{"not_picked":["Evolve","Wild Strike"],"picked":"Rage","floor":1},{"not_picked":["Clothesline","Second Wind"],"picked":"Warcry","floor":3},{"not_picked":["Searing Blow","Flex"],"picked":"Clothesline","floor":4},{"not_picked":["Iron Wave","Perfected Strike"],"picked":"Disarm","floor":7},{"not_picked":["Blood for Blood","Carnage","Dropkick"],"picked":"SKIP","floor":11},{"not_picked":["Havoc","Clash"],"picked":"Iron Wave","floor":12},{"not_picked":["Thunderclap","Reaper"],"picked":"Metallicize","floor":13},{"not_picked":["Body Slam","Perfected Strike"],"picked":"Shrug It Off","floor":14}],"player_experience":346939,"relics_obtained":[{"floor":5,"key":"War Paint"},{"floor":7,"key":"Blood Vial"},{"floor":9,"key":"Anchor"},{"floor":11,"key":"Potion Belt"},{"floor":13,"key":"Juzu Bracelet"}],"event_choices":[{"damage_healed":0,"gold_gain":75,"player_choice":"Gather Gold","damage_taken":11,"max_hp_gain":0,"max_hp_loss":0,"event_name":"World of Goop","floor":2,"gold_loss":0}],"is_beta":false,"boss_relics":[],"items_purged_floors":[],"is_endless":false,"potions_floor_spawned":[1,3,7,12],"killed_by":"Hexaghost","ascension_level":7}