{"gold_per_floor":[111,129,55,55,55,81,81,112,112,112,140,158,10,25,25,130,130,146,146,146,159,172,172,202,212,212,69,69,69,69,104,104,206,206,218,23,41,141,152,152,182,202,276,311,311,311,345,3,3,3],"floor_reached":51,"playtime":2715,"items_purged":["Strike_R","Strike_R"],"score":1412,"play_id":"293182fb-1675-46db-904b-84e935a1764a","local_time":"20190210190947","is_ascension_mode":true,"campfire_choices":[{"data":"Flame Barrier","floor":7.0,"key":"SMITH"},{"data":"Battle Trance","floor":10.0,"key":"SMITH"},{"data":"Perfected Strike","floor":15.0,"key":"SMITH"},{"data":"True Grit","floor":23,"key":"SMITH"},{"data":"Limit Break","floor":29,"key":"SMITH"},{"data":"J.A.X.","floor":32,"key":"SMITH"},{"data":"Ghostly","floor":40,"key":"SMITH"},{"data":"Ghostly","floor":46,"key":"SMITH"},{"data":"Havoc","floor":49,"key":"SMITH"}],"neow_cost":"NONE","seed_source_timestamp":7153562911200,"circlet_count":0,"master_deck":["AscendersBane","Strike_R","Strike_R","Defend_R","Defend_R+1","Defend_R","Defend_R","Bash+1","Battle Trance+1","Flame Barrier+1","Shrug It Off","Havoc+1","Perfected Strike+1","Reaper","Limit Break+1","Headbutt+1","Ghostly+1","Ghostly+1","Ghostly","Ghostly","Ghostly","Blood for Blood","Rage+1","True Grit+1","J.A.X.+1","Disarm","Offering","Sword Boomerang+1","True Grit+1","Warcry+1","Barricade+1","Ghostly Armor","Rupture+1"],"special_seed":0,"relics":["Burning Blood","Anchor","Dead Branch","Gremlin Horn","Pantograph","Odd Mushroom","Red Skull","Coffee Dripper","Orichalcum","Mummified Hand","Vajra","Frozen Egg 2","Strawberry","Sozu","Tiny Chest","Nunchaku","Oddly Smooth Stone","Bottled Lightning","Molten Egg 2","FossilizedHelix","Art of War","ClockworkSouvenir"],"potions_floor_usage":[16,24,31,35,50],"damage_taken":[{"damage":1.0,"enemies":"Jaw Worm","floor":1.0,"turns":4.0},{"damage":0.0,"enemies":"2 Louse","floor":2.0,"turns":3.0},{"damage":42.0,"enemies":"Lagavulin","floor":6.0,"turns":6.0},{"damage":0.0,"enemies":"3 Sentries","floor":8.0,"turns":7.0},{"damage":20.0,"enemies":"The Mushroom Lair","floor":11.0,"turns":8.0},{"damage":1.0,"enemies":"Small Slimes","floor":12.0,"turns":5.0},{"damage":3.0,"enemies":"Blue Slaver","floor":14.0,"turns":3.0},{"damage":72,"enemies":"Slime Boss","floor":16,"turns":11},{"damage":12,"enemies":"Shell Parasite","floor":18,"turns":10},{"damage":1,"enemies":"Chosen","floor":21,"turns":6},{"damage":2,"enemies":"Centurion and Healer","floor":22,"turns":6},{"damage":5,"enemies":"Book of Stabbing","floor":24,"turns":6},{"damage":0,"enemies":"Snake Plant","floor":25,"turns":3},{"damage":1,"enemies":"Gremlin Leader","floor":31,"turns":6},{"damage":40,"enemies":"Champ","floor":33,"turns":11},{"damage":2,"enemies":"3 Shapes","floor":35,"turns":4},{"damage":16,"enemies":"3 Darklings","floor":37,"turns":3},{"damage":19,"enemies":"Mind Bloom Boss Battle","floor":38,"turns":7},{"damage":3,"enemies":"4 Shapes","floor":39,"turns":4},{"damage":2,"enemies":"Reptomancer","floor":41,"turns":5},{"damage":4,"enemies":"Maw","floor":42,"turns":5},{"damage":4,"enemies":"Giant Head","floor":44,"turns":5},{"damage":9,"enemies":"Nemesis","floor":47,"turns":7},{"damage":10,"enemies":"Donu and Deca","floor":50,"turns":7}],"seed_played":"-1772754119700685629","potions_obtained":[{"floor":1.0,"key":"Weak Potion"},{"floor":2.0,"key":"Swift Potion"},{"floor":8.0,"key":"LiquidBronze"},{"floor":21,"key":"Swift Potion"},{"floor":24,"key":"Poison Potion"},{"floor":33,"key":"Dexterity Potion"}],"is_trial":false,"path_per_floor":["M","M","$","?","?","E","R","E","T","R","?","M","$","M","R","B",null,"M","?","?","M","M","R","E","M","T","$","?","R","T","E","R","B",null,"M","$","M","?","M","R","E","M","T","E","?","R","E","$","R","B",null],"character_chosen":"IRONCLAD","items_purchased":["Battle Trance","Red Skull","Vajra","Tiny Chest","Rupture+1","ClockworkSouvenir"],"campfire_rested":0,"item_purchase_floors":[3,13,27,36,48,48],"current_hp_per_floor":[77,80,80,85,68,32,32,38,38,38,24,29,29,32,32,15,68,63,42,42,42,42,42,42,42,42,42,42,42,42,49,49,15,41,49,49,39,49,49,49,49,49,49,49,49,49,46,46,46,47],"gold":3,"neow_bonus":"RANDOM_COMMON_RELIC","is_prod":false,"is_daily":false,"chose_seed":false,"campfire_upgraded":9,"win_rate":0,"timestamp":1549818587,"path_taken":["M","M","$","?","?","E","R","E","T","R","?","M","$","M","R","BOSS","M","?","?","?","M","R","E","M","T","$","?","R","?","E","R","BOSS","M","$","M","?","M","R","E","M","T","E","?","R","E","$","R","BOSS"],"build_version":"2019-01-23","purchased_purges":2,"victory":true,"max_hp_per_floor":[80,80,80,85,85,85,85,85,85,85,85,85,85,85,85,85,85,85,42,42,42,42,42,42,42,42,42,42,42,42,49,49,49,49,49,49,49,49,49,49,49,49,49,49,49,49,49,49,49,49],"card_choices":[{"not_picked":["Burning Pact","Dropkick","Flex"],"picked":"SKIP","floor":1.0},{"not_picked":["Intimidate","Anger","Heavy Blade"],"picked":"SKIP","floor":2.0},{"not_picked":["Evolve","Sever Soul"],"picked":"Flame Barrier","floor":6.0},{"not_picked":["Combust","Spot Weakness"],"picked":"Shrug It Off","floor":8.0},{"not_picked":["Blood for Blood","Metallicize"],"picked":"Havoc","floor":11.0},{"not_picked":["Flame Barrier","Shrug It Off"],"picked":"Perfected Strike","floor":12.0},{"not_picked":["Thunderclap","Clash"],"picked":"Reaper","floor":14.0},{"not_picked":["Dark Embrace","Impervious"],"picked":"Limit Break","floor":16},{"not_picked":["Reckless Charge","Perfected Strike"],"picked":"Headbutt+1","floor":18},{"not_picked":["Flex","Headbutt+1"],"picked":"Rage+1","floor":21},{"not_picked":["Sentinel+1","Body Slam"],"picked":"True Grit","floor":22},{"not_picked":["Clothesline","Dual Wield","Clash"],"picked":"SKIP","floor":24},{"not_picked":["Sentinel","Body Slam","True Grit"],"picked":"SKIP","floor":25},{"not_picked":["True Grit","Thunderclap"],"picked":"Disarm","floor":31},{"not_picked":["Bludgeon","Demon Form+1"],"picked":"Offering","floor":33},{"not_picked":["Iron Wave","Thunderclap"],"picked":"Sword Boomerang+1","floor":35},{"not_picked":["Clash+1","Pommel Strike"],"picked":"True Grit+1","floor":37},{"not_picked":["Wild Strike+1","Pommel Strike+1","Clash+1"],"picked":"SKIP","floor":39},{"not_picked":["Reckless Charge","Exhume"],"picked":"Warcry+1","floor":41},{"not_picked":["Warcry","Flex+1","Anger"],"picked":"SKIP","floor":42},{"not_picked":["Body Slam+1","Flex+1"],"picked":"Barricade+1","floor":44},{"not_picked":["Anger+1","Immolate+1"],"picked":"Ghostly Armor","floor":47}],"player_experience":692940,"relics_obtained":[{"floor":6.0,"key":"Dead Branch"},{"floor":8.0,"key":"Gremlin Horn"},{"floor":9.0,"key":"Pantograph"},{"floor":11.0,"key":"Odd Mushroom"},{"floor":24,"key":"Orichalcum"},{"floor":26,"key":"Mummified Hand"},{"floor":30,"key":"Frozen Egg 2"},{"floor":31,"key":"Strawberry"},{"floor":38,"key":"Nunchaku"},{"floor":41,"key":"Oddly Smooth Stone"},{"floor":43,"key":"Bottled Lightning"},{"floor":44,"key":"Molten Egg 2"},{"floor":45,"key":"FossilizedHelix"},{"floor":47,"key":"Art of War"}],"event_choices":[{"damage_healed":0.0,"max_hp_gain":5.0,"max_hp_loss":0.0,"gold_gain":0.0,"event_name":"Big Fish","player_choice":"Donut","floor":4.0,"gold_loss":0.0,"damage_taken":0.0},{"damage_healed":0.0,"max_hp_gain":0.0,"max_hp_loss":0.0,"gold_gain":0.0,"event_name":"Shining Light","player_choice":"Entered Light","floor":5.0,"gold_loss":0.0,"damage_taken":17.0,"cards_upgraded":["Bash","Defend_R"]},{"damage_healed":0.0,"max_hp_gain":0.0,"max_hp_loss":0.0,"gold_gain":0.0,"event_name":"Mushrooms","player_choice":"Fought Mushrooms","floor":11.0,"gold_loss":0.0,"damage_taken":0.0},{"damage_healed":0,"gold_gain":0,"player_choice":"Became a Ghost","damage_taken":0,"max_hp_gain":0,"max_hp_loss":43,"event_name":"Ghosts","floor":19,"gold_loss":0,"cards_obtained":["Ghostly","Ghostly","Ghostly","Ghostly","Ghostly"]},{"damage_healed":0,"gold_gain":0,"cards_transformed":["Strike_R"],"player_choice":"Transformed","damage_taken":0,"max_hp_gain":0,"max_hp_loss":0,"event_name":"Transmorgrifier","floor":20,"gold_loss":0,"cards_obtained":["Blood for Blood"]},{"damage_healed":0,"gold_gain":0,"player_choice":"Obtain J.A.X.","damage_taken":0,"max_hp_gain":0,"max_hp_loss":0,"event_name":"Drug Dealer","floor":28,"gold_loss":0,"cards_obtained":["J.A.X."]},{"damage_healed":0,"gold_gain":0,"player_choice":"Fight","damage_taken":0,"max_hp_gain":0,"max_hp_loss":0,"event_name":"MindBloom","floor":38,"gold_loss":0},{"damage_healed":0,"gold_gain":0,"player_choice":"Relic","damage_taken":0,"max_hp_gain":0,"max_hp_loss":0,"event_name":"Wheel of Change","floor":45,"gold_loss":0}],"is_beta":false,"boss_relics":[{"not_picked":["Runic Dome","Eternal Feather"],"picked":"Coffee Dripper"},{"not_picked":["Empty Cage","Calling Bell"],"picked":"Sozu"}],"items_purged_floors":[36,48],"is_endless":false,"potions_floor_spawned":[1,2,8,21,22,24,33,35,41],"ascension_level":11}