{"gold_per_floor":[118,132,132,152,152,477,477,509,583,583,616,632,193,193,193,272,272,284,296,314,328,15,15,33,33,86,121,121,141,171,183,183,183],"floor_reached":33,"playtime":2246,"items_purged":["Strike_G","Strike_G"],"score":814,"play_id":"ce4c666e-4ab5-42b7-8323-f3ac66bd7d54","local_time":"20181224144957","is_ascension_mode":true,"campfire_choices":[{"floor":7.0,"key":"REST"},{"floor":10.0,"key":"REST"},{"data":"Crippling Poison","floor":15.0,"key":"SMITH"},{"data":"Apotheosis","floor":23.0,"key":"SMITH"},{"data":"Leg Sweep","floor":25.0,"key":"SMITH"},{"data":"Noxious Fumes","floor":28.0,"key":"SMITH"},{"data":"Neutralize","floor":32,"key":"SMITH"}],"neow_cost":"NONE","seed_source_timestamp":619854340657492,"circlet_count":0,"master_deck":["AscendersBane","Defend_G","Defend_G","Defend_G","Defend_G","Defend_G","Strike_G","Survivor","Neutralize+1","Quick Slash","Quick Slash+1","Quick Slash","All Out Attack","Masterful Stab","Dagger Throw","Crippling Poison+1","Well Laid Plans","Dagger Spray","Storm of Steel","Predator","Apotheosis+1","Leg Sweep+1","Noxious Fumes+1","Riddle With Holes","Dagger Spray"],"special_seed":0,"relics":["Ring of the Snake","Old Coin","Vajra","Ornamental Fan","Ninja Scroll","Oddly Smooth Stone","Coffee Dripper","Bag of Marbles","FossilizedHelix","PreservedInsect"],"potions_floor_usage":[30,30],"damage_taken":[{"damage":0.0,"enemies":"2 Louse","floor":1.0,"turns":5.0},{"damage":3.0,"enemies":"Small Slimes","floor":2.0,"turns":4.0},{"damage":1.0,"enemies":"Cultist","floor":4.0,"turns":4.0},{"damage":26.0,"enemies":"3 Sentries","floor":6.0,"turns":10.0},{"damage":42.0,"enemies":"Lagavulin","floor":8.0,"turns":6.0},{"damage":7.0,"enemies":"3 Sentries","floor":11.0,"turns":7.0},{"damage":0.0,"enemies":"Looter","floor":12.0,"turns":2.0},{"damage":0.0,"enemies":"Slime Boss","floor":16.0,"turns":7.0},{"damage":0.0,"enemies":"Spheric Guardian","floor":18.0,"turns":1.0},{"damage":0.0,"enemies":"3 Byrds","floor":19.0,"turns":3.0},{"damage":15.0,"enemies":"Snecko","floor":20.0,"turns":4.0},{"damage":8.0,"enemies":"Cultist and Chosen","floor":21.0,"turns":4.0},{"damage":2.0,"enemies":"Centurion and Healer","floor":24.0,"turns":3.0},{"damage":0.0,"enemies":"Slavers","floor":27.0,"turns":3.0},{"damage":0.0,"enemies":"Snake Plant","floor":29.0,"turns":2.0},{"damage":0,"enemies":"Gremlin Leader","floor":30,"turns":3},{"damage":0,"enemies":"3 Cultists","floor":31,"turns":3},{"damage":37,"enemies":"Collector","floor":33,"turns":6}],"seed_played":"8009099696909693888","potions_obtained":[{"floor":2.0,"key":"Swift Potion"},{"floor":8.0,"key":"Weak Potion"},{"floor":11.0,"key":"GamblersBrew"},{"floor":18.0,"key":"Swift Potion"},{"floor":21.0,"key":"PowerPotion"},{"floor":24.0,"key":"Block Potion"}],"is_trial":false,"path_per_floor":["M","M","?","M","?","E","R","E","T","R","E","M","$","?","R","B",null,"M","M","M","M","$","R","M","R","T","E","R","M","E","M","R","B"],"character_chosen":"THE_SILENT","items_purchased":["Oddly Smooth Stone","Crippling Poison","Well Laid Plans","Dagger Spray","Apotheosis"],"campfire_rested":2,"item_purchase_floors":[13,13,13,13,22],"current_hp_per_floor":[65,62,62,61,54,28,49,7,7,28,21,21,21,21,21,21,59,59,59,44,36,36,36,34,34,34,34,34,34,34,34,34,0],"gold":183,"neow_bonus":"TEN_PERCENT_HP_BONUS","is_prod":false,"is_daily":false,"chose_seed":false,"campfire_upgraded":5,"win_rate":0,"timestamp":1545691797,"path_taken":["M","M","?","M","?","E","R","E","T","R","E","M","$","?","R","BOSS","M","M","M","M","$","R","M","R","T","E","R","?","E","M","R","BOSS"],"build_version":"2018-12-20","purchased_purges":2,"victory":false,"max_hp_per_floor":[72,72,72,72,72,72,72,72,72,72,72,72,72,72,72,72,72,72,72,72,72,72,72,72,72,72,72,72,72,72,72,72,72],"card_choices":[{"not_picked":["Dodge and Roll","Slice"],"picked":"Quick Slash","floor":1.0},{"not_picked":["Escape Plan","Acrobatics"],"picked":"Quick Slash","floor":2.0},{"not_picked":["Envenom","Slice"],"picked":"Quick Slash","floor":4.0},{"not_picked":["Prepared","Skewer"],"picked":"All Out Attack","floor":6.0},{"not_picked":["Well Laid Plans","Escape Plan"],"picked":"Masterful Stab","floor":8.0},{"not_picked":["Flechettes","Deadly Poison"],"picked":"Dagger Throw","floor":11.0},{"not_picked":["Outmaneuver","Underhanded Strike","Deflect"],"picked":"SKIP","floor":12.0},{"not_picked":["A Thousand Cuts","Tools of the Trade"],"picked":"Storm of Steel","floor":16.0},{"not_picked":["Reflex","Heel Hook"],"picked":"Predator","floor":18.0},{"not_picked":["Dagger Spray","Concentrate+1","All Out Attack"],"picked":"SKIP","floor":19.0},{"not_picked":["Underhanded Strike","Slice","Dagger Throw"],"picked":"SKIP","floor":20.0},{"not_picked":["Flying Knee","Calculated Gamble","Quick Slash"],"picked":"SKIP","floor":21.0},{"not_picked":["Flying Knee","Calculated Gamble","Quick Slash"],"picked":"SKIP","floor":21.0},{"not_picked":["Bullet Time","Expertise"],"picked":"Leg Sweep","floor":24.0},{"not_picked":["Choke","Corpse Explosion"],"picked":"Noxious Fumes","floor":27.0},{"not_picked":["Underhanded Strike","Dagger Spray","Poisoned Stab+1"],"picked":"SKIP","floor":29.0},{"not_picked":["Cloak And Dagger","Poisoned Stab"],"picked":"Riddle With Holes","floor":30},{"not_picked":["Predator","Bane"],"picked":"Dagger Spray","floor":31}],"player_experience":214581,"relics_obtained":[{"floor":6.0,"key":"Old Coin"},{"floor":8.0,"key":"Vajra"},{"floor":9.0,"key":"Ornamental Fan"},{"floor":11.0,"key":"Ninja Scroll"},{"floor":26.0,"key":"Bag of Marbles"},{"floor":27.0,"key":"FossilizedHelix"},{"floor":30,"key":"PreservedInsect"}],"event_choices":[{"damage_healed":0.0,"max_hp_gain":0.0,"max_hp_loss":0.0,"gold_gain":0.0,"event_name":"Living Wall","player_choice":"Grow","floor":3.0,"gold_loss":0.0,"damage_taken":0.0,"cards_upgraded":["Quick Slash"]},{"cards_removed":["Strike_G"],"damage_healed":0.0,"max_hp_gain":0.0,"max_hp_loss":0.0,"gold_gain":0.0,"event_name":"Golden Wing","player_choice":"Card Removal","floor":5.0,"gold_loss":0.0,"damage_taken":7.0},{"cards_removed":["Strike_G"],"damage_healed":0.0,"max_hp_gain":0.0,"max_hp_loss":0.0,"gold_gain":0.0,"event_name":"Purifier","player_choice":"Purged","floor":14.0,"gold_loss":0.0,"damage_taken":0.0}],"is_beta":false,"boss_relics":[{"not_picked":["Empty Cage","Runic Dome"],"picked":"Coffee Dripper"}],"items_purged_floors":[13,22],"is_endless":false,"potions_floor_spawned":[2,8,11,18,21,24,27],"killed_by":"Collector","ascension_level":20}