{"gold_per_floor":[116,134,1,16,34,34,48,63,63,75,75,93,93,108,108,187,187,201,215,137,154,166,166,185,200,200,200],"floor_reached":27,"playtime":2854,"items_purged":["Eviscerate"],"score":530,"play_id":"834576b7-cd24-4125-8129-943c863f3f20","local_time":"20181228124118","is_ascension_mode":true,"campfire_choices":[{"data":"Setup","floor":6,"key":"SMITH"},{"floor":13,"key":"REST"},{"floor":15,"key":"REST"},{"data":"Catalyst","floor":23,"key":"SMITH"}],"neow_cost":"NONE","seed_source_timestamp":957140569515697,"circlet_count":0,"master_deck":["AscendersBane","Survivor","Neutralize","Corpse Explosion","Skewer","Setup","Setup+1","Finisher","PiercingWail","Blade Dance","Envenom","Noxious Fumes","Escape Plan","Backflip","Cloak And Dagger","Dagger Spray","Leg Sweep","Footwork","Backflip","After Image","Acrobatics","Bouncing Flask","Crippling Poison","Catalyst+1"],"relics":["Pandora\u0027s Box","Sundial","GremlinMask","Snecko Eye","Regal Pillow","Darkstone Periapt"],"potions_floor_usage":[7,7,12,16,16,27],"damage_taken":[{"damage":10,"enemies":"Jaw Worm","floor":1,"turns":4},{"damage":3,"enemies":"Cultist","floor":2,"turns":4},{"damage":15,"enemies":"Small Slimes","floor":4,"turns":3},{"damage":3,"enemies":"Looter","floor":5,"turns":3},{"damage":16,"enemies":"Gremlin Gang","floor":7,"turns":2},{"damage":0,"enemies":"Lots of Slimes","floor":8,"turns":3},{"damage":12,"enemies":"3 Louse","floor":10,"turns":2},{"damage":8,"enemies":"Looter","floor":12,"turns":4},{"damage":14,"enemies":"Red Slaver","floor":14,"turns":4},{"damage":0,"enemies":"The Guardian","floor":16,"turns":9},{"damage":7,"enemies":"Chosen","floor":18,"turns":5},{"damage":12,"enemies":"Shell Parasite","floor":19,"turns":6},{"damage":9,"enemies":"Shelled Parasite and Fungi","floor":21,"turns":6},{"damage":0,"enemies":"Centurion and Healer","floor":22,"turns":6},{"damage":8,"enemies":"Snake Plant","floor":24,"turns":4},{"damage":18,"enemies":"Chosen and Byrds","floor":25,"turns":7},{"damage":26,"enemies":"Centurion and Healer","floor":27,"turns":6}],"seed_played":"-7504755979986951465","potions_obtained":[{"floor":2,"key":"EssenceOfSteel"},{"floor":5,"key":"Strength Potion"},{"floor":7,"key":"Fruit Juice"},{"floor":10,"key":"Regen Potion"},{"floor":12,"key":"Fire Potion"},{"floor":18,"key":"SteroidPotion"},{"floor":24,"key":"LiquidBronze"},{"floor":25,"key":"Regen Potion"}],"is_trial":false,"path_per_floor":["M","M","$","M","M","R","M","M","T","M","?","M","R","M","R","B",null,"M","M","?","M","M","R","M","M","T","M"],"character_chosen":"THE_SILENT","items_purchased":["Backflip"],"campfire_rested":2,"item_purchase_floors":[3],"current_hp_per_floor":[49,46,46,31,28,28,17,17,17,5,5,9,30,16,37,37,63,56,44,44,35,35,35,27,9,9,0],"gold":200,"neow_bonus":"BOSS_RELIC","is_prod":false,"is_daily":false,"chose_seed":false,"campfire_upgraded":2,"win_rate":0,"timestamp":1546029678,"path_taken":["M","M","$","M","M","R","M","M","T","M","?","?","R","M","R","BOSS","M","M","?","?","M","R","M","M","T","M"],"build_version":"2018-12-20","purchased_purges":1,"victory":false,"max_hp_per_floor":[66,66,66,66,66,66,71,71,71,71,71,71,71,71,71,71,71,71,71,71,71,71,71,71,71,71,71],"card_choices":[{"not_picked":["Sucker Punch","Underhanded Strike","PiercingWail"],"picked":"SKIP","floor":1},{"not_picked":["Sucker Punch","Expertise"],"picked":"Escape Plan","floor":2},{"not_picked":["Slice","Underhanded Strike"],"picked":"Cloak And Dagger","floor":4},{"not_picked":["Acrobatics","Poisoned Stab"],"picked":"Dagger Spray","floor":5},{"not_picked":["Outmaneuver","Reflex","Quick Slash"],"picked":"SKIP","floor":7},{"not_picked":["Flying Knee","Slice"],"picked":"Leg Sweep","floor":8},{"not_picked":["Infinite Blades","Endless Agony"],"picked":"Footwork","floor":10},{"not_picked":["Doppelganger","Infinite Blades","Distraction"],"picked":"SKIP","floor":12},{"not_picked":["Bane","Flying Knee"],"picked":"Backflip","floor":14},{"not_picked":["Phantasmal Killer","Doppelganger"],"picked":"After Image","floor":16},{"not_picked":["Finisher","Poisoned Stab"],"picked":"Acrobatics","floor":18},{"not_picked":["Bane","Riddle With Holes"],"picked":"Bouncing Flask","floor":19},{"not_picked":["Backstab","Slice"],"picked":"Crippling Poison","floor":21},{"not_picked":["Dagger Spray","Finisher"],"picked":"Catalyst","floor":22},{"not_picked":["Blade Dance","Deflect","Caltrops"],"picked":"SKIP","floor":24},{"not_picked":["Reflex","Prepared","Expertise"],"picked":"SKIP","floor":25}],"player_experience":248870,"relics_obtained":[{"floor":9,"key":"Sundial"},{"floor":26,"key":"Darkstone Periapt"}],"event_choices":[{"damage_healed":0,"gold_gain":0,"player_choice":"Trade","damage_taken":0,"relics_obtained":["GremlinMask"],"max_hp_gain":0,"max_hp_loss":0,"event_name":"FaceTrader","floor":11,"gold_loss":0},{"damage_healed":0,"gold_gain":0,"player_choice":"Paid Gold","damage_taken":0,"relics_obtained":["Regal Pillow"],"max_hp_gain":0,"max_hp_loss":0,"event_name":"WeMeetAgain","floor":20,"gold_loss":78}],"is_beta":false,"boss_relics":[{"not_picked":["WristBlade","Philosopher\u0027s Stone"],"picked":"Snecko Eye"}],"items_purged_floors":[3],"is_endless":false,"potions_floor_spawned":[2,5,7,10,12,14,18,24,25],"killed_by":"Centurion and Healer","ascension_level":20}