{"gold_per_floor":[318,338,353,371,446,446,446,463,486,498,520,561,573,615,627,715,727,752,357,357,377,302,302,330,330,355,355,375,391,591,622,622,622],"floor_reached":33,"playtime":2003,"items_purged":["Strike_B"],"score":594,"play_id":"8f0bde4d-ee99-4aef-8656-4bcfb350ccbe","local_time":"20190124202753","is_ascension_mode":true,"campfire_choices":[{"data":"Zap","floor":6,"key":"SMITH"},{"data":"Doom and Gloom","floor":10,"key":"SMITH"},{"data":"Go for the Eyes","floor":13,"key":"SMITH"},{"floor":15,"key":"REST"},{"floor":25,"key":"REST"},{"data":"Consume","floor":27,"key":"SMITH"},{"data":"Ghostly","floor":32,"key":"SMITH"}],"neow_cost":"NO_GOLD","seed_source_timestamp":202137875072346,"circlet_count":0,"master_deck":["AscendersBane","Strike_B","Defend_B","Defend_B","Defend_B","Defend_B","Zap+1","Dualcast","Go for the Eyes+1","Cold Snap","Doom and Gloom+1","Conserve Battery","Ball Lightning","Sweeping Beam","All For One","Biased Cognition","Reinforced Body+1","Necronomicurse","Ghostly+1","Ghostly","Ghostly","Ghostly","Ghostly","Consume+1","Coolheaded"],"relics":["Cracked Core","Old Coin","MawBank","Juzu Bracelet","DataDisk","Inserter","Letter Opener","Necronomicon","Blue Candle","Art of War","Pocketwatch"],"potions_floor_usage":[14,14,31],"damage_taken":[{"damage":2,"enemies":"2 Louse","floor":1,"turns":3},{"damage":0,"enemies":"Cultist","floor":2,"turns":5},{"damage":7,"enemies":"Jaw Worm","floor":3,"turns":4},{"damage":1,"enemies":"Looter","floor":4,"turns":4},{"damage":10,"enemies":"Red Slaver","floor":8,"turns":2},{"damage":5,"enemies":"Exordium Wildlife","floor":11,"turns":3},{"damage":8,"enemies":"Gremlin Nob","floor":12,"turns":3},{"damage":3,"enemies":"3 Sentries","floor":14,"turns":3},{"damage":5,"enemies":"Slime Boss","floor":16,"turns":6},{"damage":2,"enemies":"Shell Parasite","floor":18,"turns":5},{"damage":18,"enemies":"2 Thieves","floor":21,"turns":4},{"damage":12,"enemies":"Gremlin Leader","floor":24,"turns":8},{"damage":0,"enemies":"Sentry and Sphere","floor":28,"turns":5},{"damage":0,"enemies":"Centurion and Healer","floor":29,"turns":5},{"damage":0,"enemies":"Slavers","floor":31,"turns":5},{"damage":55,"enemies":"Collector","floor":33,"turns":7}],"seed_played":"-8285222302247363192","potions_obtained":[{"floor":3,"key":"SmokeBomb"},{"floor":8,"key":"SkillPotion"},{"floor":11,"key":"AttackPotion"},{"floor":18,"key":"LiquidBronze"},{"floor":24,"key":"Regen Potion"}],"is_trial":false,"path_per_floor":["M","M","M","M","?","R","?","M","T","R","M","E","R","E","R","B",null,"M","$","?","M","?","?","E","R","T","R","M","M","?","E","R","B"],"character_chosen":"DEFECT","items_purchased":["Letter Opener","Ancient Potion"],"campfire_rested":2,"item_purchase_floors":[19,19],"current_hp_per_floor":[62,62,55,54,43,43,43,33,33,33,28,20,20,17,38,33,62,60,60,44,26,26,26,14,24,24,24,24,24,24,35,35,0],"gold":622,"neow_bonus":"ONE_RARE_RELIC","is_prod":false,"is_daily":false,"chose_seed":false,"campfire_upgraded":5,"win_rate":0,"timestamp":1548390473,"path_taken":["M","M","M","M","?","R","?","?","T","R","M","E","R","E","R","BOSS","M","$","?","M","?","?","E","R","T","R","M","M","?","E","R","BOSS"],"build_version":"2019-01-23","purchased_purges":1,"victory":false,"max_hp_per_floor":[71,71,71,71,71,71,71,71,71,71,71,71,71,71,71,71,71,71,71,71,71,71,35,35,35,35,35,35,35,35,35,35,35],"card_choices":[{"not_picked":["Barrage","Fusion"],"picked":"Go for the Eyes","floor":1},{"not_picked":["Conserve Battery","Rebound"],"picked":"Cold Snap","floor":2},{"not_picked":["Hello World","Barrage"],"picked":"Doom and Gloom","floor":3},{"not_picked":["Consume","Sweeping Beam","Streamline"],"picked":"SKIP","floor":4},{"not_picked":["Storm","Stack"],"picked":"Conserve Battery","floor":8},{"not_picked":["Recycle","Gash"],"picked":"Ball Lightning","floor":11},{"not_picked":["Streamline","Steam Power"],"picked":"Sweeping Beam","floor":12},{"not_picked":["Turbo","Chaos"],"picked":"All For One","floor":14},{"not_picked":["Creative AI","Core Surge"],"picked":"Biased Cognition","floor":16},{"not_picked":["Consume","Turbo+1"],"picked":"Reinforced Body+1","floor":18},{"not_picked":["Conserve Battery","Gash","Stack"],"picked":"SKIP","floor":21},{"not_picked":["Streamline","Auto Shields"],"picked":"Consume","floor":24},{"not_picked":["Darkness","Stack","Rebound"],"picked":"SKIP","floor":28},{"not_picked":["Chaos","White Noise"],"picked":"Coolheaded","floor":29},{"not_picked":["White Noise","Lockon","Tempest"],"picked":"SKIP","floor":31}],"player_experience":463013,"relics_obtained":[{"floor":9,"key":"MawBank"},{"floor":12,"key":"Juzu Bracelet"},{"floor":14,"key":"DataDisk"},{"floor":20,"key":"Necronomicon"},{"floor":24,"key":"Blue Candle"},{"floor":26,"key":"Art of War"},{"floor":31,"key":"Pocketwatch"}],"event_choices":[{"damage_healed":0,"gold_gain":75,"player_choice":"Gather Gold","damage_taken":11,"max_hp_gain":0,"max_hp_loss":0,"event_name":"World of Goop","floor":5,"gold_loss":0},{"cards_removed":["Strike_B"],"damage_healed":0,"gold_gain":0,"player_choice":"Offered Basic","damage_taken":0,"max_hp_gain":0,"max_hp_loss":0,"event_name":"Bonfire Elementals","floor":7,"gold_loss":0},{"damage_healed":0,"gold_gain":0,"player_choice":"Obtained Book","damage_taken":16,"max_hp_gain":0,"max_hp_loss":0,"event_name":"Cursed Tome","floor":20,"gold_loss":0},{"cards_removed":["Strike_B"],"damage_healed":0,"gold_gain":0,"player_choice":"Gave Gold","damage_taken":0,"max_hp_gain":0,"max_hp_loss":0,"event_name":"Beggar","floor":22,"gold_loss":75},{"damage_healed":0,"gold_gain":0,"player_choice":"Became a Ghost","damage_taken":0,"max_hp_gain":0,"max_hp_loss":36,"event_name":"Ghosts","floor":23,"gold_loss":0,"cards_obtained":["Ghostly","Ghostly","Ghostly","Ghostly","Ghostly"]},{"damage_healed":0,"gold_gain":250,"player_choice":"Bet on Owner","damage_taken":0,"max_hp_gain":0,"max_hp_loss":0,"event_name":"The Joust","floor":30,"gold_loss":50}],"is_beta":false,"boss_relics":[{"not_picked":["Eternal Feather","Runic Dome"],"picked":"Inserter"}],"items_purged_floors":[19],"is_endless":false,"potions_floor_spawned":[3,8,11,12,18,24],"killed_by":"Collector","ascension_level":14}