{"gold_per_floor":[116,116,116,132,132,132,172,172,252,276,320,74,95,113,113,113],"floor_reached":16,"playtime":944,"items_purged":["Regret"],"score":198,"play_id":"d8553403-0f32-46eb-9e16-9e372f35401a","local_time":"20190120174039","is_ascension_mode":true,"campfire_choices":[{"data":"Zap","floor":6,"key":"SMITH"},{"data":"Steam","floor":8,"key":"SMITH"},{"floor":15,"key":"REST"}],"neow_cost":"NONE","seed_source_timestamp":930547040481200,"circlet_count":0,"master_deck":["AscendersBane","Strike_B","Strike_B","Strike_B","Strike_B","Defend_B","Defend_B","Defend_B","Defend_B","Zap+1","Dualcast","Steam+1","Self Repair","Heatsinks","Conserve Battery","Sweeping Beam","White Noise"],"relics":["Cracked Core","Lantern","Golden Idol","Mummified Hand","Question Card","Matryoshka","Bag of Preparation","Vajra"],"potions_floor_usage":[7,11,16],"damage_taken":[{"damage":2,"enemies":"Jaw Worm","floor":1,"turns":4},{"damage":0,"enemies":"2 Louse","floor":4,"turns":3},{"damage":25,"enemies":"Gremlin Nob","floor":7,"turns":4},{"damage":0,"enemies":"Small Slimes","floor":10,"turns":3},{"damage":39,"enemies":"3 Sentries","floor":11,"turns":8},{"damage":0,"enemies":"Exordium Wildlife","floor":13,"turns":3},{"damage":8,"enemies":"3 Louse","floor":14,"turns":4},{"damage":43,"enemies":"Hexaghost","floor":16,"turns":7}],"seed_played":"-6231478424159196632","potions_obtained":[{"floor":1,"key":"Fire Potion"},{"floor":7,"key":"FocusPotion"},{"floor":10,"key":"SteroidPotion"}],"is_trial":false,"path_per_floor":["M","?","?","M","?","R","E","R","T","M","E","$","M","M","R","B"],"character_chosen":"DEFECT","items_purchased":["Vajra"],"campfire_rested":1,"item_purchase_floors":[12],"current_hp_per_floor":[62,62,55,55,55,55,37,37,37,44,12,12,19,18,39,0],"gold":113,"neow_bonus":"RANDOM_COMMON_RELIC","is_prod":false,"is_daily":false,"chose_seed":false,"campfire_upgraded":2,"win_rate":0,"timestamp":1548034839,"path_taken":["M","?","?","M","?","R","E","R","T","M","E","$","M","M","R","BOSS"],"build_version":"2019-01-17v2","purchased_purges":1,"victory":false,"max_hp_per_floor":[71,71,71,71,71,71,71,71,71,71,71,71,71,71,71,71],"card_choices":[{"not_picked":["Stack","Blizzard"],"picked":"Steam","floor":1},{"not_picked":["Loop","FTL"],"picked":"Self Repair","floor":4},{"not_picked":["Blizzard","Compile Driver","Meteor Strike"],"picked":"SKIP","floor":7},{"not_picked":["Sweeping Beam","Barrage","Gash"],"picked":"Heatsinks","floor":10},{"not_picked":["Stack","Turbo","Skim"],"picked":"Conserve Battery","floor":11},{"not_picked":["Redo","Steam Power","Streamline"],"picked":"Sweeping Beam","floor":13},{"not_picked":["Conserve Battery","Storm","Rebound"],"picked":"White Noise","floor":14}],"player_experience":1142321,"relics_obtained":[{"floor":7,"key":"Question Card"},{"floor":9,"key":"Matryoshka"},{"floor":11,"key":"Bag of Preparation"}],"event_choices":[{"damage_healed":0,"gold_gain":0,"player_choice":"Take Wound","damage_taken":0,"relics_obtained":["Golden Idol"],"max_hp_gain":0,"max_hp_loss":0,"event_name":"Golden Idol","floor":2,"gold_loss":0,"cards_obtained":["Injury"]},{"cards_removed":["Injury"],"damage_healed":0,"gold_gain":0,"player_choice":"Card Removal","damage_taken":7,"max_hp_gain":0,"max_hp_loss":0,"event_name":"Golden Wing","floor":3,"gold_loss":0},{"damage_healed":0,"gold_gain":0,"player_choice":"Box","damage_taken":0,"relics_obtained":["Mummified Hand"],"max_hp_gain":0,"max_hp_loss":0,"event_name":"Big Fish","floor":5,"gold_loss":0,"cards_obtained":["Regret"]}],"is_beta":false,"boss_relics":[],"items_purged_floors":[12],"is_endless":false,"potions_floor_spawned":[1,7,10],"killed_by":"Hexaghost","ascension_level":16}