{"gold_per_floor":[118,131,150,163,3,3,28,28,51,51,63,81,93,112,112,186,186,205,205,38,53,65,65,90,90,116,131,142,142,155,168,168,168],"floor_reached":33,"playtime":2234,"items_purged":[],"score":625,"play_id":"48787d0c-b91a-4831-98e4-92ee73863cd6","local_time":"20180917205648","is_ascension_mode":true,"campfire_choices":[{"floor":6,"key":"REST"},{"data":"Feed","floor":8,"key":"SMITH"},{"floor":15,"key":"REST"},{"floor":23,"key":"REST"},{"floor":25,"key":"REST"},{"floor":29,"key":"REST"},{"data":"Armaments","floor":32,"key":"SMITH"}],"neow_cost":"NONE","seed_source_timestamp":783151566943497,"circlet_count":0,"master_deck":["Defend_R","Defend_R","Defend_R","Defend_R","Bash","AscendersBane","Double Tap","Second Wind","Shockwave","Feed+1","Infernal Blade","Feed","Pommel Strike","Exhume","True Grit","Uppercut","Inflame","Double Tap","True Grit","Bite","Bite","Bite","Bite","Bite","Disarm","Sword Boomerang","Thunderclap","Armaments+1","Spot Weakness"],"relics":["Black Blood","Art of War","Red Skull","Oddly Smooth Stone","Orichalcum","Happy Flower"],"potions_floor_usage":[7,16,21,24,24,28,28,33],"damage_taken":[{"damage":1,"enemies":"Cultist","floor":1,"turns":3},{"damage":7,"enemies":"Jaw Worm","floor":2,"turns":4},{"damage":7,"enemies":"2 Louse","floor":3,"turns":4},{"damage":41,"enemies":"Gremlin Gang","floor":4,"turns":7},{"damage":11,"enemies":"Gremlin Nob","floor":7,"turns":3},{"damage":27,"enemies":"Lots of Slimes","floor":11,"turns":6},{"damage":12,"enemies":"3 Louse","floor":12,"turns":5},{"damage":21,"enemies":"Exordium Thugs","floor":13,"turns":3},{"damage":0,"enemies":"Large Slime","floor":14,"turns":4},{"damage":53,"enemies":"Hexaghost","floor":16,"turns":13},{"damage":61,"enemies":"Shell Parasite","floor":18,"turns":10},{"damage":42,"enemies":"3 Byrds","floor":21,"turns":8},{"damage":16,"enemies":"Snecko","floor":22,"turns":4},{"damage":37,"enemies":"Book of Stabbing","floor":24,"turns":5},{"damage":62,"enemies":"Cultist and Chosen","floor":27,"turns":8},{"damage":1,"enemies":"3 Cultists","floor":28,"turns":4},{"damage":17,"enemies":"Snake Plant","floor":30,"turns":7},{"damage":21,"enemies":"Centurion and Healer","floor":31,"turns":9},{"damage":124,"enemies":"Collector","floor":33,"turns":8}],"seed_played":"3779658913064158913","potions_obtained":[{"floor":1,"key":"Dexterity Potion"},{"floor":2,"key":"FearPotion"},{"floor":7,"key":"Block Potion"},{"floor":16,"key":"Strength Potion"},{"floor":22,"key":"LiquidBronze"},{"floor":27,"key":"AttackPotion"},{"floor":28,"key":"Fruit Juice"},{"floor":31,"key":"AttackPotion"}],"is_trial":false,"path_per_floor":["M","M","M","M","$","R","E","R","T","$","M","M","M","M","R","B",null,"M","?","$","M","M","R","E","R","T","M","M","R","M","M","R"],"character_chosen":"IRONCLAD","items_purchased":["Feed","Oddly Smooth Stone"],"campfire_rested":5,"item_purchase_floors":[5,20],"current_hp_per_floor":[73,72,71,39,39,62,60,60,60,60,46,51,43,53,86,39,92,45,45,45,36,41,67,46,73,73,38,64,96,100,109,109,0],"gold":168,"neow_bonus":"ONE_RANDOM_RARE_CARD","is_prod":false,"is_daily":false,"chose_seed":false,"campfire_upgraded":2,"win_rate":0,"timestamp":1537232208,"path_taken":["M","M","?","M","$","R","E","R","T","?","M","?","M","M","R","BOSS","M","?","$","M","M","R","E","R","T","M","M","R","?","M","R","BOSS"],"build_version":"2018-09-06","purchased_purges":0,"victory":false,"max_hp_per_floor":[75,75,75,78,78,78,81,81,81,81,88,99,106,110,110,110,110,114,79,79,86,89,89,93,93,93,96,107,107,110,114,114,114],"card_choices":[{"not_picked":["Rupture","Pommel Strike"],"picked":"Second Wind","floor":1},{"not_picked":["Twin Strike","Entrench"],"picked":"Shockwave","floor":2},{"not_picked":["Sentinel","Heavy Blade"],"picked":"Feed","floor":3},{"not_picked":["Sword Boomerang","Anger"],"picked":"Infernal Blade","floor":4},{"not_picked":["Fire Breathing","Combust"],"picked":"Pommel Strike","floor":7},{"not_picked":["Clothesline","Perfected Strike"],"picked":"Exhume","floor":11},{"not_picked":["Fire Breathing","Cleave"],"picked":"True Grit","floor":12},{"not_picked":["Metallicize","Sever Soul"],"picked":"Uppercut","floor":13},{"not_picked":["Fire Breathing","Iron Wave"],"picked":"Inflame","floor":14},{"not_picked":["Brutality","Immolate"],"picked":"Double Tap","floor":16},{"not_picked":["Rupture","Twin Strike"],"picked":"True Grit","floor":18},{"not_picked":["Clash","Iron Wave"],"picked":"Disarm","floor":21},{"not_picked":["Evolve","Body Slam","Burning Pact+1"],"picked":"SKIP","floor":22},{"not_picked":["Pommel Strike","Anger"],"picked":"Sword Boomerang","floor":24},{"not_picked":["Twin Strike","Power Through"],"picked":"Thunderclap","floor":27},{"not_picked":["Anger","Wild Strike"],"picked":"Armaments","floor":28},{"not_picked":["Hemokinesis","Body Slam","Reckless Charge"],"picked":"SKIP","floor":30},{"not_picked":["Thunderclap","Cleave"],"picked":"Spot Weakness","floor":31}],"player_experience":2777962,"relics_obtained":[{"floor":7,"key":"Art of War"},{"floor":9,"key":"Red Skull"},{"floor":24,"key":"Orichalcum"},{"floor":26,"key":"Happy Flower"}],"event_choices":[{"event_name":"Vampires","player_choice":"Became a vampire","floor":19,"damage_taken":0}],"is_beta":false,"boss_relics":[{"not_picked":["Calling Bell","Runic Cube"],"picked":"Black Blood"}],"items_purged_floors":[],"is_endless":false,"potions_floor_spawned":[1,2,7,12,13,16,22,27,28,31],"killed_by":"Collector","ascension_level":20}