{"gold_per_floor":[110,110,110,124,124,124,158,83,83,83,21,36,36],"floor_reached":13,"playtime":215,"items_purged":["Strike_B"],"score":149,"play_id":"478d0811-9f65-4951-9c22-f62327d113a6","local_time":"20190127213855","is_ascension_mode":true,"campfire_choices":[{"data":"Defragment","floor":6,"key":"SMITH"},{"floor":10,"key":"REST"}],"neow_cost":"NONE","seed_source_timestamp":258276590081900,"circlet_count":0,"master_deck":["AscendersBane","Strike_B","Strike_B","Defend_B","Defend_B","Defend_B","Defend_B","Zap","Dualcast","Defragment+1","Scrape","All For One+1","Defragment","Capacitor"],"relics":["Cracked Core","NeowsBlessing","Golden Idol","Molten Egg 2","The Courier"],"potions_floor_usage":[7,7,13],"damage_taken":[{"damage":0,"enemies":"2 Louse","floor":1,"turns":1},{"damage":0,"enemies":"Cultist","floor":2,"turns":1},{"damage":0,"enemies":"Small Slimes","floor":4,"turns":1},{"damage":34,"enemies":"Gremlin Nob","floor":7,"turns":4},{"damage":33,"enemies":"Exordium Wildlife","floor":12,"turns":4},{"damage":10,"enemies":"3 Sentries","floor":13,"turns":2}],"seed_played":"-7770511852054665686","potions_obtained":[{"floor":1,"key":"Regen Potion"},{"floor":4,"key":"Strength Potion"},{"floor":12,"key":"Explosive Potion"}],"is_trial":false,"path_per_floor":["M","M","?","M","?","R","E","$","T","R","$","M","E"],"character_chosen":"DEFECT","items_purchased":["Defragment"],"campfire_rested":1,"item_purchase_floors":[11],"current_hp_per_floor":[64,64,64,64,40,40,18,18,18,39,39,6,0],"gold":36,"neow_bonus":"THREE_ENEMY_KILL","is_prod":false,"is_daily":false,"chose_seed":false,"campfire_upgraded":1,"win_rate":0,"timestamp":1548653935,"path_taken":["M","M","?","?","?","R","E","$","T","R","$","M","E"],"build_version":"2019-01-23","purchased_purges":1,"victory":false,"max_hp_per_floor":[71,71,71,71,71,71,71,71,71,71,71,71,71],"card_choices":[{"not_picked":["Streamline","Turbo"],"picked":"Defragment","floor":1},{"not_picked":["Hologram","Turbo","Gash"],"picked":"SKIP","floor":2},{"not_picked":["Barrage","Gash"],"picked":"Scrape","floor":4},{"not_picked":["Rebound","Compile Driver"],"picked":"All For One","floor":7},{"not_picked":["Hologram","Coolheaded"],"picked":"Capacitor","floor":12}],"player_experience":1210343,"relics_obtained":[{"floor":7,"key":"Molten Egg 2"},{"floor":9,"key":"The Courier"}],"event_choices":[{"cards_removed":["Strike_B"],"damage_healed":0,"gold_gain":0,"player_choice":"Purged","damage_taken":0,"max_hp_gain":0,"max_hp_loss":0,"event_name":"Purifier","floor":3,"gold_loss":0},{"damage_healed":0,"gold_gain":0,"player_choice":"Take Damage","damage_taken":24,"relics_obtained":["Golden Idol"],"max_hp_gain":0,"max_hp_loss":0,"event_name":"Golden Idol","floor":5,"gold_loss":0}],"is_beta":false,"boss_relics":[],"items_purged_floors":[8],"is_endless":false,"potions_floor_spawned":[1,4,12],"killed_by":"3 Sentries","ascension_level":16}