{"gold_per_floor":[215,140,152,168,180,180,213,227,227,227,247,276,276,293,293,369,369,385,402,108,46,63,63,82,82,82,116,116,149,166,166,166,240,240,252,252,83,83,96,96,128,83,106,139,139,139,139,156,156,156,156],"floor_reached":52,"playtime":4543,"items_purged":["Underhanded Strike+1"],"score":1945,"play_id":"279994c5-4bbb-4389-b110-72f565056295","local_time":"20190114164725","is_ascension_mode":true,"campfire_choices":[{"data":"All Out Attack","floor":6.0,"key":"SMITH"},{"floor":13.0,"key":"REST"},{"data":"Neutralize","floor":15.0,"key":"SMITH"},{"data":"Blade Dance","floor":23.0,"key":"SMITH"},{"floor":25.0,"key":"REST"},{"floor":32.0,"key":"REST"},{"data":"Footwork","floor":40.0,"key":"SMITH"},{"data":"Well Laid Plans","floor":46.0,"key":"SMITH"},{"floor":49.0,"key":"REST"}],"neow_cost":"NONE","seed_source_timestamp":367328860982103,"circlet_count":0,"master_deck":["AscendersBane","Defend_G","Defend_G","Defend_G","Defend_G","Strike_G+1","Survivor","Neutralize+1","All Out Attack+1","Poisoned Stab+1","Skewer","PiercingWail","Noxious Fumes","Storm of Steel","After Image+1","Burst+1","PiercingWail","Blade Dance+1","Infinite Blades","Escape Plan","PiercingWail","Wraith Form v2+1","Finisher","Envenom","Backflip","Footwork+1","Dodge and Roll","Night Terror","Well Laid Plans+1","Wraith Form v2+1","Acrobatics"],"special_seed":0,"relics":["Ring of the Snake","Whetstone","Ninja Scroll","Shuriken","Astrolabe","Membership Card","Mummified Hand","Singing Bowl","Prayer Wheel","Dodecahedron","Pantograph","MutagenicStrength","WristBlade","Pen Nib","Ancient Tea Set","Potion Belt","Pear"],"potions_floor_usage":[],"damage_taken":[{"damage":0.0,"enemies":"2 Louse","floor":1.0,"turns":5.0},{"damage":7.0,"enemies":"Small Slimes","floor":3.0,"turns":6.0},{"damage":1.0,"enemies":"Cultist","floor":4.0,"turns":5.0},{"damage":9.0,"enemies":"Large Slime","floor":5.0,"turns":9.0},{"damage":36.0,"enemies":"3 Sentries","floor":7.0,"turns":11.0},{"damage":0.0,"enemies":"Red Slaver","floor":8.0,"turns":2.0},{"damage":3.0,"enemies":"Exordium Thugs","floor":11.0,"turns":3.0},{"damage":0.0,"enemies":"Gremlin Nob","floor":12.0,"turns":2.0},{"damage":0.0,"enemies":"3 Louse","floor":14.0,"turns":1.0},{"damage":20.0,"enemies":"Hexaghost","floor":16.0,"turns":11.0},{"damage":13.0,"enemies":"Chosen","floor":18.0,"turns":5.0},{"damage":5.0,"enemies":"2 Thieves","floor":19.0,"turns":4.0},{"damage":0.0,"enemies":"Chosen and Byrds","floor":22.0,"turns":5.0},{"damage":8.0,"enemies":"Shelled Parasite and Fungi","floor":24.0,"turns":4.0},{"damage":6.0,"enemies":"Slavers","floor":27.0,"turns":6.0},{"damage":0.0,"enemies":"Gremlin Leader","floor":29.0,"turns":5.0},{"damage":8.0,"enemies":"Centurion and Healer","floor":30.0,"turns":5.0},{"damage":48.0,"enemies":"Champ","floor":33.0,"turns":8.0},{"damage":1.0,"enemies":"3 Shapes","floor":35.0,"turns":6.0},{"damage":0.0,"enemies":"Orb Walker","floor":39.0,"turns":1.0},{"damage":29.0,"enemies":"Reptomancer","floor":41.0,"turns":7.0},{"damage":13.0,"enemies":"Nemesis","floor":44.0,"turns":9.0},{"damage":5.0,"enemies":"Writhing Mass","floor":48.0,"turns":5.0},{"damage":57.0,"enemies":"Time Eater","floor":50.0,"turns":15.0},{"damage":5,"enemies":"Donu and Deca","floor":51,"turns":13}],"seed_played":"-692235495788944026","potions_obtained":[{"floor":3.0,"key":"Fire Potion"},{"floor":4.0,"key":"Strength Potion"},{"floor":16.0,"key":"AttackPotion"},{"floor":22.0,"key":"Weak Potion"},{"floor":41.0,"key":"Swift Potion"},{"floor":44.0,"key":"AttackPotion"},{"floor":48.0,"key":"Energy Potion"}],"is_trial":false,"path_per_floor":["M","?","M","M","M","R","E","M","T","?","M","E","R","M","R","B",null,"M","M","$","?","M","R","M","R","T","E","T","E","M","?","R","B",null,"M","?","$","?","M","R","E","$","T","E","?","R","?","M","R","B","B",null],"character_chosen":"THE_SILENT","items_purchased":["Membership Card","Infinite Blades","GhostInAJar","Footwork","Pen Nib","Dodge and Roll","Well Laid Plans"],"campfire_rested":4,"item_purchase_floors":[20,20,20,37,37,37,42],"current_hp_per_floor":[59,59,52,51,42,42,6,6,6,6,3,3,22,22,22,2,50,37,32,32,32,32,32,24,43,43,39,39,41,33,33,54,22,58,57,57,57,57,57,57,30,30,30,29,29,29,29,26,51,19,39],"gold":156,"neow_bonus":"HUNDRED_GOLD","is_prod":false,"is_daily":false,"chose_seed":false,"campfire_upgraded":5,"win_rate":0,"timestamp":1547513245,"path_taken":["M","?","M","M","M","R","E","M","T","?","M","E","R","M","R","BOSS","M","?","$","?","?","R","M","R","T","E","?","E","M","?","R","BOSS","M","?","?","?","M","R","E","$","T","E","?","R","?","M","R","BOSS","BOSS"],"build_version":"2019-01-10","purchased_purges":1,"victory":true,"max_hp_per_floor":[66,66,66,66,66,66,66,66,66,66,66,66,66,66,66,66,66,66,66,66,66,66,66,66,66,66,68,68,70,70,70,70,70,70,70,70,70,70,70,70,72,72,72,84,84,84,84,86,86,86,86],"card_choices":[{"not_picked":["Acrobatics","Prepared","Expertise"],"picked":"SKIP","floor":1.0},{"not_picked":["Quick Slash","Slice"],"picked":"All Out Attack","floor":3.0},{"not_picked":["Heel Hook","Sucker Punch"],"picked":"Poisoned Stab","floor":5.0},{"not_picked":["PiercingWail","Slice"],"picked":"Backstab","floor":7.0},{"not_picked":["Slice","Calculated Gamble"],"picked":"Skewer","floor":8.0},{"not_picked":["Deflect","Cloak And Dagger"],"picked":"PiercingWail","floor":11.0},{"not_picked":["Masterful Stab","PiercingWail"],"picked":"Noxious Fumes","floor":12.0},{"not_picked":["Outmaneuver","Underhanded Strike","A Thousand Cuts"],"picked":"SKIP","floor":14.0},{"not_picked":["Unload","After Image"],"picked":"Storm of Steel","floor":16.0},{"not_picked":["Heel Hook","Deadly Poison+1"],"picked":"PiercingWail","floor":18.0},{"not_picked":["Dodge and Roll","Quick Slash"],"picked":"Blade Dance","floor":19.0},{"not_picked":["Slice+1","Outmaneuver"],"picked":"Escape Plan","floor":22.0},{"not_picked":["Deflect+1","Sucker Punch+1"],"picked":"PiercingWail","floor":24.0},{"not_picked":["Deadly Poison","Distraction","Acrobatics"],"picked":"Singing Bowl","floor":27.0},{"not_picked":["Quick Slash","Outmaneuver","Prepared"],"picked":"Singing Bowl","floor":29.0},{"not_picked":["Deflect","Backflip"],"picked":"Wraith Form v2","floor":30.0},{"not_picked":["Prepared","Outmaneuver"],"picked":"Finisher","floor":30.0},{"not_picked":["Phantasmal Killer","Bullet Time"],"picked":"Envenom","floor":33.0},{"not_picked":["PiercingWail+1","Blade Dance+1"],"picked":"Backflip","floor":35.0},{"not_picked":["Riddle With Holes","Blade Dance","Deflect"],"picked":"SKIP","floor":35.0},{"not_picked":["Leg Sweep","Bane"],"picked":"Night Terror","floor":39.0},{"not_picked":["Deflect","All Out Attack","Concentrate"],"picked":"SKIP","floor":39.0},{"not_picked":["Poisoned Stab","Bullet Time","Dagger Spray"],"picked":"Singing Bowl","floor":41.0},{"not_picked":["Dagger Spray","Dagger Throw","Finisher"],"picked":"Singing Bowl","floor":44.0},{"not_picked":["Deflect","Flying Knee"],"picked":"Acrobatics","floor":48.0},{"not_picked":["Envenom","Slice","Cloak And Dagger"],"picked":"Singing Bowl","floor":48.0}],"player_experience":408385,"relics_obtained":[{"floor":7.0,"key":"Whetstone"},{"floor":9.0,"key":"Ninja Scroll"},{"floor":12.0,"key":"Shuriken"},{"floor":26.0,"key":"Singing Bowl"},{"floor":27.0,"key":"Prayer Wheel"},{"floor":28.0,"key":"Dodecahedron"},{"floor":29.0,"key":"Pantograph"},{"floor":41.0,"key":"Ancient Tea Set"},{"floor":43.0,"key":"Potion Belt"},{"floor":44.0,"key":"Pear"}],"event_choices":[{"cards_removed":["Strike_G"],"damage_healed":0.0,"max_hp_gain":0.0,"max_hp_loss":0.0,"gold_gain":0.0,"event_name":"The Cleric","player_choice":"Card Removal","floor":2.0,"gold_loss":75.0,"damage_taken":0.0},{"cards_removed":["Strike_G"],"damage_healed":0.0,"max_hp_gain":0.0,"max_hp_loss":0.0,"gold_gain":0.0,"event_name":"Bonfire Elementals","player_choice":"Offered Basic","floor":10.0,"gold_loss":0.0,"damage_taken":0.0},{"damage_healed":0.0,"max_hp_gain":0.0,"max_hp_loss":0.0,"gold_gain":0.0,"event_name":"WeMeetAgain","player_choice":"Paid Gold","floor":21.0,"gold_loss":62.0,"damage_taken":0.0,"relics_obtained":["Mummified Hand"]},{"damage_healed":0.0,"max_hp_gain":0.0,"max_hp_loss":0.0,"gold_gain":0.0,"event_name":"Drug Dealer","player_choice":"Inject Mutagens","floor":31.0,"gold_loss":0.0,"damage_taken":0.0,"relics_obtained":["MutagenicStrength"]},{"damage_healed":0.0,"max_hp_gain":0.0,"max_hp_loss":0.0,"gold_gain":0.0,"event_name":"Upgrade Shrine","player_choice":"Upgraded","floor":36.0,"gold_loss":0.0,"damage_taken":0.0,"cards_upgraded":["Wraith Form v2"]},{"cards_removed":["Backstab"],"damage_healed":0.0,"max_hp_gain":0.0,"max_hp_loss":0.0,"gold_gain":0.0,"event_name":"Falling","player_choice":"Removed Attack","floor":38.0,"gold_loss":0.0,"damage_taken":0.0},{"damage_healed":0.0,"max_hp_gain":0.0,"max_hp_loss":0.0,"gold_gain":0.0,"event_name":"The Moai Head","player_choice":"Ignored","floor":45.0,"gold_loss":0.0,"damage_taken":0.0},{"damage_healed":0.0,"max_hp_gain":0.0,"max_hp_loss":0.0,"gold_gain":0.0,"event_name":"Duplicator","player_choice":"Copied","floor":47.0,"gold_loss":0.0,"damage_taken":0.0,"cards_obtained":["Wraith Form v2"]}],"is_beta":false,"boss_relics":[{"not_picked":["Tiny House","Fusion Hammer"],"picked":"Astrolabe"},{"not_picked":["Black Star","HoveringKite"],"picked":"WristBlade"}],"items_purged_floors":[37],"is_endless":false,"potions_floor_spawned":[3,4,8,11,16,18,22,29,30,41,44,48],"ascension_level":20}