{"gold_per_floor":[114,214,227,227,3,32,47,73,73,94,107,124,124,151,151,246,246,257,109,124,141,141,176,88,100,124,124,150,75,75,95,95,191,191,191,1190,1205,1205],"floor_reached":38,"playtime":3228,"items_purged":["Defend_B"],"score":484,"play_id":"1dbdb98d-8779-4c74-9470-9d2f77c9a6c1","local_time":"20180630182633","is_ascension_mode":false,"campfire_choices":[{"data":"Zap","floor":13,"key":"SMITH"},{"floor":15,"key":"REST"},{"floor":27,"key":"REST"},{"floor":32,"key":"REST"}],"neow_cost":"NONE","seed_source_timestamp":30827954401742,"circlet_count":0,"master_deck":["Strike_B+1","Defend_B","Zap+1","Dualcast","Redo","Coolheaded","Defragment","Cold Snap","Redo","Cold Snap+1","Defragment","Gash","Turbo","Gash","Cold Snap","Coolheaded","Creative AI","Reboot+1","Melter+1","Double Energy+1","Sweeping Beam+1","Force Field","Sunder","All For One","Defragment","Gash","Go for the Eyes","Doom and Gloom+1","Decay","Reprogram+1","Multi-Cast","Normality","Normality","Go for the Eyes+1"],"relics":["Cracked Core","NeowsBlessing","Meat on the Bone","Anchor","Bottled Tornado","Bottled Lightning","Odd Mushroom","Juzu Bracelet","Astrolabe","Whetstone","Happy Flower","Regal Pillow","Pantograph","Nuclear Battery"],"potions_floor_usage":[8,14,14,14,16,21,25,28,35],"damage_taken":[{"damage":0,"enemies":"Jaw Worm","floor":1,"turns":1},{"damage":0,"enemies":"Cultist","floor":3,"turns":1},{"damage":0,"enemies":"3 Sentries","floor":6,"turns":1},{"damage":1,"enemies":"2 Louse","floor":7,"turns":3},{"damage":15,"enemies":"Lagavulin","floor":8,"turns":6},{"damage":14,"floor":10,"turns":4},{"damage":14,"enemies":"Exordium Wildlife","floor":11,"turns":4},{"damage":2,"enemies":"Looter","floor":12,"turns":3},{"damage":7,"enemies":"Gremlin Nob","floor":14,"turns":3},{"damage":22,"enemies":"Hexaghost","floor":16,"turns":12},{"damage":10,"enemies":"3 Byrds","floor":18,"turns":9},{"damage":14,"enemies":"Chosen","floor":20,"turns":5},{"damage":11,"enemies":"Snake Plant","floor":21,"turns":4},{"damage":26,"enemies":"Slavers","floor":23,"turns":5},{"damage":10,"enemies":"Centurion and Healer","floor":25,"turns":7},{"damage":33,"enemies":"Gremlin Leader","floor":28,"turns":7},{"damage":4,"enemies":"3 Cultists","floor":31,"turns":5},{"damage":78,"enemies":"Automaton","floor":33,"turns":8},{"damage":9,"enemies":"3 Darklings","floor":35,"turns":2},{"damage":22,"enemies":"Orb Walker","floor":37,"turns":4},{"damage":51,"enemies":"4 Shapes","floor":38,"turns":3}],"seed_played":"-2308954629428982360","potions_obtained":[{"floor":3,"key":"Poison Potion"},{"floor":7,"key":"FocusPotion"},{"floor":11,"key":"Strength Potion"},{"floor":12,"key":"EntropicBrew"},{"floor":14,"key":"LiquidBronze"},{"floor":21,"key":"SpeedPotion"},{"floor":23,"key":"Fruit Juice"},{"floor":25,"key":"GamblersBrew"},{"floor":37,"key":"Regen Potion"}],"is_trial":false,"path_per_floor":["M","?","M","?","$","E","M","E","T","?","M","M","R","E","R","B",null,"M","$","M","M","?","E","$","M","T","R","E","?","?","M","R","B",null,"M","?","M"],"character_chosen":"DEFECT","items_purchased":["Defragment","Cold Snap","Redo","Whetstone","Defragment","Gash"],"campfire_rested":3,"item_purchase_floors":[5,5,5,19,24,24],"current_hp_per_floor":[75,75,75,50,50,50,49,46,46,44,42,40,40,45,67,45,75,65,65,51,40,40,26,26,33,33,72,51,51,51,47,80,14,80,71,71,49,0],"gold":1205,"neow_bonus":"THREE_ENEMY_KILL","is_prod":false,"is_daily":false,"chose_seed":false,"campfire_upgraded":1,"win_rate":0,"timestamp":1530397593,"path_taken":["M","?","?","?","$","E","M","E","T","?","M","M","R","E","R","BOSS","M","$","M","M","?","E","$","M","T","R","E","?","?","M","R","BOSS","M","?","M","M"],"build_version":"2018-06-28","purchased_purges":1,"victory":false,"max_hp_per_floor":[75,75,75,75,75,75,75,75,75,75,75,75,75,75,75,75,75,75,75,75,75,75,75,75,80,80,80,80,80,80,80,80,80,80,80,80,80,80],"card_choices":[{"not_picked":["Beam Cell","Chill"],"picked":"Redo","floor":1},{"not_picked":["Rebound","Undo"],"picked":"Coolheaded","floor":3},{"not_picked":["Stack","Sweeping Beam"],"picked":"Cold Snap","floor":6},{"not_picked":["Turbo","Skim"],"picked":"Defragment","floor":7},{"not_picked":["Biased Cognition","Reprogram"],"picked":"Gash","floor":8},{"not_picked":["Steam Power","Streamline"],"picked":"Turbo","floor":10},{"not_picked":["Streamline","Undo"],"picked":"Gash","floor":11},{"not_picked":["Compile Driver","Hello World"],"picked":"Cold Snap","floor":12},{"not_picked":["Undo","Leap"],"picked":"Coolheaded","floor":14},{"not_picked":["Echo Form","Fission"],"picked":"Creative AI","floor":16},{"not_picked":["Stack+1","Consume"],"picked":"Sweeping Beam+1","floor":18},{"not_picked":["Melter","Stack"],"picked":"Force Field","floor":20},{"not_picked":["Rebound+1","Barrage+1"],"picked":"Sunder","floor":21},{"not_picked":["Sunder","Hello World"],"picked":"All For One","floor":23},{"not_picked":["Compile Driver","Self Repair"],"picked":"Go for the Eyes","floor":25},{"not_picked":["Echo Form","Chaos"],"picked":"Doom and Gloom+1","floor":28},{"not_picked":["Sweeping Beam+1","Steam"],"picked":"Reprogram+1","floor":31},{"not_picked":["Echo Form","Reboot"],"picked":"Multi-Cast","floor":33},{"not_picked":["Fusion+1","Steam+1"],"picked":"Go for the Eyes+1","floor":37}],"player_experience":147123,"relics_obtained":[{"floor":6,"key":"Anchor"},{"floor":8,"key":"Bottled Tornado"},{"floor":9,"key":"Bottled Lightning"},{"floor":10,"key":"Odd Mushroom"},{"floor":14,"key":"Juzu Bracelet"},{"floor":23,"key":"Happy Flower"},{"floor":26,"key":"Regal Pillow"},{"floor":28,"key":"Pantograph"}],"event_choices":[{"event_name":"Golden Shrine","player_choice":"Pray","floor":2,"damage_taken":0},{"event_name":"Scrap Ooze","player_choice":"success","floor":4,"damage_taken":25},{"event_name":"Mushrooms","player_choice":"Fought Mushrooms","floor":10,"damage_taken":0},{"event_name":"Back to Basics","player_choice":"Elegance","floor":22,"damage_taken":0},{"event_name":"Beggar","player_choice":"Gave Gold","floor":29,"damage_taken":0},{"event_name":"Forgotten Altar","player_choice":"Smashed Altar","floor":30,"damage_taken":0},{"event_name":"MindBloom","player_choice":"Gold","floor":36,"damage_taken":0}],"boss_relics":[{"not_picked":["Snecko Eye","Busted Crown"],"picked":"Astrolabe"},{"not_picked":["Calling Bell","Philosopher\u0027s Stone"],"picked":"Nuclear Battery"}],"items_purged_floors":[5],"is_endless":false,"potions_floor_spawned":[3,7,11,12,14,21,23,25,37],"killed_by":"4 Shapes","ascension_level":0}