{"gold_per_floor":[117,117,135,135,135,135,135,135,186,211,211,247,247,260,260,380,380,404,7,31,31,31,31,75,95,95,95,114,114,127,146,146,276,276,290,290,290,303,303,303,428,95,120,120,145,160,160,181,181,181],"floor_reached":51,"playtime":1289,"items_purged":["Strike_B"],"score":665,"play_id":"3050d3d8-61b3-48ed-9a49-cebf1e04d2bc","local_time":"20181218200248","is_ascension_mode":false,"campfire_choices":[{"data":"Dualcast","floor":6.0,"key":"SMITH"},{"data":"Zap","floor":8.0,"key":"SMITH"},{"data":"Strike_B","floor":11.0,"key":"SMITH"},{"data":"Electrodynamics","floor":15.0,"key":"SMITH"},{"data":"Apotheosis","floor":23.0,"key":"SMITH"},{"data":"Echo Form","floor":27.0,"key":"SMITH"},{"data":"Defragment","floor":29.0,"key":"SMITH"},{"data":"Capacitor","floor":32.0,"key":"SMITH"},{"data":"BootSequence","floor":40.0,"key":"SMITH"},{"data":"Defragment","floor":44.0,"key":"SMITH"},{"data":"Ball Lightning","floor":49,"key":"SMITH"}],"neow_cost":"NONE","seed_source_timestamp":0,"circlet_count":0,"master_deck":["Strike_B","Defend_B","Defend_B","Zap+1","Dualcast+1","Coolheaded","Electrodynamics+1","Conserve Battery","Echo Form+1","Apotheosis+1","Defragment+1","BootSequence+1","Auto Shields+1","Ball Lightning+1","Conserve Battery","Capacitor+1","Conserve Battery+1","Defragment+1","Undo+1"],"special_seed":0,"relics":["Cracked Core","Golden Idol","Happy Flower","Art of War","Coffee Dripper","Pantograph","Mercury Hourglass","Ornamental Fan","Nuclear Battery","Toxic Egg 2","Thread and Needle","Incense Burner","Lantern"],"potions_floor_usage":[],"damage_taken":[{"damage":0.0,"enemies":"Cultist","floor":1.0,"turns":3.0},{"damage":5.0,"enemies":"Small Slimes","floor":3.0,"turns":3.0},{"damage":0.0,"enemies":"2 Louse","floor":10.0,"turns":1.0},{"damage":16.0,"enemies":"Gremlin Nob","floor":12.0,"turns":3.0},{"damage":11.0,"enemies":"Large Slime","floor":14.0,"turns":3.0},{"damage":16.0,"enemies":"The Guardian","floor":16.0,"turns":12.0},{"damage":1.0,"enemies":"Shell Parasite","floor":18.0,"turns":6.0},{"damage":0.0,"enemies":"Chosen","floor":20.0,"turns":4.0},{"damage":2.0,"enemies":"Gremlin Leader","floor":24.0,"turns":6.0},{"damage":1.0,"enemies":"Centurion and Healer","floor":25.0,"turns":3.0},{"damage":12.0,"enemies":"Snecko","floor":28.0,"turns":5.0},{"damage":0.0,"enemies":"Chosen and Byrds","floor":30.0,"turns":4.0},{"damage":0.0,"enemies":"Cultist and Chosen","floor":31.0,"turns":4.0},{"damage":11.0,"enemies":"Champ","floor":33.0,"turns":9.0},{"damage":0.0,"enemies":"3 Shapes","floor":35.0,"turns":3.0},{"damage":1.0,"enemies":"3 Darklings","floor":38.0,"turns":2.0},{"damage":0.0,"enemies":"Mind Bloom Boss Battle","floor":41.0,"turns":6.0},{"damage":0.0,"enemies":"Transient","floor":45.0,"turns":5.0},{"damage":0.0,"enemies":"Jaw Worm Horde","floor":46.0,"turns":2.0},{"damage":0.0,"enemies":"4 Shapes","floor":48.0,"turns":3.0},{"damage":44,"enemies":"Time Eater","floor":50,"turns":8}],"seed_played":"7505010577103842113","potions_obtained":[{"floor":12.0,"key":"EssenceOfSteel"},{"floor":14.0,"key":"SteroidPotion"},{"floor":16.0,"key":"EssenceOfSteel"},{"floor":20.0,"key":"Explosive Potion"},{"floor":28.0,"key":"Poison Potion"},{"floor":31.0,"key":"FairyPotion"},{"floor":41.0,"key":"Explosive Potion"}],"is_trial":false,"path_per_floor":["M","?","M","$","?","R","?","R","T","M","R","E","$","M","R","B",null,"M","$","M","?","T","R","E","M","T","R","M","R","M","M","R","B",null,"M","T","?","M","?","R","?","$","T","R","M","M","?","M","R","B",null],"character_chosen":"DEFECT","items_purchased":["Apotheosis","Defragment","BootSequence","Defragment","Incense Burner"],"campfire_rested":0,"item_purchase_floors":[19,19,19,42,42],"current_hp_per_floor":[82,82,77,77,57,57,50,50,50,50,50,34,34,23,23,7,82,81,81,81,81,81,81,79,78,78,78,66,66,66,66,66,71,82,82,82,82,81,81,81,82,82,82,82,82,82,82,82,82,38],"gold":181,"neow_bonus":"TEN_PERCENT_HP_BONUS","is_prod":false,"is_daily":false,"chose_seed":false,"campfire_upgraded":11,"win_rate":0,"timestamp":1545163368,"path_taken":["M","?","?","$","?","R","?","R","T","M","R","E","$","M","R","BOSS","M","$","M","?","?","R","E","M","T","R","M","R","M","M","R","BOSS","M","?","?","M","?","R","?","$","T","R","M","M","?","M","R","BOSS"],"build_version":"2018-12-13","purchased_purges":1,"victory":true,"max_hp_per_floor":[82,82,82,82,82,82,82,82,82,82,82,82,82,82,82,82,82,82,82,82,82,82,82,82,82,82,82,82,82,82,82,82,82,82,82,82,82,82,82,82,82,82,82,82,82,82,82,82,82,82],"card_choices":[{"not_picked":["Rebound","Compile Driver","Barrage"],"picked":"SKIP","floor":1.0},{"not_picked":["Self Repair","Turbo"],"picked":"Coolheaded","floor":3.0},{"not_picked":["Compile Driver","Consume","Leap"],"picked":"SKIP","floor":10.0},{"not_picked":["Rebound","Glacier"],"picked":"Electrodynamics","floor":12.0},{"not_picked":["Reprogram","White Noise"],"picked":"Conserve Battery","floor":14.0},{"not_picked":["Amplify","Thunder Strike"],"picked":"Echo Form","floor":16.0},{"not_picked":["Turbo","Compile Driver","Rebound"],"picked":"SKIP","floor":18.0},{"not_picked":["Tempest","Rebound"],"picked":"Auto Shields+1","floor":20.0},{"not_picked":["Rebound","Darkness"],"picked":"Ball Lightning","floor":24.0},{"not_picked":["Sweeping Beam","Beam Cell"],"picked":"Conserve Battery","floor":25.0},{"not_picked":["Genetic Algorithm","Hologram+1","Leap+1"],"picked":"SKIP","floor":28.0},{"not_picked":["Turbo+1","Go for the Eyes"],"picked":"Capacitor","floor":30.0},{"not_picked":["Go for the Eyes","Gash","Compile Driver+1"],"picked":"SKIP","floor":31.0},{"not_picked":["Heatsinks+1","Lockon+1"],"picked":"Conserve Battery+1","floor":35.0},{"not_picked":["Redo+1","Hologram+1","Gash+1"],"picked":"SKIP","floor":38.0},{"not_picked":["Barrage","Stack+1","Steam+1"],"picked":"SKIP","floor":45.0},{"not_picked":["Coolheaded+1","Self Repair","Compile Driver"],"picked":"SKIP","floor":46.0},{"not_picked":["Fusion+1","Steam+1"],"picked":"Undo+1","floor":48.0}],"player_experience":891686,"relics_obtained":[{"floor":9.0,"key":"Happy Flower"},{"floor":12.0,"key":"Art of War"},{"floor":22.0,"key":"Pantograph"},{"floor":24.0,"key":"Mercury Hourglass"},{"floor":26.0,"key":"Ornamental Fan"},{"floor":36.0,"key":"Toxic Egg 2"},{"floor":41.0,"key":"Thread and Needle"},{"floor":43.0,"key":"Lantern"}],"event_choices":[{"damage_healed":0.0,"max_hp_gain":0.0,"max_hp_loss":0.0,"gold_gain":0.0,"event_name":"The Woman in Blue","player_choice":"Bought 0 Potions","floor":2.0,"gold_loss":0.0,"damage_taken":0.0},{"damage_healed":0.0,"max_hp_gain":0.0,"max_hp_loss":0.0,"gold_gain":0.0,"event_name":"Golden Idol","player_choice":"Take Damage","floor":5.0,"gold_loss":0.0,"damage_taken":20.0,"relics_obtained":["Golden Idol"]},{"cards_removed":["Defend_B"],"damage_healed":0.0,"max_hp_gain":0.0,"max_hp_loss":0.0,"gold_gain":0.0,"event_name":"Golden Wing","player_choice":"Card Removal","floor":7.0,"gold_loss":0.0,"damage_taken":7.0},{"cards_removed":["Strike_B"],"damage_healed":0.0,"max_hp_gain":0.0,"max_hp_loss":0.0,"gold_gain":0.0,"event_name":"Back to Basics","player_choice":"Elegance","floor":21.0,"gold_loss":0.0,"damage_taken":0.0},{"damage_healed":0.0,"max_hp_gain":0.0,"max_hp_loss":0.0,"gold_gain":0.0,"event_name":"Tomb of Lord Red Mask","player_choice":"Ignored","floor":37.0,"gold_loss":0.0,"damage_taken":0.0},{"cards_removed":["Strike_B"],"damage_healed":0.0,"max_hp_gain":0.0,"max_hp_loss":0.0,"gold_gain":0.0,"event_name":"Falling","player_choice":"Removed Attack","floor":39.0,"gold_loss":0.0,"damage_taken":0.0},{"damage_healed":0.0,"max_hp_gain":0.0,"max_hp_loss":0.0,"gold_gain":0.0,"event_name":"MindBloom","player_choice":"Fight","floor":41.0,"gold_loss":0.0,"damage_taken":0.0},{"cards_removed":["Defend_B"],"damage_healed":0.0,"max_hp_gain":0.0,"max_hp_loss":0.0,"gold_gain":0.0,"event_name":"Purifier","player_choice":"Purged","floor":47.0,"gold_loss":0.0,"damage_taken":0.0}],"is_beta":false,"boss_relics":[{"not_picked":["Runic Dome","Fusion Hammer"],"picked":"Coffee Dripper"},{"not_picked":["Lizard Tail","Snecko Eye"],"picked":"Nuclear Battery"}],"items_purged_floors":[19],"is_endless":false,"potions_floor_spawned":[12,14,16,20,28,31,33,41],"ascension_level":0}