{"gold_per_floor":[217,14,30,30,45,78,78,78,78,78,122,122],"floor_reached":12,"playtime":948,"items_purged":[],"score":142,"play_id":"7d6815ce-89a8-405e-90e8-9d6a283afbf5","local_time":"20190128114018","is_ascension_mode":true,"campfire_choices":[{"data":"Neutralize","floor":7,"key":"SMITH"},{"floor":10,"key":"REST"}],"neow_cost":"NONE","seed_source_timestamp":44809410116700,"circlet_count":0,"master_deck":["AscendersBane","Defend_G","Defend_G","Defend_G","Defend_G","Defend_G","Strike_G","Strike_G","Strike_G","Strike_G","Strike_G","Survivor","Neutralize+1","Cloak And Dagger","Dagger Spray","Infinite Blades","Cloak And Dagger","Blade Dance","Blade Dance","Caltrops","Finisher"],"relics":["Ring of the Snake","Centennial Puzzle","Golden Idol","Question Card","Blood Vial"],"potions_floor_usage":[6,11],"damage_taken":[{"damage":2,"enemies":"Jaw Worm","floor":1,"turns":8},{"damage":0,"enemies":"2 Louse","floor":3,"turns":2},{"damage":0,"enemies":"Small Slimes","floor":5,"turns":3},{"damage":38,"enemies":"Gremlin Nob","floor":6,"turns":6},{"damage":41,"enemies":"Lagavulin","floor":11,"turns":10},{"damage":9,"enemies":"The Mushroom Lair","floor":12,"turns":3}],"seed_played":"-2238031688922081823","potions_obtained":[{"floor":1,"key":"GhostInAJar"},{"floor":6,"key":"Swift Potion"}],"is_trial":false,"path_per_floor":["M","$","M","?","M","E","R","?","T","R","E","?"],"character_chosen":"THE_SILENT","items_purchased":["Dagger Spray","Infinite Blades","Cloak And Dagger","Blade Dance"],"campfire_rested":1,"item_purchase_floors":[2,2,2,2],"current_hp_per_floor":[61,61,61,66,66,28,28,28,28,48,7,0],"gold":122,"neow_bonus":"HUNDRED_GOLD","is_prod":false,"is_daily":false,"chose_seed":false,"campfire_upgraded":1,"win_rate":0,"timestamp":1548672018,"path_taken":["M","$","M","?","M","E","R","?","T","R","E","?"],"build_version":"2019-01-23","purchased_purges":0,"victory":false,"max_hp_per_floor":[70,70,70,75,75,75,75,69,69,69,69,69],"card_choices":[{"not_picked":["Caltrops","Bane"],"picked":"Cloak And Dagger","floor":1},{"not_picked":["Dodge and Roll","Deadly Poison"],"picked":"Blade Dance","floor":3},{"not_picked":["Underhanded Strike","Blur","Prepared"],"picked":"SKIP","floor":5},{"not_picked":["Outmaneuver","Poisoned Stab"],"picked":"Caltrops","floor":6},{"not_picked":["Outmaneuver","Reflex","Die Die Die"],"picked":"Finisher","floor":11}],"player_experience":155541,"relics_obtained":[{"floor":6,"key":"Centennial Puzzle"},{"floor":9,"key":"Question Card"},{"floor":11,"key":"Blood Vial"}],"event_choices":[{"damage_healed":0,"gold_gain":0,"player_choice":"Donut","damage_taken":0,"max_hp_gain":5,"max_hp_loss":0,"event_name":"Big Fish","floor":4,"gold_loss":0},{"damage_healed":0,"gold_gain":0,"player_choice":"Lose Max HP","damage_taken":0,"relics_obtained":["Golden Idol"],"max_hp_gain":0,"max_hp_loss":6,"event_name":"Golden Idol","floor":8,"gold_loss":0},{"damage_healed":0,"gold_gain":0,"player_choice":"Fought Mushrooms","damage_taken":0,"max_hp_gain":0,"max_hp_loss":0,"event_name":"Mushrooms","floor":12,"gold_loss":0}],"is_beta":false,"boss_relics":[],"items_purged_floors":[],"is_endless":false,"potions_floor_spawned":[1,6],"killed_by":"The Mushroom Lair","ascension_level":13}