{"gold_per_floor":[117,117,117,142,16,32,32,68,68,29,29,54,54,70,70,70],"floor_reached":16,"playtime":346,"items_purged":["Injury"],"score":98,"play_id":"a941e57c-7624-409c-8096-0950c6ef9f7a","local_time":"20190202161542","is_ascension_mode":false,"campfire_choices":[{"floor":7,"key":"RECALL"},{"floor":11,"key":"REST"},{"data":"Bash","floor":13,"key":"SMITH"},{"data":"Evolve","floor":15,"key":"SMITH"}],"neow_cost":"PERCENT_DAMAGE","seed_source_timestamp":83083580378821,"circlet_count":0,"master_deck":["Strike_R","Strike_R","Defend_R","Defend_R","Defend_R","Defend_R","Bash+1","Pommel Strike","Heavy Blade","Cleave","Twin Strike","Flame Barrier","Disarm","Evolve+1"],"relics":["Burning Blood","Golden Idol","Ornamental Fan","Odd Mushroom"],"potions_floor_usage":[8,16],"damage_taken":[{"damage":8,"enemies":"2 Louse","floor":1,"turns":4},{"damage":5,"enemies":"Jaw Worm","floor":4,"turns":6},{"damage":5,"enemies":"Small Slimes","floor":6,"turns":4},{"damage":31,"enemies":"Lagavulin","floor":8,"turns":5},{"damage":18,"enemies":"The Mushroom Lair","floor":12,"turns":5},{"damage":10,"enemies":"Blue Slaver","floor":14,"turns":4},{"damage":52,"enemies":"Slime Boss","floor":16,"turns":7}],"seed_played":"607920735361693237","potions_obtained":[{"floor":6,"key":"SteroidPotion"},{"floor":14,"key":"Regen Potion"}],"is_trial":false,"path_per_floor":["M","?","?","M","$","M","R","E","T","$","R","?","R","M","R","B"],"character_chosen":"IRONCLAD","items_purchased":["Heavy Blade","Flame Barrier"],"campfire_rested":1,"item_purchase_floors":[5,10],"current_hp_per_floor":[54,47,47,48,48,49,49,24,24,24,48,36,36,32,32,0],"gold":70,"neow_bonus":"REMOVE_TWO","is_prod":false,"is_daily":false,"chose_seed":false,"campfire_upgraded":2,"win_rate":0,"timestamp":1549095342,"path_taken":["M","?","?","M","$","M","R","E","T","$","R","?","R","M","R","BOSS"],"build_version":"2019-01-23","purchased_purges":1,"victory":false,"max_hp_per_floor":[80,80,80,80,80,80,80,80,80,80,80,80,80,80,80,80],"card_choices":[{"not_picked":["Anger","Rage","Entrench"],"picked":"SKIP","floor":1},{"not_picked":["Anger","Havoc"],"picked":"Pommel Strike","floor":4},{"not_picked":["Seeing Red","Anger"],"picked":"Cleave","floor":6},{"not_picked":["True Grit","Battle Trance"],"picked":"Twin Strike","floor":8},{"not_picked":["Headbutt","Clash"],"picked":"Disarm","floor":12},{"not_picked":["Clothesline","Warcry"],"picked":"Evolve","floor":14}],"player_experience":175147,"relics_obtained":[{"floor":8,"key":"Ornamental Fan"},{"floor":12,"key":"Odd Mushroom"}],"event_choices":[{"cards_removed":["Strike_R"],"damage_healed":0,"gold_gain":0,"player_choice":"Card Removal","damage_taken":7,"max_hp_gain":0,"max_hp_loss":0,"event_name":"Golden Wing","floor":2,"gold_loss":0},{"damage_healed":0,"gold_gain":0,"player_choice":"Take Wound","damage_taken":0,"relics_obtained":["Golden Idol"],"max_hp_gain":0,"max_hp_loss":0,"event_name":"Golden Idol","floor":3,"gold_loss":0,"cards_obtained":["Injury"]},{"damage_healed":0,"gold_gain":0,"player_choice":"Fought Mushrooms","damage_taken":0,"max_hp_gain":0,"max_hp_loss":0,"event_name":"Mushrooms","floor":12,"gold_loss":0}],"is_beta":false,"boss_relics":[],"items_purged_floors":[5],"is_endless":false,"potions_floor_spawned":[6,14],"killed_by":"Slime Boss","ascension_level":0}