{"gold_per_floor":[112,67,67,77,96,96,271,271,271,271,282,282,34,34],"floor_reached":14,"playtime":276,"items_purged":[],"score":78,"play_id":"9fb75b99-0616-453e-b123-da62f799293a","local_time":"20190201125717","is_ascension_mode":false,"campfire_choices":[{"data":"Zap","floor":6,"key":"SMITH"},{"data":"Loop","floor":8,"key":"SMITH"},{"data":"Echo Form","floor":12,"key":"SMITH"}],"neow_cost":"TEN_PERCENT_HP_LOSS","seed_source_timestamp":67334113869571,"circlet_count":0,"master_deck":["Strike_B","Strike_B","Strike_B","Strike_B","Defend_B","Defend_B","Defend_B","Defend_B","Zap+1","Dualcast","Finesse","Impatience","Ball Lightning","Streamline","Pain","Auto Shields","Loop+1","Doubt","Echo Form+1"],"relics":["Cracked Core","WarpedTongs","Darkstone Periapt","NlothsMask","Molten Egg 2"],"potions_floor_usage":[],"damage_taken":[{"damage":4,"enemies":"Jaw Worm","floor":1,"turns":4},{"damage":4,"enemies":"Cultist","floor":4,"turns":3},{"damage":6,"enemies":"2 Louse","floor":5,"turns":3},{"damage":41,"enemies":"Gremlin Gang","floor":11,"turns":4},{"damage":13,"enemies":"Large Slime","floor":14,"turns":3}],"seed_played":"1412263410821012770","potions_obtained":[{"floor":1,"key":"Strength Potion"},{"floor":4,"key":"GamblersBrew"},{"floor":11,"key":"Weak Potion"}],"is_trial":false,"path_per_floor":["M","$","?","M","M","R","?","R","T","?","M","R","$","M"],"character_chosen":"DEFECT","items_purchased":["Streamline","Molten Egg 2"],"campfire_rested":0,"item_purchase_floors":[2,13],"current_hp_per_floor":[64,64,64,60,54,54,54,54,54,54,13,13,13,0],"gold":34,"neow_bonus":"RANDOM_COLORLESS_2","is_prod":false,"is_daily":false,"chose_seed":false,"campfire_upgraded":3,"win_rate":0,"timestamp":1548997037,"path_taken":["M","$","?","?","M","R","?","R","T","?","M","R","$","M"],"build_version":"2019-01-23","purchased_purges":0,"victory":false,"max_hp_per_floor":[68,68,68,68,68,68,68,68,68,68,68,68,68,68],"card_choices":[{"not_picked":["Coolheaded","Sweeping Beam"],"picked":"Ball Lightning","floor":1},{"not_picked":["Ball Lightning","Static Discharge"],"picked":"Auto Shields","floor":4},{"not_picked":["Steam","Cold Snap"],"picked":"Loop","floor":5},{"not_picked":["Cold Snap","Streamline"],"picked":"Echo Form","floor":11}],"player_experience":164892,"relics_obtained":[{"floor":9,"key":"Darkstone Periapt"}],"event_choices":[{"damage_healed":0,"gold_gain":0,"player_choice":"Rummage","damage_taken":0,"relics_obtained":["WarpedTongs"],"max_hp_gain":0,"max_hp_loss":0,"event_name":"Accursed Blacksmith","floor":3,"gold_loss":0,"cards_obtained":["Pain"]},{"damage_healed":0,"gold_gain":175,"player_choice":"AGREE","damage_taken":0,"max_hp_gain":0,"max_hp_loss":0,"event_name":"Liars Game","floor":7,"gold_loss":0,"cards_obtained":["Doubt"]},{"damage_healed":0,"gold_gain":0,"player_choice":"Trade","damage_taken":0,"relics_obtained":["NlothsMask"],"max_hp_gain":0,"max_hp_loss":0,"event_name":"FaceTrader","floor":10,"gold_loss":0}],"is_beta":false,"boss_relics":[],"items_purged_floors":[],"is_endless":false,"potions_floor_spawned":[1,4,11],"killed_by":"Large Slime","ascension_level":0}