{"gold_per_floor":[117,117,117,136,136,162,162,195,195,195,195,195,210,210,210,309,309,328,176,166,91,91,91,120,120,147,147,147,147,62,78,78,181,181,197,197,217,80,80,105,105,122,122,122,137,168,168,55,55,55],"floor_reached":51,"playtime":1499,"items_purged":["Strike_B+1"],"score":725,"play_id":"9cb662b9-3f0c-42ff-b997-7a850c05caf3","local_time":"20181118181924","is_ascension_mode":false,"campfire_choices":[{"data":"Zap","floor":7.0,"key":"SMITH"},{"data":"Capacitor","floor":15.0,"key":"SMITH"},{"data":"Thunder Strike","floor":23,"key":"SMITH"},{"floor":25,"key":"REST"},{"floor":27,"key":"REST"},{"data":"Defragment","floor":29,"key":"SMITH"},{"data":"Barrage","floor":32,"key":"SMITH"},{"data":"Rainbow","floor":41,"key":"SMITH"},{"floor":44,"key":"REST"},{"data":"Buffer","floor":47,"key":"SMITH"},{"data":"Defragment","floor":49,"key":"SMITH"}],"neow_cost":"NONE","seed_source_timestamp":77371744345970,"circlet_count":0,"master_deck":["Strike_B+1","Strike_B+1","Defend_B+1","Defend_B+1","Zap+1","Dualcast+1","Conserve Battery+1","Ball Lightning+1","Auto Shields","Conserve Battery","Capacitor+1","Thunder Strike+1","Go for the Eyes+1","Defragment+1","Barrage+1","Buffer+1","Blizzard+1","Rainbow+1","Defragment+1"],"special_seed":0,"relics":["FrozenCore","Turnip","War Paint","Bird Faced Urn","DataDisk","Unceasing Top","Orichalcum","Vajra","Inserter","Calipers","Kunai","Omamori"],"potions_floor_usage":[20,50,50,50],"damage_taken":[{"damage":1.0,"enemies":"Jaw Worm","floor":1.0,"turns":4.0},{"damage":0.0,"enemies":"Cultist","floor":4.0,"turns":3.0},{"damage":33.0,"enemies":"Gremlin Nob","floor":6.0,"turns":5.0},{"damage":9.0,"enemies":"Lagavulin","floor":8.0,"turns":5.0},{"damage":0.0,"enemies":"2 Louse","floor":13.0,"turns":2.0},{"damage":27.0,"enemies":"Slime Boss","floor":16.0,"turns":12.0},{"damage":11.0,"enemies":"Chosen","floor":18.0,"turns":7.0},{"damage":13,"enemies":"2 Thieves","floor":20,"turns":4},{"damage":58,"enemies":"Gremlin Leader","floor":24,"turns":8},{"damage":0,"enemies":"Snake Plant","floor":31,"turns":5},{"damage":2,"enemies":"Champ","floor":33,"turns":12},{"damage":5,"enemies":"Orb Walker","floor":35,"turns":5},{"damage":0,"enemies":"3 Shapes","floor":37,"turns":6},{"damage":51,"enemies":"Reptomancer","floor":40,"turns":8},{"damage":5,"enemies":"Transient","floor":42,"turns":5},{"damage":17,"enemies":"4 Shapes","floor":45,"turns":6},{"damage":1,"enemies":"Nemesis","floor":46,"turns":11},{"damage":14,"enemies":"Awakened One","floor":50,"turns":11}],"seed_played":"-2995142252598962319","potions_obtained":[{"floor":6.0,"key":"AttackPotion"},{"floor":16.0,"key":"AttackPotion"},{"floor":18.0,"key":"EssenceOfSteel"},{"floor":24,"key":"Energy Potion"}],"is_trial":false,"path_per_floor":["M","?","?","M","$","E","R","E","T","?","?","$","M","$","R","B",null,"M","$","M","?","?","R","E","R","T","R","?","R","?","M","R","B",null,"M","$","M","$","?","E","R","M","T","R","M","E","R","$","R","B",null],"character_chosen":"DEFECT","items_purchased":["DataDisk","Rainbow","Defragment"],"campfire_rested":3,"item_purchase_floors":[19,38,48],"current_hp_per_floor":[81,86,86,86,86,53,53,44,44,44,44,44,44,44,44,19,87,76,76,65,65,65,65,9,35,35,61,61,61,61,65,65,67,87,86,86,87,87,87,38,38,37,37,63,52,57,57,57,57,51],"gold":55,"neow_bonus":"TEN_PERCENT_HP_BONUS","is_prod":false,"is_daily":false,"chose_seed":false,"campfire_upgraded":8,"win_rate":0,"timestamp":1542565164,"path_taken":["M","?","?","?","?","E","R","E","T","?","?","$","?","$","R","BOSS","M","$","M","?","?","R","E","R","T","R","?","R","?","M","R","BOSS","M","$","M","$","?","E","R","M","T","R","M","E","R","$","R","BOSS"],"build_version":"2018-11-15","purchased_purges":1,"victory":true,"max_hp_per_floor":[82,87,87,87,87,87,87,87,87,87,87,87,87,87,87,87,87,87,87,87,87,87,87,87,87,87,87,87,87,87,87,87,87,87,87,87,87,87,87,87,87,87,87,87,87,87,87,87,87,87],"card_choices":[{"not_picked":["Go for the Eyes","Gash"],"picked":"Conserve Battery","floor":1.0},{"not_picked":["Chaos","Sweeping Beam"],"picked":"Ball Lightning","floor":4.0},{"not_picked":["Fusion","Scrape","White Noise"],"picked":"SKIP","floor":6.0},{"not_picked":["Rebound","Turbo"],"picked":"Auto Shields","floor":8.0},{"not_picked":["Sweeping Beam","Storm"],"picked":"Capacitor","floor":13.0},{"not_picked":["Core Surge","Seek"],"picked":"Thunder Strike","floor":16.0},{"not_picked":["Steam","Stack"],"picked":"Go for the Eyes+1","floor":18.0},{"not_picked":["Tempest","Streamline","White Noise+1"],"picked":"SKIP","floor":20},{"not_picked":["Thunder Strike","Ball Lightning","Sweeping Beam"],"picked":"SKIP","floor":24},{"not_picked":["Lockon+1","Stack+1"],"picked":"Barrage","floor":31},{"not_picked":["Hyperbeam","All For One"],"picked":"Buffer","floor":33},{"not_picked":["Steam+1","Streamline+1"],"picked":"Blizzard+1","floor":35},{"not_picked":["Compile Driver+1","Steam","Hologram"],"picked":"SKIP","floor":37},{"not_picked":["Turbo+1","Chaos","Force Field"],"picked":"SKIP","floor":40},{"not_picked":["Leap+1","Compile Driver+1","Capacitor"],"picked":"SKIP","floor":42},{"not_picked":["Streamline","Conserve Battery+1","Doom and Gloom"],"picked":"SKIP","floor":45},{"not_picked":["Chaos","Hyperbeam","Streamline"],"picked":"SKIP","floor":46}],"player_experience":800576,"relics_obtained":[{"floor":6.0,"key":"Turnip"},{"floor":8.0,"key":"War Paint"},{"floor":9.0,"key":"Bird Faced Urn"},{"floor":24,"key":"Unceasing Top"},{"floor":26,"key":"Orichalcum"},{"floor":40,"key":"Calipers"},{"floor":43,"key":"Kunai"},{"floor":46,"key":"Omamori"}],"event_choices":[{"damage_healed":0.0,"max_hp_gain":5.0,"max_hp_loss":0.0,"gold_gain":0.0,"event_name":"Big Fish","player_choice":"Donut","floor":2.0,"gold_loss":0.0,"damage_taken":0.0},{"damage_healed":0.0,"max_hp_gain":0.0,"max_hp_loss":0.0,"gold_gain":0.0,"event_name":"Accursed Blacksmith","player_choice":"Forge","floor":3.0,"gold_loss":0.0,"damage_taken":0.0,"cards_upgraded":["Dualcast"]},{"damage_healed":0.0,"max_hp_gain":0.0,"max_hp_loss":0.0,"gold_gain":0.0,"event_name":"Living Wall","player_choice":"Grow","floor":10.0,"gold_loss":0.0,"damage_taken":0.0,"cards_upgraded":["Ball Lightning"]},{"damage_healed":0.0,"max_hp_gain":0.0,"max_hp_loss":0.0,"gold_gain":0.0,"cards_transformed":["Strike_B"],"event_name":"Transmorgrifier","player_choice":"Transformed","floor":11.0,"gold_loss":0.0,"damage_taken":0.0,"cards_obtained":["Conserve Battery"]},{"cards_removed":["Defend_B"],"damage_healed":0,"gold_gain":0,"player_choice":"Gave Gold","damage_taken":0,"max_hp_gain":0,"max_hp_loss":0,"event_name":"Beggar","floor":21,"gold_loss":75},{"damage_healed":0,"gold_gain":0,"player_choice":"Simplicity","damage_taken":0,"max_hp_gain":0,"max_hp_loss":0,"event_name":"Back to Basics","floor":22,"gold_loss":0,"cards_upgraded":["Strike_B","Strike_B","Strike_B","Defend_B","Defend_B"]},{"damage_healed":0,"gold_gain":0,"player_choice":"Read","damage_taken":0,"max_hp_gain":0,"max_hp_loss":0,"event_name":"The Library","floor":28,"gold_loss":0,"cards_obtained":["Defragment"]},{"damage_healed":0,"gold_gain":0,"player_choice":"Obtained Relic","damage_taken":0,"relics_obtained":["Vajra"],"max_hp_gain":0,"max_hp_loss":0,"event_name":"Addict","floor":30,"gold_loss":85},{"cards_removed":["Defend_B"],"damage_healed":0,"gold_gain":0,"player_choice":"Removed Skill","damage_taken":0,"max_hp_gain":0,"max_hp_loss":0,"event_name":"Falling","floor":39,"gold_loss":0}],"is_beta":false,"boss_relics":[{"not_picked":["Velvet Choker","Tiny House"],"picked":"FrozenCore"},{"not_picked":["White Beast Statue","Pandora\u0027s Box"],"picked":"Inserter"}],"items_purged_floors":[48],"is_endless":false,"potions_floor_spawned":[6,16,18,24,33,35,40,45],"ascension_level":0}