{"gold_per_floor":[114,31,31,31,42,42,53,64,118,135,135,153,153,169,169,243,243,261,1,20,33,49,0,0,20,46,73,85,97,119,146,158,170],"floor_reached":33,"playtime":1705,"items_purged":[],"score":490,"play_id":"80af6403-bcb8-4d9b-9b30-d6ec55410b4c","local_time":"20181222173924","is_ascension_mode":true,"campfire_choices":[{"data":"Distraction","floor":6,"key":"SMITH"},{"data":"Bouncing Flask","floor":11,"key":"SMITH"},{"data":"Noxious Fumes","floor":15,"key":"SMITH"},{"floor":29,"key":"REST"},{"floor":32,"key":"REST"}],"neow_cost":"NONE","seed_source_timestamp":457797358522338,"circlet_count":0,"master_deck":["AscendersBane","Defend_G","Defend_G","Defend_G","Defend_G","Defend_G","Strike_G","Strike_G","Strike_G","Strike_G","Survivor","Neutralize+1","Backstab","Bouncing Flask+1","Distraction+1","Backflip","Dagger Spray","Crippling Poison","Noxious Fumes+1","Wraith Form v2","Catalyst","Footwork","PiercingWail","Catalyst","Deflect+1","Bouncing Flask+1","Deflect"],"relics":["White Beast Statue","Blood Vial","Fusion Hammer","TwistedFunnel","MawBank","FaceOfCleric"],"potions_floor_usage":[8,10,12,14,16,33,33],"damage_taken":[{"damage":0,"enemies":"Small Slimes","floor":1,"turns":5},{"damage":7,"enemies":"Jaw Worm","floor":5,"turns":3},{"damage":0,"enemies":"2 Louse","floor":7,"turns":3},{"damage":6,"enemies":"Exordium Thugs","floor":8,"turns":7},{"damage":0,"enemies":"2 Fungi Beasts","floor":10,"turns":5},{"damage":6,"enemies":"Looter","floor":12,"turns":3},{"damage":0,"enemies":"Exordium Wildlife","floor":14,"turns":4},{"damage":18,"enemies":"Hexaghost","floor":16,"turns":8},{"damage":0,"enemies":"3 Byrds","floor":18,"turns":5},{"damage":0,"enemies":"Spheric Guardian","floor":20,"turns":2},{"damage":13,"enemies":"Snake Plant","floor":21,"turns":4},{"damage":25,"enemies":"Shelled Parasite and Fungi","floor":22,"turns":6},{"damage":9,"enemies":"Centurion and Healer","floor":25,"turns":6},{"damage":26,"enemies":"Cultist and Chosen","floor":27,"turns":7},{"damage":16,"enemies":"Shelled Parasite and Fungi","floor":30,"turns":5},{"damage":2,"enemies":"3 Cultists","floor":31,"turns":4},{"damage":42,"enemies":"Collector","floor":33,"turns":8}],"seed_played":"6675133160521165560","potions_obtained":[{"floor":1,"key":"SneckoOil"},{"floor":5,"key":"Energy Potion"},{"floor":7,"key":"EssenceOfSteel"},{"floor":8,"key":"GamblersBrew"},{"floor":10,"key":"Swift Potion"},{"floor":12,"key":"Regen Potion"},{"floor":14,"key":"EssenceOfSteel"},{"floor":16,"key":"Weak Potion"},{"floor":18,"key":"Dexterity Potion"},{"floor":22,"key":"GhostInAJar"}],"is_trial":false,"path_per_floor":["M","$","?","?","M","R","M","M","T","M","R","M","?","M","R","B",null,"M","$","M","M","M","?","?","M","T","M","?","R","M","M","R","B"],"character_chosen":"THE_SILENT","items_purchased":["Bouncing Flask","Footwork","TwistedFunnel"],"campfire_rested":2,"item_purchase_floors":[2,19,19],"current_hp_per_floor":[59,59,59,64,57,57,57,51,51,53,53,49,49,65,65,49,66,68,68,70,58,35,35,35,28,28,4,4,25,12,13,34,0],"gold":170,"neow_bonus":"BOSS_RELIC","is_prod":false,"is_daily":false,"chose_seed":false,"campfire_upgraded":3,"win_rate":0,"timestamp":1545529164,"path_taken":["M","$","?","?","M","R","M","M","T","M","R","?","?","M","R","BOSS","M","$","M","M","M","?","?","M","T","M","?","R","M","M","R","BOSS"],"build_version":"2018-12-20","purchased_purges":0,"victory":false,"max_hp_per_floor":[66,66,66,71,71,71,71,71,71,71,71,71,71,71,71,71,71,71,71,71,71,71,71,71,71,71,71,71,71,72,73,73,73],"card_choices":[{"not_picked":["Backflip","Quick Slash"],"picked":"Backstab","floor":1},{"not_picked":["Deflect","Poisoned Stab"],"picked":"Backflip","floor":5},{"not_picked":["Deflect","Eviscerate","Prepared"],"picked":"SKIP","floor":7},{"not_picked":["Predator","Prepared","Flying Knee"],"picked":"SKIP","floor":8},{"not_picked":["Expertise","Quick Slash"],"picked":"Dagger Spray","floor":10},{"not_picked":["Poisoned Stab","Dodge and Roll"],"picked":"Crippling Poison","floor":12},{"not_picked":["Unload","Concentrate"],"picked":"Noxious Fumes","floor":14},{"not_picked":["Envenom","A Thousand Cuts"],"picked":"Wraith Form v2","floor":16},{"not_picked":["Expertise","Cloak And Dagger"],"picked":"Catalyst","floor":18},{"not_picked":["Acrobatics","Dagger Throw","Accuracy"],"picked":"SKIP","floor":20},{"not_picked":["Cloak And Dagger","Bane"],"picked":"PiercingWail","floor":21},{"not_picked":["Distraction","Leg Sweep"],"picked":"Catalyst","floor":22},{"not_picked":["Accuracy+1","Distraction+1"],"picked":"Deflect+1","floor":25},{"not_picked":["Outmaneuver","Underhanded Strike+1","Wraith Form v2"],"picked":"SKIP","floor":27},{"not_picked":["Dagger Spray","Well Laid Plans+1"],"picked":"Bouncing Flask+1","floor":30},{"not_picked":["Prepared+1","Cloak And Dagger+1"],"picked":"Deflect","floor":31}],"player_experience":193468,"relics_obtained":[{"floor":9,"key":"Blood Vial"},{"floor":26,"key":"MawBank"}],"event_choices":[{"damage_healed":0,"gold_gain":0,"cards_transformed":["Strike_G"],"player_choice":"Change","damage_taken":0,"max_hp_gain":0,"max_hp_loss":0,"event_name":"Living Wall","floor":3,"gold_loss":0,"cards_obtained":["Distraction"]},{"damage_healed":0,"gold_gain":0,"player_choice":"Donut","damage_taken":0,"max_hp_gain":5,"max_hp_loss":0,"event_name":"Big Fish","floor":4,"gold_loss":0},{"damage_healed":0,"gold_gain":0,"player_choice":"Forge","damage_taken":0,"max_hp_gain":0,"max_hp_loss":0,"event_name":"Accursed Blacksmith","floor":13,"gold_loss":0,"cards_upgraded":["Neutralize"]},{"damage_healed":0,"gold_gain":0,"player_choice":"Paid Fearfully","damage_taken":0,"max_hp_gain":0,"max_hp_loss":0,"event_name":"Masked Bandits","floor":23,"gold_loss":49},{"damage_healed":0,"gold_gain":0,"player_choice":"Ignored","damage_taken":0,"max_hp_gain":0,"max_hp_loss":0,"event_name":"Beggar","floor":24,"gold_loss":0},{"damage_healed":0,"gold_gain":0,"player_choice":"Trade","damage_taken":0,"relics_obtained":["FaceOfCleric"],"max_hp_gain":0,"max_hp_loss":0,"event_name":"FaceTrader","floor":28,"gold_loss":0}],"is_beta":false,"boss_relics":[{"not_picked":["Eternal Feather","Runic Dome"],"picked":"Fusion Hammer"}],"items_purged_floors":[],"is_endless":false,"potions_floor_spawned":[1,5,7,8,10,12,14,16,18,20,21,22,25,27,30,31],"killed_by":"Collector","ascension_level":20}