{"gold_per_floor":[113,113,113,38,88,88,116,116,116,142,152,177,177,10,10,84,84,96,115,126,136,136,136,136,136,136,168,168,168,185,219,219,298,298,314,314,314,361,379,379,397,397,397,15,30,42,42,42,42,42],"floor_reached":50,"playtime":4955,"items_purged":["Strike_R","Defend_R"],"score":894,"play_id":"aaff1777-2ab8-4eff-ab71-c0c37e7aab6e","local_time":"20190204153845","is_ascension_mode":true,"campfire_choices":[{"data":"Carnage","floor":6,"key":"SMITH"},{"data":"Battle Trance","floor":8,"key":"SMITH"},{"data":"Flame Barrier","floor":13,"key":"SMITH"},{"floor":15,"key":"REST"},{"data":"Rampage","floor":23,"key":"SMITH"},{"data":"Body Slam","floor":25,"key":"SMITH"},{"data":"Burning Pact","floor":29,"key":"SMITH"},{"floor":32,"key":"REST"},{"data":"Fiend Fire","floor":40,"key":"SMITH"},{"data":"Inflame","floor":42,"key":"SMITH"},{"floor":47,"key":"REST"},{"data":"Burning Pact","floor":49,"key":"SMITH"}],"neow_cost":"NONE","seed_source_timestamp":234647517332500,"circlet_count":0,"master_deck":["AscendersBane","Defend_R","Defend_R","Bash","Carnage+1","Battle Trance+1","Flame Barrier+1","Shrug It Off","Burning Pact+1","Burning Pact+1","Rampage+1","Headbutt","Shrug It Off","Impervious","Inflame+1","Body Slam+1","Immolate","Exhume","Flame Barrier","Fiend Fire+1","Brutality+1","Metallicize+1","Havoc+1","Shrug It Off","Violence","Rupture+1"],"relics":["Burning Blood","Mercury Hourglass","Blood Vial","Centennial Puzzle","Juzu Bracelet","Odd Mushroom","Snecko Eye","Frozen Egg 2","Self Forming Clay","Ornamental Fan","Philosopher\u0027s Stone","Peace Pipe","Sundial"],"potions_floor_usage":[16,16,27,33,36,46,50],"damage_taken":[{"damage":0,"enemies":"2 Louse","floor":1,"turns":2},{"damage":18,"enemies":"Gremlin Nob","floor":7,"turns":3},{"damage":30,"enemies":"Lagavulin","floor":10,"turns":11},{"damage":0,"enemies":"Small Slimes","floor":11,"turns":2},{"damage":5,"enemies":"The Mushroom Lair","floor":12,"turns":3},{"damage":20,"enemies":"Slime Boss","floor":16,"turns":6},{"damage":7,"enemies":"Shell Parasite","floor":18,"turns":3},{"damage":0,"enemies":"Chosen","floor":19,"turns":3},{"damage":2,"enemies":"Snecko","floor":20,"turns":3},{"damage":14,"enemies":"Snake Plant","floor":21,"turns":4},{"damage":8,"enemies":"Book of Stabbing","floor":27,"turns":4},{"damage":10,"enemies":"Chosen and Byrds","floor":30,"turns":5},{"damage":0,"enemies":"Slavers","floor":31,"turns":4},{"damage":47,"enemies":"Champ","floor":33,"turns":11},{"damage":2,"enemies":"3 Darklings","floor":35,"turns":3},{"damage":0,"enemies":"3 Shapes","floor":36,"turns":1},{"damage":0,"enemies":"2 Orb Walkers","floor":38,"turns":3},{"damage":5,"enemies":"Sphere and 2 Shapes","floor":39,"turns":4},{"damage":25,"enemies":"4 Shapes","floor":41,"turns":4},{"damage":27,"enemies":"Writhing Mass","floor":45,"turns":6},{"damage":0,"enemies":"Transient","floor":46,"turns":5},{"damage":83,"enemies":"Awakened One","floor":50,"turns":5}],"seed_played":"184879997065262089","potions_obtained":[{"floor":10,"key":"Energy Potion"},{"floor":11,"key":"Explosive Potion"},{"floor":16,"key":"FearPotion"},{"floor":20,"key":"SmokeBomb"},{"floor":27,"key":"LiquidBronze"},{"floor":41,"key":"LiquidBronze"},{"floor":45,"key":"Strength Potion"}],"is_trial":false,"path_per_floor":["M","?","?","$","?","R","E","R","T","E","M","?","R","$","R","B",null,"M","M","M","M","?","R","?","R","T","E","?","R","M","E","R","B",null,"M","M","?","?","M","R","M","R","T","$","M","M","R","?","R","B"],"character_chosen":"IRONCLAD","items_purchased":["Rampage","Headbutt","Shrug It Off","Shrug It Off","Violence","GamblersBrew"],"campfire_rested":3,"item_purchase_floors":[14,14,14,44,44,44],"current_hp_per_floor":[74,74,48,48,48,48,36,36,36,14,22,25,25,25,47,35,65,66,74,75,67,46,46,46,46,46,46,46,46,44,52,76,37,69,75,80,80,80,80,80,61,61,61,61,42,50,74,74,74,0],"gold":42,"neow_bonus":"TRANSFORM_CARD","is_prod":false,"is_daily":false,"chose_seed":false,"campfire_upgraded":9,"win_rate":0,"timestamp":1549291125,"path_taken":["M","?","?","$","?","R","E","R","T","E","M","?","R","$","R","BOSS","M","M","M","M","?","R","?","R","T","E","?","R","M","E","R","BOSS","M","M","?","?","M","R","M","R","T","$","M","M","R","?","R","BOSS"],"build_version":"2019-01-23","purchased_purges":2,"victory":false,"max_hp_per_floor":[75,75,75,75,75,75,75,75,75,75,75,75,75,75,75,75,75,75,75,75,75,80,80,80,80,80,80,80,80,80,80,80,80,80,80,80,80,80,80,80,80,80,80,80,80,80,80,76,76,76],"card_choices":[{"not_picked":["Body Slam","Carnage"],"picked":"Battle Trance","floor":1},{"not_picked":["Wild Strike","Sword Boomerang"],"picked":"Flame Barrier","floor":7},{"not_picked":["Shockwave","Flex"],"picked":"Shrug It Off","floor":10},{"not_picked":["Combust","Heavy Blade"],"picked":"Burning Pact","floor":11},{"not_picked":["Anger","Wild Strike"],"picked":"Burning Pact","floor":12},{"not_picked":["Limit Break","Berserk"],"picked":"Impervious","floor":16},{"not_picked":["Twin Strike","Fire Breathing"],"picked":"Inflame","floor":18},{"not_picked":["Searing Blow","Twin Strike+1","Iron Wave"],"picked":"SKIP","floor":19},{"not_picked":["Armaments","Pommel Strike"],"picked":"Body Slam","floor":20},{"not_picked":["Entrench","Body Slam","Twin Strike"],"picked":"SKIP","floor":21},{"not_picked":["Infernal Blade","Carnage","Dual Wield"],"picked":"SKIP","floor":27},{"not_picked":["Wild Strike","Headbutt+1"],"picked":"Flame Barrier","floor":30},{"not_picked":["Wild Strike","Battle Trance"],"picked":"Fiend Fire","floor":31},{"not_picked":["Feed","Exhume"],"picked":"Brutality+1","floor":33},{"not_picked":["Sever Soul","Rampage"],"picked":"Metallicize+1","floor":35},{"not_picked":["Heavy Blade","Seeing Red"],"picked":"Havoc+1","floor":39},{"not_picked":["Clash","Power Through","Warcry"],"picked":"SKIP","floor":41},{"not_picked":["Clash","Sever Soul+1"],"picked":"Rupture+1","floor":45},{"not_picked":["Iron Wave","Thunderclap","Pommel Strike+1"],"picked":"SKIP","floor":46}],"player_experience":385720,"relics_obtained":[{"floor":7,"key":"Blood Vial"},{"floor":9,"key":"Centennial Puzzle"},{"floor":10,"key":"Juzu Bracelet"},{"floor":12,"key":"Odd Mushroom"},{"floor":26,"key":"Frozen Egg 2"},{"floor":27,"key":"Self Forming Clay"},{"floor":31,"key":"Ornamental Fan"},{"floor":38,"key":"Peace Pipe"},{"floor":43,"key":"Sundial"}],"event_choices":[{"cards_removed":["Strike_R"],"damage_healed":0,"gold_gain":0,"player_choice":"Forget","damage_taken":0,"max_hp_gain":0,"max_hp_loss":0,"event_name":"Living Wall","floor":2,"gold_loss":0},{"damage_healed":0,"gold_gain":0,"player_choice":"Success","damage_taken":26,"relics_obtained":["Mercury Hourglass"],"max_hp_gain":0,"max_hp_loss":0,"event_name":"Scrap Ooze","floor":3,"gold_loss":0},{"damage_healed":0,"gold_gain":50,"player_choice":"Pray","damage_taken":0,"max_hp_gain":0,"max_hp_loss":0,"event_name":"Golden Shrine","floor":5,"gold_loss":0},{"damage_healed":0,"gold_gain":0,"player_choice":"Fought Mushrooms","damage_taken":0,"max_hp_gain":0,"max_hp_loss":0,"event_name":"Mushrooms","floor":12,"gold_loss":0},{"damage_healed":0,"gold_gain":0,"player_choice":"Shed Blood","damage_taken":26,"max_hp_gain":5,"max_hp_loss":0,"event_name":"Forgotten Altar","floor":22,"gold_loss":0},{"damage_healed":0,"gold_gain":0,"cards_transformed":["Strike_R","Strike_R"],"player_choice":"Became Test Subject","damage_taken":0,"max_hp_gain":0,"max_hp_loss":0,"event_name":"Drug Dealer","floor":24,"gold_loss":0,"cards_obtained":["Immolate","Exhume"]},{"cards_removed":["Defend_R"],"damage_healed":0,"gold_gain":0,"player_choice":"Elegance","damage_taken":0,"max_hp_gain":0,"max_hp_loss":0,"event_name":"Back to Basics","floor":28,"gold_loss":0},{"damage_healed":0,"gold_gain":0,"player_choice":"Ignored","damage_taken":0,"max_hp_gain":0,"max_hp_loss":0,"event_name":"Tomb of Lord Red Mask","floor":37,"gold_loss":0},{"damage_healed":0,"gold_gain":0,"player_choice":"Fight","damage_taken":0,"max_hp_gain":0,"max_hp_loss":0,"event_name":"Mysterious Sphere","floor":38,"gold_loss":0},{"damage_healed":0,"gold_gain":0,"player_choice":"Max HP","damage_taken":0,"max_hp_gain":0,"max_hp_loss":4,"event_name":"Winding Halls","floor":48,"gold_loss":0}],"is_beta":false,"boss_relics":[{"not_picked":["Black Blood","White Beast Statue"],"picked":"Snecko Eye"},{"not_picked":["Runic Dome","Pandora\u0027s Box"],"picked":"Philosopher\u0027s Stone"}],"items_purged_floors":[4,44],"is_endless":false,"potions_floor_spawned":[10,11,16,20,21,27,41,45],"killed_by":"Awakened One","ascension_level":15}