{"gold_per_floor":[112,122,47,61,33,67,67,93,93,93,93],"floor_reached":11,"playtime":1005,"items_purged":[],"score":158,"play_id":"eb272f2d-13ff-46c7-a783-a1d4dbdd5819","local_time":"20190203080036","is_ascension_mode":true,"campfire_choices":[{"data":"Neutralize","floor":7,"key":"SMITH"},{"data":"Blade Dance","floor":10,"key":"SMITH"}],"neow_cost":"TEN_PERCENT_HP_LOSS","seed_source_timestamp":124709051117800,"circlet_count":0,"master_deck":["AscendersBane","Defend_G","Defend_G","Defend_G","Defend_G","Defend_G","Strike_G","Strike_G","Survivor","Neutralize+1","Backflip","Blade Dance+1","Finisher","Dagger Throw","Deadly Poison"],"relics":["Ring of the Snake","Meat on the Bone","Mummified Hand","Shuriken"],"potions_floor_usage":[6,6,8],"damage_taken":[{"damage":2,"enemies":"Jaw Worm","floor":1,"turns":12},{"damage":0,"enemies":"2 Louse","floor":2,"turns":3},{"damage":7,"enemies":"Cultist","floor":4,"turns":6},{"damage":22,"enemies":"3 Sentries","floor":6,"turns":10},{"damage":13,"enemies":"Lagavulin","floor":8,"turns":6},{"damage":27,"enemies":"Gremlin Nob","floor":11,"turns":3}],"seed_played":"-6350654480933795097","potions_obtained":[{"floor":1,"key":"LiquidBronze"},{"floor":4,"key":"Poison Potion"},{"floor":6,"key":"Strength Potion"}],"is_trial":false,"path_per_floor":["M","M","?","M","$","E","R","E","T","R","E"],"character_chosen":"THE_SILENT","items_purchased":["Dagger Throw"],"campfire_rested":0,"item_purchase_floors":[5],"current_hp_per_floor":[57,57,57,50,50,28,28,27,27,27,0],"gold":93,"neow_bonus":"REMOVE_TWO","is_prod":false,"is_daily":false,"chose_seed":false,"campfire_upgraded":2,"win_rate":0,"timestamp":1549177236,"path_taken":["M","M","?","M","$","E","R","E","T","R","E"],"build_version":"2019-01-23","purchased_purges":0,"victory":false,"max_hp_per_floor":[60,60,60,60,60,60,60,60,60,60,60],"card_choices":[{"not_picked":["Skewer","Endless Agony"],"picked":"Backflip","floor":1},{"not_picked":["PiercingWail","Eviscerate"],"picked":"Blade Dance","floor":2},{"not_picked":["Bouncing Flask","Reflex"],"picked":"Finisher","floor":4},{"not_picked":["Concentrate","Tactician"],"picked":"Deadly Poison","floor":6},{"not_picked":["Endless Agony","Underhanded Strike","Accuracy"],"picked":"SKIP","floor":8}],"player_experience":359064,"relics_obtained":[{"floor":6,"key":"Meat on the Bone"},{"floor":8,"key":"Mummified Hand"},{"floor":9,"key":"Shuriken"}],"event_choices":[{"cards_removed":["Strike_G"],"damage_healed":0,"gold_gain":0,"player_choice":"Card Removal","damage_taken":0,"max_hp_gain":0,"max_hp_loss":0,"event_name":"The Cleric","floor":3,"gold_loss":75}],"is_beta":false,"boss_relics":[],"items_purged_floors":[],"is_endless":false,"potions_floor_spawned":[1,4,6],"killed_by":"Gremlin Nob","ascension_level":19}