{"gold_per_floor":[113,113,123,137,149,149,179,191,203,241,328,351,29,29,29,29],"floor_reached":16,"playtime":794,"items_purged":["Strike_B"],"score":193,"play_id":"7cb24fe7-ac50-46d6-a9c5-a9f35ca70441","local_time":"20190202224359","is_ascension_mode":true,"campfire_choices":[{"data":"Darkness","floor":6,"key":"SMITH"},{"data":"Zap","floor":8,"key":"SMITH"},{"data":"Dualcast","floor":15,"key":"SMITH"}],"neow_cost":"NONE","seed_source_timestamp":113322426544407,"circlet_count":0,"master_deck":["AscendersBane","Strike_B","Strike_B","Defend_B","Defend_B","Defend_B","Defend_B","Zap+1","Dualcast+1","Self Repair","Doom and Gloom","Darkness+1","Leap","Ball Lightning","Leap"],"relics":["Cracked Core","Happy Flower","MawBank","DataDisk","Mercury Hourglass","Gremlin Horn"],"potions_floor_usage":[5],"damage_taken":[{"damage":4,"enemies":"Small Slimes","floor":1,"turns":3},{"damage":0,"enemies":"Cultist","floor":3,"turns":3},{"damage":7,"enemies":"Jaw Worm","floor":4,"turns":3},{"damage":7,"enemies":"Exordium Thugs","floor":5,"turns":4},{"damage":26,"enemies":"3 Sentries","floor":7,"turns":6},{"damage":20,"enemies":"Lagavulin","floor":10,"turns":5},{"damage":8,"enemies":"Blue Slaver","floor":12,"turns":3},{"damage":30,"enemies":"The Guardian","floor":16,"turns":8}],"seed_played":"-2677575302499830444","potions_obtained":[{"floor":1,"key":"FairyPotion"},{"floor":3,"key":"EssenceOfSteel"},{"floor":10,"key":"FearPotion"}],"is_trial":false,"path_per_floor":["M","?","M","M","M","R","E","R","T","E","?","M","$","?","R","B"],"character_chosen":"DEFECT","items_purchased":["Gremlin Horn"],"campfire_rested":0,"item_purchase_floors":[13],"current_hp_per_floor":[60,60,67,67,60,60,41,41,41,28,17,16,16,21,21,0],"gold":29,"neow_bonus":"RANDOM_COMMON_RELIC","is_prod":false,"is_daily":false,"chose_seed":false,"campfire_upgraded":3,"win_rate":0,"timestamp":1549176239,"path_taken":["M","?","?","M","M","R","E","R","T","E","?","M","$","?","R","BOSS"],"build_version":"2019-01-23","purchased_purges":1,"victory":false,"max_hp_per_floor":[71,71,71,71,71,71,71,71,71,71,71,71,71,76,76,76],"card_choices":[{"not_picked":["Redo","Streamline"],"picked":"Self Repair","floor":1},{"not_picked":["Stack","Recycle"],"picked":"Doom and Gloom","floor":3},{"not_picked":["Scrape","Rip and Tear"],"picked":"Darkness","floor":4},{"not_picked":["Conserve Battery","Rebound"],"picked":"Leap","floor":5},{"not_picked":["Thunder Strike","Hologram"],"picked":"Ball Lightning","floor":7},{"not_picked":["Steam","Stack"],"picked":"Leap","floor":10},{"not_picked":["Force Field","Barrage","Beam Cell"],"picked":"SKIP","floor":12}],"player_experience":480431,"relics_obtained":[{"floor":7,"key":"MawBank"},{"floor":9,"key":"DataDisk"},{"floor":10,"key":"Mercury Hourglass"}],"event_choices":[{"cards_removed":["Strike_B"],"damage_healed":0,"gold_gain":0,"player_choice":"Offered Basic","damage_taken":0,"max_hp_gain":0,"max_hp_loss":0,"event_name":"Bonfire Elementals","floor":2,"gold_loss":0},{"damage_healed":0,"gold_gain":75,"player_choice":"Gather Gold","damage_taken":11,"max_hp_gain":0,"max_hp_loss":0,"event_name":"World of Goop","floor":11,"gold_loss":0},{"damage_healed":0,"gold_gain":0,"player_choice":"Donut","damage_taken":0,"max_hp_gain":5,"max_hp_loss":0,"event_name":"Big Fish","floor":14,"gold_loss":0}],"is_beta":false,"boss_relics":[],"items_purged_floors":[13],"is_endless":false,"potions_floor_spawned":[1,3,10,12],"killed_by":"The Guardian","ascension_level":15}