{"gold_per_floor":[215,215,227,244,244,244,254,177,203,218,218,218,218,233,233,337,337,350,204,303,314,39,68,88,108,131,131,131,159,170,170,170,170],"floor_reached":33,"playtime":880,"items_purged":[],"score":277,"play_id":"da4a5543-938f-49b7-ba9e-935be1751075","local_time":"20181124220334","is_ascension_mode":false,"campfire_choices":[{"data":"Dualcast","floor":6.0,"key":"SMITH"},{"data":"Defragment","floor":11.0,"key":"SMITH"},{"data":"Zap","floor":15.0,"key":"SMITH"},{"data":"Rainbow","floor":27.0,"key":"SMITH"},{"floor":32.0,"key":"REST"}],"neow_cost":"NONE","seed_source_timestamp":0,"circlet_count":0,"master_deck":["Strike_B","Strike_B","Strike_B","Defend_B","Defend_B","Defend_B","Defend_B","Zap+1","Dualcast+1","Ball Lightning","Chill","Defragment+1","Coolheaded","Rainbow+1","Conserve Battery","Glacier","Coolheaded+1","Auto Shields"],"special_seed":0,"relics":["Cracked Core","Centennial Puzzle","Sozu","Lantern","Singing Bowl","Boot","Potion Belt"],"potions_floor_usage":[],"damage_taken":[{"damage":1.0,"enemies":"Jaw Worm","floor":1.0,"turns":3.0},{"damage":6.0,"enemies":"2 Louse","floor":3.0,"turns":3.0},{"damage":3.0,"enemies":"Small Slimes","floor":4.0,"turns":2.0},{"damage":2.0,"enemies":"3 Louse","floor":7.0,"turns":3.0},{"damage":0.0,"enemies":"Large Slime","floor":10.0,"turns":4.0},{"damage":12.0,"enemies":"Blue Slaver","floor":14.0,"turns":2.0},{"damage":16.0,"enemies":"The Guardian","floor":16.0,"turns":9.0},{"damage":5.0,"enemies":"3 Byrds","floor":18.0,"turns":4.0},{"damage":0.0,"enemies":"Shell Parasite","floor":21.0,"turns":5.0},{"damage":8.0,"enemies":"Slavers","floor":23.0,"turns":4.0},{"damage":3.0,"enemies":"Centurion and Healer","floor":24.0,"turns":6.0},{"damage":5.0,"enemies":"Cultist and Chosen","floor":25.0,"turns":7.0},{"damage":16.0,"enemies":"Colosseum Slavers","floor":28.0,"turns":3.0},{"damage":13.0,"enemies":"Book of Stabbing","floor":29.0,"turns":7.0},{"damage":0.0,"enemies":"Snecko","floor":30.0,"turns":7.0},{"damage":0,"enemies":"Collector","floor":33,"turns":1}],"seed_played":"-6597440487758644504","potions_obtained":[{"floor":3.0,"key":"SpeedPotion"},{"floor":4.0,"key":"AttackPotion"},{"floor":10.0,"key":"Fruit Juice"},{"floor":14.0,"key":"Fire Potion"}],"is_trial":false,"path_per_floor":["M","$","M","M","?","R","M","$","T","M","R","$","$","M","R","B",null,"M","$","?","M","$","E","M","M","T","R","?","E","E","M","?","R","B"],"character_chosen":"DEFECT","items_purchased":["Defragment","Lantern","Conserve Battery","Singing Bowl"],"campfire_rested":1,"item_purchase_floors":[8,19,22,22],"current_hp_per_floor":[74,74,68,65,58,58,56,56,56,61,61,61,61,49,49,33,80,75,75,75,75,75,69,68,63,63,63,47,34,34,18,44,44],"gold":170,"neow_bonus":"HUNDRED_GOLD","is_prod":false,"is_daily":false,"chose_seed":false,"campfire_upgraded":4,"win_rate":0,"timestamp":1543097014,"path_taken":["M","$","M","M","?","R","M","?","T","M","R","?","$","M","R","BOSS","M","$","?","M","$","E","M","M","T","R","?","E","M","?","R","BOSS"],"build_version":"2018-11-15","purchased_purges":0,"victory":false,"max_hp_per_floor":[75,75,75,75,75,75,75,75,75,80,80,80,80,80,80,80,80,80,80,80,80,80,82,84,84,84,84,84,84,84,89,89,89],"card_choices":[{"not_picked":["Go for the Eyes","Reinforced Body"],"picked":"Ball Lightning","floor":1.0},{"not_picked":["Doom and Gloom","Coolheaded","Aggregate"],"picked":"SKIP","floor":3.0},{"not_picked":["Sweeping Beam","Streamline","Reinforced Body"],"picked":"SKIP","floor":4.0},{"not_picked":["Coolheaded","Steam"],"picked":"Chill","floor":7.0},{"not_picked":["Rip and Tear","Doom and Gloom"],"picked":"Coolheaded","floor":10.0},{"not_picked":["Compile Driver","Rebound","Fusion"],"picked":"SKIP","floor":14.0},{"not_picked":["Hyperbeam","Machine Learning"],"picked":"Rainbow","floor":16.0},{"not_picked":["Steam","Genetic Algorithm","Sweeping Beam+1"],"picked":"SKIP","floor":18.0},{"not_picked":["FTL","Steam","Coolheaded"],"picked":"SKIP","floor":21.0},{"not_picked":["Cold Snap","Ball Lightning","Barrage"],"picked":"Singing Bowl","floor":23.0},{"not_picked":["Stack","Loop","Steam"],"picked":"Singing Bowl","floor":24.0},{"not_picked":["Streamline","Steam"],"picked":"Glacier","floor":25.0},{"not_picked":["Barrage","Rip and Tear"],"picked":"Coolheaded+1","floor":29.0},{"not_picked":["Force Field","Fission"],"picked":"Auto Shields","floor":30.0}],"player_experience":818952,"relics_obtained":[{"floor":9.0,"key":"Centennial Puzzle"},{"floor":23.0,"key":"Boot"},{"floor":26.0,"key":"Potion Belt"}],"event_choices":[{"cards_removed":["Strike_B"],"damage_healed":0.0,"max_hp_gain":0.0,"max_hp_loss":0.0,"gold_gain":0.0,"event_name":"Golden Wing","player_choice":"Card Removal","floor":5.0,"gold_loss":0.0,"damage_taken":7.0},{"damage_healed":0.0,"max_hp_gain":0.0,"max_hp_loss":0.0,"gold_gain":99.0,"event_name":"Nest","player_choice":"Stole From Cult","floor":20.0,"gold_loss":0.0,"damage_taken":0.0},{"damage_healed":0.0,"max_hp_gain":0.0,"max_hp_loss":0.0,"gold_gain":0.0,"event_name":"Colosseum","player_choice":"Fight","floor":28.0,"gold_loss":0.0,"damage_taken":0.0},{"damage_healed":0.0,"max_hp_gain":0.0,"max_hp_loss":0.0,"gold_gain":0.0,"event_name":"Colosseum","player_choice":"Fled From Nobs","floor":28.0,"gold_loss":0.0,"damage_taken":0.0},{"damage_healed":0.0,"max_hp_gain":5.0,"max_hp_loss":0.0,"gold_gain":0.0,"event_name":"Forgotten Altar","player_choice":"Shed Blood","floor":31.0,"gold_loss":0.0,"damage_taken":21.0}],"is_beta":false,"boss_relics":[{"not_picked":["Runic Pyramid","Black Star"],"picked":"Sozu"}],"items_purged_floors":[],"is_endless":false,"potions_floor_spawned":[3,4,10,14,21,23,28],"killed_by":"Collector","ascension_level":0}