{"gold_per_floor":[111,121,29,204,223,223,250,277,313,66,66,80,80,100,100,204,204,215,2,20,40,53,53,65,65,142,174,174,174],"floor_reached":29,"playtime":1469,"items_purged":["Doubt"],"score":284,"play_id":"d859c270-ca07-4343-8ca4-049f4a6b200f","local_time":"20181220014633","is_ascension_mode":true,"campfire_choices":[{"data":"Neutralize","floor":6,"key":"SMITH"},{"floor":11,"key":"REST"},{"data":"Footwork","floor":13,"key":"SMITH"},{"floor":15,"key":"REST"},{"floor":23,"key":"REST"},{"floor":25,"key":"REST"},{"floor":28,"key":"REST"}],"neow_cost":"NONE","seed_source_timestamp":477676607780356,"circlet_count":0,"master_deck":["Defend_G","Defend_G","Defend_G","Defend_G","Defend_G","Strike_G","Strike_G","Strike_G","Strike_G","Strike_G","Survivor","Neutralize+1","Skewer","Dagger Throw","Footwork+1","Dodge and Roll","Sucker Punch","Dagger Spray","Acrobatics","Dagger Throw","Grand Finale","Leg Sweep+1","Envenom","Dagger Spray","Endless Agony+1","Die Die Die","Flying Knee+1","Pain","Die Die Die"],"relics":["Ring of the Snake","MawBank","Potion Belt","Question Card","Cursed Key","Bottled Flame","Anchor"],"potions_floor_usage":[16,16,16,22,22,27,29],"damage_taken":[{"damage":3,"enemies":"Cultist","floor":1,"turns":4},{"damage":0,"enemies":"Jaw Worm","floor":2,"turns":5},{"damage":0,"enemies":"2 Louse","floor":5,"turns":4},{"damage":45,"enemies":"Gremlin Nob","floor":7,"turns":6},{"damage":0,"enemies":"2 Fungi Beasts","floor":8,"turns":4},{"damage":2,"enemies":"Large Slime","floor":12,"turns":9},{"damage":1,"enemies":"Exordium Wildlife","floor":14,"turns":6},{"damage":50,"enemies":"The Guardian","floor":16,"turns":19},{"damage":2,"enemies":"3 Byrds","floor":18,"turns":6},{"damage":22,"enemies":"Spheric Guardian","floor":20,"turns":7},{"damage":13,"enemies":"Snecko","floor":21,"turns":4},{"damage":32,"enemies":"Sentry and Sphere","floor":22,"turns":8},{"damage":11,"enemies":"Cultist and Chosen","floor":24,"turns":8},{"damage":33,"enemies":"Slavers","floor":27,"turns":4},{"damage":36,"enemies":"Shelled Parasite and Fungi","floor":29,"turns":3}],"seed_played":"4887459143583251447","potions_obtained":[{"floor":1,"key":"AttackPotion"},{"floor":2,"key":"Dexterity Potion"},{"floor":12,"key":"Block Potion"},{"floor":14,"key":"Swift Potion"},{"floor":20,"key":"SteroidPotion"},{"floor":21,"key":"SkillPotion"},{"floor":22,"key":"AttackPotion"},{"floor":27,"key":"SpeedPotion"}],"is_trial":false,"path_per_floor":["M","M","$","?","M","R","E","M","T","$","R","M","R","M","R","B",null,"M","$","M","M","M","R","M","R","T","E","R","M"],"character_chosen":"THE_SILENT","items_purchased":["Footwork","Dodge and Roll","Question Card","Envenom"],"campfire_rested":5,"item_purchase_floors":[3,3,10,19],"current_hp_per_floor":[74,74,74,74,74,74,29,29,29,29,52,50,50,49,72,22,77,75,75,53,40,8,31,20,43,43,10,33,0],"gold":174,"neow_bonus":"TEN_PERCENT_HP_BONUS","is_prod":false,"is_daily":false,"chose_seed":false,"campfire_upgraded":2,"win_rate":0,"timestamp":1545241593,"path_taken":["M","?","$","?","M","R","E","M","T","$","R","M","R","M","R","BOSS","M","$","M","M","M","R","M","R","T","E","R","M"],"build_version":"2018-12-13","purchased_purges":1,"victory":false,"max_hp_per_floor":[77,77,77,77,77,77,77,77,77,77,77,77,77,77,77,77,77,77,77,77,77,77,77,77,77,77,77,77,77],"card_choices":[{"not_picked":["Blade Dance","Caltrops"],"picked":"Skewer","floor":1},{"not_picked":["Calculated Gamble","Prepared"],"picked":"Dagger Throw","floor":2},{"not_picked":["Underhanded Strike","Catalyst","Outmaneuver"],"picked":"SKIP","floor":5},{"not_picked":["Underhanded Strike","PiercingWail"],"picked":"Sucker Punch","floor":7},{"not_picked":["Bouncing Flask","Escape Plan"],"picked":"Dagger Spray","floor":8},{"not_picked":["Outmaneuver","Deadly Poison","PiercingWail"],"picked":"Acrobatics","floor":12},{"not_picked":["Poisoned Stab","Calculated Gamble","Bane"],"picked":"Dagger Throw","floor":14},{"not_picked":["Wraith Form v2","Bullet Time","Venomology"],"picked":"Grand Finale","floor":16},{"not_picked":["Finisher","Slice","Poisoned Stab"],"picked":"Leg Sweep+1","floor":18},{"not_picked":["Dash","Blade Dance","Catalyst"],"picked":"Dagger Spray","floor":20},{"not_picked":["Blur","Slice","Deflect"],"picked":"Endless Agony+1","floor":21},{"not_picked":["Deadly Poison","Outmaneuver","Dagger Throw"],"picked":"Die Die Die","floor":22},{"not_picked":["Bane","Slice","Deadly Poison"],"picked":"Flying Knee+1","floor":24},{"not_picked":["Expertise","Masterful Stab","Blade Dance"],"picked":"Die Die Die","floor":27}],"player_experience":63937,"relics_obtained":[{"floor":7,"key":"MawBank"},{"floor":9,"key":"Potion Belt"},{"floor":26,"key":"Bottled Flame"},{"floor":27,"key":"Anchor"}],"event_choices":[{"damage_healed":0,"gold_gain":175,"player_choice":"AGREE","damage_taken":0,"max_hp_gain":0,"max_hp_loss":0,"event_name":"Liars Game","floor":4,"gold_loss":0,"cards_obtained":["Doubt"]}],"is_beta":false,"boss_relics":[{"not_picked":["Busted Crown","Snecko Eye"],"picked":"Cursed Key"}],"items_purged_floors":[19],"is_endless":false,"potions_floor_spawned":[1,2,12,14,20,21,22,27],"killed_by":"Shelled Parasite and Fungi","ascension_level":3}