{"gold_per_floor":[211,211,224,224,11,44,44,55,81,81,4,0,25,25,25,102,102,114,114,132,149,149],"floor_reached":22,"playtime":923,"items_purged":[],"score":374,"play_id":"176e4ee4-d5cb-4f85-be71-520278fbfb76","local_time":"20190207230024","is_ascension_mode":true,"campfire_choices":[{"floor":7.0,"key":"REST"},{"data":"Clothesline","floor":10.0,"key":"SMITH"},{"floor":15.0,"key":"REST"}],"neow_cost":"NONE","seed_source_timestamp":8843911547868,"circlet_count":0,"master_deck":["AscendersBane","Strike_R","Strike_R","Strike_R","Strike_R+1","Strike_R+1","Defend_R","Defend_R","Defend_R","Defend_R","Bash+1","Clash","Anger","Bandage Up","Clothesline+1","Shrug It Off","Headbutt","Inflame","Feed","Feed","Uppercut","Metallicize","Cleave","Corruption","Battle Trance"],"special_seed":0,"relics":["Burning Blood","Juzu Bracelet","Lantern","Oddly Smooth Stone","Orrery","Enchiridion"],"potions_floor_usage":[20,20,20,20],"damage_taken":[{"damage":11.0,"enemies":"Jaw Worm","floor":1.0,"turns":6.0},{"damage":0.0,"enemies":"2 Louse","floor":3.0,"turns":2.0},{"damage":31.0,"enemies":"Gremlin Nob","floor":6.0,"turns":4.0},{"damage":0.0,"enemies":"Small Slimes","floor":8.0,"turns":3.0},{"damage":34.0,"enemies":"Lagavulin","floor":13.0,"turns":6.0},{"damage":45,"enemies":"Slime Boss","floor":16,"turns":10},{"damage":31,"enemies":"2 Thieves","floor":18,"turns":4},{"damage":5,"enemies":"Spheric Guardian","floor":20,"turns":3},{"damage":17,"enemies":"Centurion and Healer","floor":21,"turns":11},{"damage":23,"enemies":"Shelled Parasite and Fungi","floor":22,"turns":2}],"seed_played":"-4883479410054561334","potions_obtained":[{"floor":16,"key":"Fire Potion"},{"floor":18,"key":"EntropicBrew"}],"is_trial":false,"path_per_floor":["M","?","M","?","$","E","R","M","T","R","$","?","E","$","R","B",null,"M","?","M","M","M"],"character_chosen":"IRONCLAD","items_purchased":["Bandage Up","Clothesline","Shrug It Off","Inflame"],"campfire_rested":2,"item_purchase_floors":[5,5,5,11],"current_hp_per_floor":[63,63,69,46,46,21,43,49,49,49,49,49,25,25,47,12,59,41,20,24,23,0],"gold":149,"neow_bonus":"HUNDRED_GOLD","is_prod":false,"is_daily":false,"chose_seed":false,"campfire_upgraded":1,"win_rate":0,"timestamp":1549598424,"path_taken":["M","?","M","?","$","E","R","M","T","R","$","?","E","?","R","BOSS","M","?","M","M","M"],"build_version":"2019-01-23","purchased_purges":0,"victory":false,"max_hp_per_floor":[75,75,75,75,75,75,75,75,75,75,75,75,75,75,75,75,75,78,78,81,87,87],"card_choices":[{"not_picked":["Iron Wave","Twin Strike"],"picked":"Clash","floor":1.0},{"not_picked":["True Grit","Thunderclap"],"picked":"Anger","floor":3.0},{"not_picked":["Limit Break","Thunderclap"],"picked":"Headbutt","floor":6.0},{"not_picked":["Flex","Warcry","Sword Boomerang"],"picked":"SKIP","floor":8.0},{"not_picked":["Flex","Power Through","Anger"],"picked":"SKIP","floor":13.0},{"not_picked":["Dark Embrace","Juggernaut"],"picked":"Feed","floor":16},{"not_picked":["Rampage","Cleave"],"picked":"Feed","floor":17},{"not_picked":["Evolve","Pommel Strike"],"picked":"Uppercut","floor":17},{"not_picked":["Cleave","Reckless Charge"],"picked":"Metallicize","floor":17},{"not_picked":["Sword Boomerang","True Grit"],"picked":"Cleave","floor":17},{"not_picked":["Thunderclap","Second Wind","Blood for Blood"],"picked":"SKIP","floor":18},{"not_picked":["Clash","Rupture"],"picked":"Corruption","floor":20},{"not_picked":["Searing Blow","Second Wind"],"picked":"Battle Trance","floor":21}],"player_experience":429286,"relics_obtained":[{"floor":6.0,"key":"Juzu Bracelet"},{"floor":9.0,"key":"Lantern"},{"floor":13.0,"key":"Oddly Smooth Stone"},{"floor":19,"key":"Enchiridion"}],"event_choices":[{"damage_healed":0.0,"max_hp_gain":0.0,"max_hp_loss":0.0,"gold_gain":0.0,"event_name":"Living Wall","player_choice":"Grow","floor":2.0,"gold_loss":0.0,"damage_taken":0.0,"cards_upgraded":["Bash"]},{"damage_healed":0.0,"max_hp_gain":0.0,"max_hp_loss":0.0,"gold_gain":0.0,"event_name":"Shining Light","player_choice":"Entered Light","floor":4.0,"gold_loss":0.0,"damage_taken":23.0,"cards_upgraded":["Strike_R","Strike_R"]},{"damage_healed":0.0,"max_hp_gain":0.0,"max_hp_loss":0.0,"gold_gain":0.0,"event_name":"World of Goop","player_choice":"Left Gold","floor":12.0,"gold_loss":4.0,"damage_taken":0.0},{"damage_healed":0,"gold_gain":0,"player_choice":"Obtained Book","damage_taken":21,"max_hp_gain":0,"max_hp_loss":0,"event_name":"Cursed Tome","floor":19,"gold_loss":0}],"is_beta":false,"boss_relics":[{"not_picked":["Eternal Feather","Runic Cube"],"picked":"Orrery"}],"items_purged_floors":[],"is_endless":false,"potions_floor_spawned":[16,18],"killed_by":"Shelled Parasite and Fungi","ascension_level":19}