{"gold_per_floor":[218,234,248,263,283,283,300,325,325,325,400,429,579,233,233,307,307,307,155,0,0,0,0,0,0,0,0,0,0,0,0,0,0,0,0,0,0,0,0,0,0,0,0,0,0,0,0,0],"floor_reached":48,"playtime":2582,"items_purged":["Doubt","Strike_G"],"score":892,"play_id":"5cb790ed-6b7f-4881-97da-651fe115604e","local_time":"20190104215026","is_ascension_mode":true,"campfire_choices":[{"data":"Neutralize","floor":6,"key":"SMITH"},{"floor":10,"key":"REST"},{"data":"Bouncing Flask","floor":15,"key":"SMITH"},{"floor":24,"key":"REST"},{"floor":28,"key":"REST"},{"data":"Blade Dance","floor":32,"key":"SMITH"},{"floor":40,"key":"REST"},{"floor":42,"key":"REST"},{"floor":44,"key":"REST"}],"neow_cost":"NONE","seed_source_timestamp":1595150327885489,"circlet_count":0,"master_deck":["AscendersBane","Defend_G","Defend_G","Defend_G","Defend_G","Defend_G","Strike_G","Survivor","Neutralize+1","Caltrops","Dagger Spray","Bouncing Flask+1","Backflip","Footwork","Dash","Die Die Die","Deflect","Backstab+1","Dodge and Roll","Backflip","Underhanded Strike+1","Calculated Gamble","Blade Dance+1","Bouncing Flask","Endless Agony+1","Envenom","Crippling Poison","Finisher","Dodge and Roll","Predator","Acrobatics"],"relics":["Ring of the Snake","Bottled Flame","Kunai","WingedGreaves","Pantograph","Ectoplasm","Whetstone","Fusion Hammer","Letter Opener","Mercury Hourglass","Molten Egg 2"],"potions_floor_usage":[8,12,12,18,23,41,41,46],"damage_taken":[{"damage":4,"enemies":"Cultist","floor":1,"turns":4},{"damage":0,"enemies":"Small Slimes","floor":2,"turns":3},{"damage":0,"enemies":"2 Louse","floor":3,"turns":2},{"damage":7,"enemies":"2 Fungi Beasts","floor":4,"turns":5},{"damage":10,"enemies":"Red Slaver","floor":5,"turns":4},{"damage":3,"enemies":"Looter","floor":7,"turns":4},{"damage":8,"enemies":"Lagavulin","floor":8,"turns":5},{"damage":27,"enemies":"Gremlin Nob","floor":12,"turns":5},{"damage":26,"enemies":"Hexaghost","floor":16,"turns":10},{"damage":18,"enemies":"Chosen","floor":18,"turns":6},{"damage":3,"enemies":"2 Thieves","floor":22,"turns":4},{"damage":0,"enemies":"3 Cultists","floor":23,"turns":5},{"damage":18,"enemies":"Centurion and Healer","floor":25,"turns":8},{"damage":0,"enemies":"Snecko","floor":29,"turns":6},{"damage":7,"enemies":"Snake Plant","floor":31,"turns":3},{"damage":63,"enemies":"Champ","floor":33,"turns":17},{"damage":15,"enemies":"Orb Walker","floor":35,"turns":4},{"damage":23,"enemies":"3 Darklings","floor":36,"turns":5},{"damage":5,"enemies":"Sphere and 2 Shapes","floor":39,"turns":4},{"damage":17,"enemies":"Transient","floor":41,"turns":6},{"damage":20,"enemies":"Maw","floor":45,"turns":7},{"damage":18,"enemies":"3 Darklings","floor":46,"turns":3},{"damage":11,"enemies":"Transient","floor":48,"turns":6}],"seed_played":"-3477260467629034683","potions_obtained":[{"floor":1,"key":"Weak Potion"},{"floor":2,"key":"Poison Potion"},{"floor":8,"key":"EssenceOfSteel"},{"floor":16,"key":"GhostInAJar"},{"floor":22,"key":"Explosive Potion"},{"floor":33,"key":"Explosive Potion"},{"floor":36,"key":"Weak Potion"},{"floor":39,"key":"GamblersBrew"},{"floor":41,"key":"AttackPotion"}],"is_trial":false,"path_per_floor":["M","M","M","M","M","R","M","E","T","R","?","E","?","$","R","B",null,"M","$","?","?","M","M","R","M","T","$","R","M","?","M","R","B",null,"M","M","T","?","M","R","M","R","T","R","M","M","?","M"],"character_chosen":"THE_SILENT","items_purchased":["Pantograph","Dodge and Roll"],"campfire_rested":6,"item_purchase_floors":[14,19],"current_hp_per_floor":[55,55,55,48,38,38,35,27,27,46,35,8,8,8,8,7,51,33,33,33,33,30,30,49,31,31,31,50,50,50,43,43,3,50,35,12,12,12,7,26,9,28,28,47,27,9,9,0],"gold":0,"neow_bonus":"HUNDRED_GOLD","is_prod":false,"is_daily":false,"chose_seed":false,"campfire_upgraded":3,"win_rate":0,"timestamp":1546667426,"path_taken":["M","M","M","M","M","R","?","E","T","R","?","E","?","$","R","BOSS","M","$","?","?","M","M","R","M","T","$","R","M","?","M","R","BOSS","M","M","?","?","M","R","?","R","T","R","M","M","?","M"],"build_version":"2019-01-03v4","purchased_purges":2,"victory":false,"max_hp_per_floor":[66,66,66,66,66,66,66,66,66,66,66,66,66,66,66,66,66,66,66,66,66,66,66,66,66,66,66,66,66,66,66,66,66,66,66,66,66,66,66,66,66,66,66,66,66,66,66,66],"card_choices":[{"not_picked":["Slice","Quick Slash"],"picked":"Caltrops","floor":1},{"not_picked":["Outmaneuver","Quick Slash"],"picked":"Dagger Spray","floor":2},{"not_picked":["PiercingWail","Dagger Throw"],"picked":"Bouncing Flask","floor":3},{"not_picked":["Cloak And Dagger","Acrobatics"],"picked":"Backflip","floor":4},{"not_picked":["Flechettes","Prepared"],"picked":"Footwork","floor":5},{"not_picked":["Setup","Infinite Blades"],"picked":"Dash","floor":7},{"not_picked":["Storm of Steel","Blade Dance"],"picked":"Die Die Die","floor":8},{"not_picked":["Slice","Concentrate"],"picked":"Deflect","floor":12},{"not_picked":["Tools of the Trade","Grand Finale"],"picked":"A Thousand Cuts","floor":16},{"not_picked":["Endless Agony","Bane"],"picked":"Backstab","floor":18},{"not_picked":["Flying Knee+1","Flechettes"],"picked":"Calculated Gamble","floor":22},{"not_picked":["Outmaneuver","Poisoned Stab+1"],"picked":"Blade Dance","floor":23},{"not_picked":["Outmaneuver","Terror","Dagger Spray"],"picked":"SKIP","floor":25},{"not_picked":["Sucker Punch","Deadly Poison"],"picked":"Bouncing Flask","floor":29},{"not_picked":["Outmaneuver","PiercingWail"],"picked":"Endless Agony+1","floor":31},{"not_picked":["Die Die Die","Grand Finale"],"picked":"Envenom","floor":33},{"not_picked":["Terror+1","Tactician+1"],"picked":"Crippling Poison","floor":35},{"not_picked":["Flying Knee","Deflect"],"picked":"Finisher","floor":36},{"not_picked":["Bouncing Flask","Outmaneuver"],"picked":"Dodge and Roll","floor":39},{"not_picked":["Outmaneuver","Accuracy"],"picked":"Predator","floor":41},{"not_picked":["Backstab+1","Dodge and Roll"],"picked":"Acrobatics","floor":45},{"not_picked":["Quick Slash+1","Outmaneuver","Caltrops"],"picked":"SKIP","floor":46}],"player_experience":351777,"relics_obtained":[{"floor":8,"key":"Bottled Flame"},{"floor":9,"key":"Kunai"},{"floor":12,"key":"WingedGreaves"},{"floor":26,"key":"Whetstone"},{"floor":37,"key":"Letter Opener"},{"floor":38,"key":"Mercury Hourglass"},{"floor":43,"key":"Molten Egg 2"}],"event_choices":[{"damage_healed":0,"gold_gain":75,"player_choice":"Gather Gold","damage_taken":11,"max_hp_gain":0,"max_hp_loss":0,"event_name":"World of Goop","floor":11,"gold_loss":0},{"damage_healed":0,"gold_gain":150,"player_choice":"AGREE","damage_taken":0,"max_hp_gain":0,"max_hp_loss":0,"event_name":"Liars Game","floor":13,"gold_loss":0,"cards_obtained":["Doubt"]},{"damage_healed":0,"gold_gain":0,"player_choice":"Paid Fearfully","damage_taken":0,"max_hp_gain":0,"max_hp_loss":0,"event_name":"Masked Bandits","floor":20,"gold_loss":155},{"damage_healed":0,"gold_gain":0,"cards_transformed":["Strike_G","Strike_G"],"player_choice":"Became Test Subject","damage_taken":0,"max_hp_gain":0,"max_hp_loss":0,"event_name":"Drug Dealer","floor":21,"gold_loss":0,"cards_obtained":["Backflip","Underhanded Strike"]},{"cards_removed":["Strike_G"],"damage_healed":0,"gold_gain":0,"player_choice":"Offered Basic","damage_taken":0,"max_hp_gain":0,"max_hp_loss":0,"event_name":"Bonfire Elementals","floor":30,"gold_loss":0},{"damage_healed":0,"gold_gain":0,"player_choice":"Relic","damage_taken":0,"max_hp_gain":0,"max_hp_loss":0,"event_name":"Wheel of Change","floor":38,"gold_loss":0},{"cards_removed":["A Thousand Cuts"],"damage_healed":0,"gold_gain":0,"player_choice":"Removed Power","damage_taken":0,"max_hp_gain":0,"max_hp_loss":0,"event_name":"Falling","floor":47,"gold_loss":0}],"is_beta":false,"boss_relics":[{"not_picked":["White Beast Statue","Black Star"],"picked":"Ectoplasm"},{"not_picked":["Philosopher\u0027s Stone","Runic Pyramid"],"picked":"Fusion Hammer"}],"items_purged_floors":[14,19],"is_endless":false,"potions_floor_spawned":[1,2,8,16,22,33,36,39,41],"killed_by":"Transient","ascension_level":20}