{"gold_per_floor":[118,132,150,170,183,214,231,231,255,255,255,281,291,323,323,427,427,447,447,299,314,331,331,358,224,278,295,328,351,351,371,371,475,475,489,836,210,210,1,33,33,63,63,63,63,63,77,109,109,109,109,109,37,70,70],"floor_reached":56,"playtime":3755,"items_purged":["Strike_R","Strike_R","Strike_R"],"score":1417,"play_id":"bb6ea7cf-b3fe-412a-b735-cf709356d596","local_time":"20190103212041","is_ascension_mode":true,"campfire_choices":[{"data":"Bash","floor":8.0,"key":"SMITH"},{"data":"Metallicize","floor":10.0,"key":"SMITH"},{"data":"Cleave","floor":15.0,"key":"SMITH"},{"data":"Fiend Fire","floor":23.0,"key":"SMITH"},{"data":"Battle Trance","floor":30.0,"key":"SMITH"},{"data":"Demon Form","floor":32.0,"key":"SMITH"},{"floor":46.0,"key":"RECALL"},{"floor":49.0,"key":"REST"},{"data":"Strike_R","floor":52.0,"key":"PURGE"}],"neow_cost":"NONE","seed_source_timestamp":1505684542418238,"circlet_count":0,"master_deck":["Strike_R+1","Defend_R","Defend_R","Defend_R","Defend_R","Bash+1","Pommel Strike","Headbutt","Cleave+1","Metallicize+1","Demon Form+1","Flame Barrier","Iron Wave+1","Corruption","Fiend Fire+1","Feel No Pain","Shrug It Off+1","Feel No Pain","Pummel","Battle Trance+1","Shrug It Off+1","Dual Wield","Dark Embrace","Shrug It Off","Discovery","Dark Shackles","Blind","Rage","Whirlwind","Body Slam+1","Power Through+1","Body Slam+1"],"special_seed":0,"relics":["Burning Blood","Darkstone Periapt","Anchor","Blood Vial","Dream Catcher","Snecko Eye","Omamori","Whetstone","Bronze Scales","Centennial Puzzle","White Beast Statue","Old Coin","Sundial","Toy Ornithopter","Lee\u0027s Waffle","Peace Pipe","Bottled Lightning","Self Forming Clay","Pear","Orichalcum"],"potions_floor_usage":[55,55],"damage_taken":[{"damage":7.0,"enemies":"2 Louse","floor":1.0,"turns":3.0},{"damage":1.0,"enemies":"Cultist","floor":2.0,"turns":3.0},{"damage":7.0,"enemies":"Jaw Worm","floor":3.0,"turns":3.0},{"damage":1.0,"enemies":"2 Fungi Beasts","floor":4.0,"turns":4.0},{"damage":9.0,"enemies":"3 Louse","floor":5.0,"turns":4.0},{"damage":25.0,"enemies":"Gremlin Nob","floor":6.0,"turns":4.0},{"damage":10.0,"enemies":"Large Slime","floor":7.0,"turns":6.0},{"damage":19.0,"enemies":"3 Sentries","floor":12.0,"turns":9.0},{"damage":0.0,"enemies":"Exordium Thugs","floor":13.0,"turns":4.0},{"damage":23.0,"enemies":"Gremlin Nob","floor":14.0,"turns":4.0},{"damage":36.0,"enemies":"Slime Boss","floor":16.0,"turns":6.0},{"damage":0.0,"enemies":"Chosen","floor":18.0,"turns":4.0},{"damage":5.0,"enemies":"Shell Parasite","floor":21.0,"turns":3.0},{"damage":4.0,"enemies":"Snake Plant","floor":22.0,"turns":3.0},{"damage":37.0,"enemies":"Book of Stabbing","floor":24.0,"turns":6.0},{"damage":0.0,"enemies":"Shelled Parasite and Fungi","floor":27.0,"turns":4.0},{"damage":0.0,"enemies":"Slavers","floor":28.0,"turns":3.0},{"damage":6.0,"enemies":"Centurion and Healer","floor":31.0,"turns":2.0},{"damage":26.0,"enemies":"Collector","floor":33.0,"turns":8.0},{"damage":0.0,"enemies":"Orb Walker","floor":35.0,"turns":2.0},{"damage":61.0,"enemies":"2 Orb Walkers","floor":36.0,"turns":6.0},{"damage":21.0,"enemies":"Reptomancer","floor":40.0,"turns":3.0},{"damage":30.0,"enemies":"Giant Head","floor":42.0,"turns":8.0},{"damage":13.0,"enemies":"3 Shapes","floor":47.0,"turns":5.0},{"damage":41.0,"enemies":"Reptomancer","floor":48.0,"turns":7.0},{"damage":24.0,"enemies":"Awakened One","floor":50.0,"turns":7.0},{"damage":47.0,"enemies":"Shield and Spear","floor":54.0,"turns":5.0},{"damage":80,"enemies":"The Heart","floor":55,"turns":11}],"seed_played":"4838290538703841557","potions_obtained":[{"floor":1.0,"key":"Fruit Juice"},{"floor":3.0,"key":"Weak Potion"},{"floor":4.0,"key":"LiquidBronze"},{"floor":5.0,"key":"Swift Potion"},{"floor":11.0,"key":"Fruit Juice"},{"floor":11.0,"key":"Fire Potion"},{"floor":13.0,"key":"Explosive Potion"},{"floor":14.0,"key":"Explosive Potion"},{"floor":18.0,"key":"BloodPotion"},{"floor":28.0,"key":"Explosive Potion"},{"floor":36.0,"key":"Strength Potion"},{"floor":40.0,"key":"EssenceOfSteel"},{"floor":47.0,"key":"SkillPotion"},{"floor":48.0,"key":"Strength Potion"},{"floor":54.0,"key":"Poison Potion"}],"is_trial":false,"path_per_floor":["M","M","M","M","M","E","M","R","T","R","?","E","M","E","R","B",null,"M","?","$","M","M","R","E","$","T","M","E","T","R","M","R","B",null,"M","?","$","?","$","E","?","E","T","?","T","R","M","E","R","B",null,"R","$","E","B",null],"character_chosen":"IRONCLAD","items_purchased":["Feel No Pain","Battle Trance","Shrug It Off","Sundial","Toy Ornithopter","Lee\u0027s Waffle","LiquidBronze"],"campfire_rested":1,"item_purchase_floors":[20,25,37,37,37,39,53],"current_hp_per_floor":[87,88,87,88,90,71,67,67,67,67,72,59,67,52,52,24,98,98,98,98,98,98,98,67,67,67,75,83,83,83,85,85,67,98,98,43,43,33,105,90,90,68,68,68,68,68,63,60,93,87,110,110,110,69,7],"gold":70,"neow_bonus":"TEN_PERCENT_HP_BONUS","is_prod":false,"is_daily":false,"chose_seed":false,"campfire_upgraded":6,"win_rate":0,"timestamp":1546579241,"path_taken":["M","M","M","M","M","E","M","R","T","R","?","E","M","E","R","BOSS","M","?","$","M","M","R","E","$","T","?","E","?","R","M","R","BOSS","M","?","$","?","$","E","?","E","T","?","?","R","M","E","R","BOSS","R","$","E","BOSS"],"build_version":"2019-01-03v2","purchased_purges":3,"victory":true,"max_hp_per_floor":[88,88,88,88,93,93,93,93,93,93,98,98,98,98,98,98,98,98,98,98,98,98,98,98,98,98,98,98,98,98,98,98,98,98,98,98,98,98,105,105,100,100,100,100,100,100,100,110,110,110,110,110,110,110,110],"card_choices":[{"not_picked":["Fire Breathing","Thunderclap"],"picked":"Pommel Strike","floor":1.0},{"not_picked":["Carnage","Warcry","Berserk"],"picked":"SKIP","floor":2.0},{"not_picked":["Thunderclap","Flex"],"picked":"Headbutt","floor":3.0},{"not_picked":["Rampage","Body Slam","Pommel Strike"],"picked":"SKIP","floor":4.0},{"not_picked":["Bloodletting","Wild Strike"],"picked":"Cleave","floor":5.0},{"not_picked":["Sword Boomerang","Perfected Strike"],"picked":"Metallicize","floor":6.0},{"not_picked":["Pommel Strike","Armaments"],"picked":"Demon Form","floor":7.0},{"not_picked":["Double Tap","Warcry"],"picked":"Flame Barrier","floor":12.0},{"not_picked":["Searing Blow","Body Slam"],"picked":"Iron Wave","floor":13.0},{"not_picked":["Clash","Wild Strike"],"picked":"Corruption","floor":14.0},{"not_picked":["Exhume","Immolate"],"picked":"Fiend Fire","floor":16.0},{"not_picked":["Anger+1","Pommel Strike"],"picked":"Uppercut","floor":18.0},{"not_picked":["Twin Strike","Warcry"],"picked":"Shrug It Off+1","floor":21.0},{"not_picked":["Anger+1","Armaments"],"picked":"Feel No Pain","floor":22.0},{"not_picked":["Wild Strike+1","Combust"],"picked":"Pummel","floor":24.0},{"not_picked":["Clothesline+1","Burning Pact"],"picked":"Shrug It Off+1","floor":27.0},{"not_picked":["Warcry","Thunderclap"],"picked":"Dual Wield","floor":28.0},{"not_picked":["Berserk","Flex","Perfected Strike"],"picked":"SKIP","floor":31.0},{"not_picked":["Juggernaut","Bludgeon"],"picked":"Dark Embrace","floor":33.0},{"not_picked":["Cleave+1","Rupture","Iron Wave"],"picked":"SKIP","floor":35.0},{"not_picked":["Jack Of All Trades","Trip"],"picked":"Discovery","floor":38.0},{"not_picked":["Trip","Transmutation"],"picked":"Dark Shackles","floor":38.0},{"not_picked":["Swift Strike","Trip"],"picked":"Blind","floor":38.0},{"not_picked":["Cleave","Rupture"],"picked":"Rage","floor":40.0},{"not_picked":["Double Tap","Cleave"],"picked":"Whirlwind","floor":42.0},{"not_picked":["Cleave","Headbutt","Warcry+1"],"picked":"SKIP","floor":47.0},{"not_picked":["Power Through+1","Pummel+1"],"picked":"Body Slam+1","floor":48.0},{"not_picked":["Thunderclap","Rampage+1"],"picked":"Power Through+1","floor":49.0},{"not_picked":["Iron Wave+1","Fire Breathing+1"],"picked":"Body Slam+1","floor":54.0}],"player_experience":326733,"relics_obtained":[{"floor":6.0,"key":"Darkstone Periapt"},{"floor":9.0,"key":"Anchor"},{"floor":12.0,"key":"Blood Vial"},{"floor":14.0,"key":"Dream Catcher"},{"floor":24.0,"key":"Omamori"},{"floor":26.0,"key":"Whetstone"},{"floor":28.0,"key":"Bronze Scales"},{"floor":29.0,"key":"Centennial Puzzle"},{"floor":36.0,"key":"Old Coin"},{"floor":40.0,"key":"Peace Pipe"},{"floor":42.0,"key":"Bottled Lightning"},{"floor":45.0,"key":"Self Forming Clay"},{"floor":48.0,"key":"Pear"},{"floor":54.0,"key":"Orichalcum"}],"event_choices":[{"damage_healed":0.0,"max_hp_gain":0.0,"max_hp_loss":0.0,"gold_gain":0.0,"event_name":"Lab","player_choice":"Got Potions","floor":11.0,"gold_loss":0.0,"damage_taken":0.0},{"damage_healed":0.0,"max_hp_gain":0.0,"max_hp_loss":0.0,"gold_gain":0.0,"event_name":"Upgrade Shrine","player_choice":"Upgraded","floor":19.0,"gold_loss":0.0,"damage_taken":0.0,"cards_upgraded":["Uppercut"]},{"damage_healed":0.0,"max_hp_gain":0.0,"max_hp_loss":0.0,"gold_gain":0.0,"event_name":"Mysterious Sphere","player_choice":"Fight","floor":36.0,"gold_loss":0.0,"damage_taken":0.0},{"damage_healed":0.0,"max_hp_gain":0.0,"max_hp_loss":0.0,"gold_gain":0.0,"event_name":"SensoryStone","player_choice":"Memory 3","floor":38.0,"gold_loss":0.0,"damage_taken":10.0},{"damage_healed":0.0,"max_hp_gain":0.0,"max_hp_loss":5.0,"gold_gain":0.0,"event_name":"Winding Halls","player_choice":"Max HP","floor":41.0,"gold_loss":0.0,"damage_taken":0.0},{"cards_removed":["Uppercut"],"damage_healed":0.0,"max_hp_gain":0.0,"max_hp_loss":0.0,"gold_gain":0.0,"event_name":"Falling","player_choice":"Removed Attack","floor":44.0,"gold_loss":0.0,"damage_taken":0.0}],"is_beta":false,"boss_relics":[{"not_picked":["Runic Dome","Runic Cube"],"picked":"Snecko Eye"},{"not_picked":["Mark of Pain","Coffee Dripper"],"picked":"White Beast Statue"}],"items_purged_floors":[20,25,37],"is_endless":false,"potions_floor_spawned":[1,3,4,5,13,14,18,24,28,33,35,36,40,42,47,48,54],"ascension_level":2}