{"gold_per_floor":[12,25,35,51,71,84,84,84,108,123,134,134,146,146,146,244,244],"floor_reached":17,"playtime":598,"items_purged":[],"score":153,"play_id":"b63db466-05f1-4bcb-ab74-9e2ddeb43d16","local_time":"20181119215204","is_ascension_mode":false,"campfire_choices":[{"data":"Zap","floor":7,"key":"SMITH"},{"data":"Dualcast","floor":12,"key":"SMITH"},{"data":"Beam Cell","floor":15,"key":"SMITH"}],"neow_cost":"NO_GOLD","seed_source_timestamp":177522280305881,"circlet_count":0,"master_deck":["Zap+1","Dualcast+1","Ball Lightning","Beam Cell+1","Glacier","BootSequence","Conserve Battery","Melter","Rainbow","White Noise","Turbo","Steam","Loop","Doom and Gloom","Steam Power","Ball Lightning","Coolheaded"],"relics":["Cracked Core","Mango","Dream Catcher","Pandora\u0027s Box"],"potions_floor_usage":[],"damage_taken":[{"damage":1,"enemies":"Cultist","floor":1,"turns":3},{"damage":0,"enemies":"Jaw Worm","floor":2,"turns":3},{"damage":5,"enemies":"Small Slimes","floor":3,"turns":2},{"damage":7,"enemies":"Blue Slaver","floor":4,"turns":2},{"damage":0,"enemies":"2 Fungi Beasts","floor":5,"turns":3},{"damage":5,"enemies":"Looter","floor":6,"turns":2},{"damage":1,"enemies":"Exordium Thugs","floor":10,"turns":3},{"damage":0,"enemies":"Large Slime","floor":11,"turns":6},{"damage":0,"enemies":"3 Louse","floor":13,"turns":3},{"damage":25,"enemies":"The Guardian","floor":16,"turns":9}],"seed_played":"8778749996814600028","potions_obtained":[{"floor":1,"key":"PowerPotion"},{"floor":5,"key":"Strength Potion"},{"floor":10,"key":"Block Potion"},{"floor":11,"key":"Swift Potion"}],"is_trial":false,"path_per_floor":["M","M","M","M","M","M","R","?","T","M","M","R","M","$","R","B",null],"character_chosen":"DEFECT","items_purchased":[],"campfire_rested":0,"item_purchase_floors":[],"current_hp_per_floor":[88,88,83,76,76,71,71,71,71,70,70,70,70,70,70,45,89],"gold":244,"neow_bonus":"ONE_RARE_RELIC","is_prod":false,"is_daily":false,"chose_seed":false,"campfire_upgraded":3,"win_rate":0,"timestamp":1542664324,"path_taken":["M","M","M","M","M","M","R","?","T","?","M","R","M","$","R","BOSS"],"build_version":"2018-11-15","purchased_purges":0,"victory":false,"max_hp_per_floor":[89,89,89,89,89,89,89,89,89,89,89,89,89,89,89,89,89],"card_choices":[{"not_picked":["Capacitor","Turbo"],"picked":"Ball Lightning","floor":1},{"not_picked":["Stack","Heatsinks"],"picked":"Beam Cell","floor":2},{"not_picked":["Fusion","Steam","Recycle"],"picked":"SKIP","floor":3},{"not_picked":["FTL","Hello World","Stack"],"picked":"SKIP","floor":4},{"not_picked":["Barrage","Reinforced Body"],"picked":"Glacier","floor":5},{"not_picked":["Sweeping Beam","Fusion"],"picked":"BootSequence","floor":6},{"not_picked":["Melter","Blizzard"],"picked":"Conserve Battery","floor":10},{"not_picked":["Storm","Aggregate"],"picked":"Melter","floor":11},{"not_picked":["Hello World","Coolheaded"],"picked":"Rainbow","floor":13}],"player_experience":804986,"relics_obtained":[{"floor":9,"key":"Dream Catcher"}],"event_choices":[{"damage_healed":0,"gold_gain":0,"player_choice":"0 cards matched","damage_taken":0,"max_hp_gain":0,"max_hp_loss":0,"event_name":"Match and Keep!","floor":8,"gold_loss":0,"cards_obtained":[]}],"is_beta":false,"boss_relics":[{"not_picked":["Velvet Choker","Runic Dome"],"picked":"Pandora\u0027s Box"}],"items_purged_floors":[],"is_endless":false,"potions_floor_spawned":[1,5,10,11,13,16],"ascension_level":0}