{"gold_per_floor":[119,119,135,155,155,188,200,200],"floor_reached":8,"playtime":481,"items_purged":[],"score":102,"play_id":"6a4bf28d-e942-4810-af93-2b2ce4db8042","local_time":"20190128220305","is_ascension_mode":true,"campfire_choices":[],"neow_cost":"NONE","seed_source_timestamp":125195724843242,"circlet_count":0,"master_deck":["AscendersBane","Strike_R+1","Strike_R+1","Strike_R","Strike_R","Defend_R","Defend_R","Defend_R","Defend_R","Bash","Bloodletting","Body Slam","Inflame","Pommel Strike","Inflame","Infernal Blade"],"special_seed":0,"relics":["Burning Blood","Turnip"],"potions_floor_usage":[],"damage_taken":[{"damage":8.0,"enemies":"Jaw Worm","floor":1.0,"turns":7.0},{"damage":9.0,"enemies":"Cultist","floor":3.0,"turns":5.0},{"damage":3.0,"enemies":"Small Slimes","floor":4.0,"turns":3.0},{"damage":42.0,"enemies":"Lagavulin","floor":6.0,"turns":8.0},{"damage":11,"enemies":"3 Louse","floor":7,"turns":3},{"damage":13,"enemies":"Gremlin Nob","floor":8,"turns":2}],"seed_played":"-9173855750838134922","potions_obtained":[{"floor":1.0,"key":"FearPotion"}],"is_trial":false,"path_per_floor":["M","?","M","M","?","E","M","E"],"character_chosen":"IRONCLAD","items_purchased":[],"campfire_rested":0,"item_purchase_floors":[],"current_hp_per_floor":[73,73,70,73,48,12,7,0],"gold":200,"neow_bonus":"TEN_PERCENT_HP_BONUS","is_prod":false,"is_daily":false,"chose_seed":false,"campfire_upgraded":0,"win_rate":0,"timestamp":1548680585,"path_taken":["M","?","?","M","?","E","M","E"],"build_version":"2019-01-23","purchased_purges":0,"victory":false,"max_hp_per_floor":[82,82,82,82,82,82,82,82],"card_choices":[{"not_picked":["Sword Boomerang","Armaments"],"picked":"Bloodletting","floor":1.0},{"not_picked":["Havoc","Burning Pact"],"picked":"Inflame","floor":3.0},{"not_picked":["Shrug It Off","Twin Strike"],"picked":"Pommel Strike","floor":4.0},{"not_picked":["Twin Strike","Entrench"],"picked":"Inflame","floor":6.0},{"not_picked":["Bloodletting","Dropkick"],"picked":"Infernal Blade","floor":7}],"player_experience":966273,"relics_obtained":[{"floor":6.0,"key":"Turnip"}],"event_choices":[{"damage_healed":0.0,"max_hp_gain":0.0,"max_hp_loss":0.0,"gold_gain":0.0,"cards_transformed":["Strike_R"],"event_name":"Transmorgrifier","player_choice":"Transformed","floor":2.0,"gold_loss":0.0,"damage_taken":0.0,"cards_obtained":["Body Slam"]},{"damage_healed":0.0,"max_hp_gain":0.0,"max_hp_loss":0.0,"gold_gain":0.0,"event_name":"Shining Light","player_choice":"Entered Light","floor":5.0,"gold_loss":0.0,"damage_taken":25.0,"cards_upgraded":["Strike_R","Strike_R"]}],"is_beta":false,"boss_relics":[],"items_purged_floors":[],"is_endless":false,"potions_floor_spawned":[1],"killed_by":"Gremlin Nob","ascension_level":15}