{"gold_per_floor":[115,115,190,190,211,211,250,270,270,270,270,270,289,307,307,307],"floor_reached":16,"playtime":395,"items_purged":[],"score":100,"play_id":"16b84feb-5490-470c-a06e-048b3e532a2b","local_time":"20181209130903","is_ascension_mode":false,"campfire_choices":[{"floor":6,"key":"REST"},{"floor":10,"key":"REST"},{"data":"Zap","floor":11,"key":"SMITH"},{"data":"Undo","floor":12,"key":"SMITH"},{"data":"Conserve Battery","floor":15,"key":"SMITH"}],"neow_cost":"PERCENT_DAMAGE","seed_source_timestamp":914826709996929,"circlet_count":0,"master_deck":["Strike_B","Strike_B","Strike_B","Strike_B","Defend_B","Defend_B","Defend_B","Defend_B","Zap+1","Dualcast+1","Undo+1","Chill","Conserve Battery+1"],"relics":["Cracked Core","Golden Idol","Torii","WingedGreaves"],"potions_floor_usage":[],"damage_taken":[{"damage":0,"enemies":"2 Louse","floor":1,"turns":3},{"damage":5,"enemies":"Small Slimes","floor":5,"turns":3},{"damage":50,"enemies":"3 Sentries","floor":7,"turns":10},{"damage":0,"enemies":"Cultist","floor":8,"turns":3},{"damage":1,"enemies":"Exordium Wildlife","floor":13,"turns":5},{"damage":0,"enemies":"Blue Slaver","floor":14,"turns":3},{"damage":14,"enemies":"Hexaghost","floor":16,"turns":9}],"seed_played":"-60259467795875782","potions_obtained":[{"floor":1,"key":"Energy Potion"},{"floor":8,"key":"EssenceOfSteel"},{"floor":13,"key":"SteroidPotion"}],"is_trial":false,"path_per_floor":["M","?","?","?","M","R","E","M","T","R","R","R","M","M","R","B"],"character_chosen":"DEFECT","items_purchased":[],"campfire_rested":2,"item_purchase_floors":[],"current_hp_per_floor":[68,46,35,35,30,56,6,6,6,32,32,32,31,31,31,17],"gold":307,"neow_bonus":"TWENTY_PERCENT_HP_BONUS","is_prod":false,"is_daily":false,"chose_seed":false,"campfire_upgraded":3,"win_rate":0,"timestamp":1544360943,"path_taken":["M","?","?","?","M","R","E","M","T","R","R","R","M","M","R","BOSS"],"build_version":"2018-12-06","purchased_purges":0,"victory":false,"max_hp_per_floor":[89,89,89,89,89,89,89,89,89,89,89,89,89,89,89,89],"card_choices":[{"not_picked":["Darkness","Sweeping Beam","Streamline"],"picked":"SKIP","floor":1},{"not_picked":["Scrape","Capacitor","Barrage"],"picked":"SKIP","floor":5},{"not_picked":["Consume","Go for the Eyes"],"picked":"Undo","floor":7},{"not_picked":["Scrape","Steam","Barrage"],"picked":"SKIP","floor":8},{"not_picked":["Go for the Eyes","Barrage"],"picked":"Chill","floor":13},{"not_picked":["Barrage","Go for the Eyes"],"picked":"Conserve Battery","floor":14}],"player_experience":870806,"relics_obtained":[{"floor":7,"key":"Torii"},{"floor":9,"key":"WingedGreaves"}],"event_choices":[{"damage_healed":0,"gold_gain":0,"player_choice":"Take Damage","damage_taken":22,"relics_obtained":["Golden Idol"],"max_hp_gain":0,"max_hp_loss":0,"event_name":"Golden Idol","floor":2,"gold_loss":0},{"damage_healed":0,"gold_gain":75,"player_choice":"Gather Gold","damage_taken":11,"max_hp_gain":0,"max_hp_loss":0,"event_name":"World of Goop","floor":3,"gold_loss":0},{"damage_healed":0,"gold_gain":0,"player_choice":"Forge","damage_taken":0,"max_hp_gain":0,"max_hp_loss":0,"event_name":"Accursed Blacksmith","floor":4,"gold_loss":0,"cards_upgraded":["Dualcast"]}],"is_beta":false,"boss_relics":[],"items_purged_floors":[],"is_endless":false,"potions_floor_spawned":[1,8,13],"killed_by":"Hexaghost","ascension_level":0}