{"gold_per_floor":[109,34,34,45,65,92,92,107,107,137,137,137,168,181,181,284,284,297,397,448,50,61,61,71,71,125,135,152,352,369,379,379,478,478,494,494,200,214,64,97,97,117,144,474,21,21,21,33,33,33,33,33,33,60,60],"floor_reached":55,"playtime":2172,"items_purged":["Strike_R","Strike_R","Strike_R","Strike_R","Armaments"],"score":722,"play_id":"a3f00dab-29b4-48b8-90a3-d0731883810c","local_time":"20190204010124","is_ascension_mode":false,"campfire_choices":[{"data":"Metallicize","floor":7,"key":"SMITH"},{"data":"Cleave","floor":12,"key":"SMITH"},{"data":"Inflame","floor":15,"key":"SMITH"},{"floor":23,"key":"REST"},{"floor":32,"key":"REST"},{"floor":41,"key":"REST"},{"floor":47,"key":"RECALL"},{"floor":49,"key":"REST"},{"floor":52,"key":"REST"}],"neow_cost":"NONE","seed_source_timestamp":0,"circlet_count":0,"master_deck":["Defend_R","Defend_R","Defend_R","Defend_R","Bash+1","Iron Wave","Metallicize+1","Pommel Strike","Twin Strike","Rampage","Cleave+1","Inflame+1","Iron Wave","Juggernaut","Flex","Shrug It Off","Iron Wave+1","True Grit","Entrench","Flame Barrier","Barricade","Apotheosis","Panache","Inflame"],"special_seed":0,"relics":["Burning Blood","Happy Flower","Blood Vial","Kunai","Red Skull","Omamori","Runic Pyramid","Unceasing Top","Molten Egg 2","Orichalcum","Bottled Tornado","Boot","Fusion Hammer","Regal Pillow","Old Coin","Gremlin Horn"],"potions_floor_usage":[10,16,19,31,31,40,50,50,50],"damage_taken":[{"damage":1.0,"enemies":"Cultist","floor":1.0,"turns":3.0},{"damage":5.0,"enemies":"Small Slimes","floor":4.0,"turns":4.0},{"damage":3,"enemies":"Jaw Worm","floor":5,"turns":4},{"damage":12,"enemies":"Gremlin Nob","floor":6,"turns":4},{"damage":7,"enemies":"Exordium Wildlife","floor":8,"turns":5},{"damage":28,"enemies":"Lagavulin","floor":10,"turns":5},{"damage":15,"enemies":"Gremlin Nob","floor":13,"turns":4},{"damage":3,"enemies":"Red Slaver","floor":14,"turns":4},{"damage":18,"enemies":"Hexaghost","floor":16,"turns":6},{"damage":39,"enemies":"2 Thieves","floor":18,"turns":4},{"damage":29,"enemies":"Colosseum Slavers","floor":19,"turns":4},{"damage":19,"enemies":"Colosseum Nobs","floor":19,"turns":5},{"damage":5,"enemies":"Chosen","floor":22,"turns":4},{"damage":13,"enemies":"Shelled Parasite and Fungi","floor":24,"turns":6},{"damage":6,"enemies":"Cultist and Chosen","floor":27,"turns":4},{"damage":28,"enemies":"Centurion and Healer","floor":28,"turns":6},{"damage":18,"enemies":"Snecko","floor":30,"turns":5},{"damage":10,"enemies":"Snake Plant","floor":31,"turns":4},{"damage":31,"enemies":"Collector","floor":33,"turns":10},{"damage":3,"enemies":"Orb Walker","floor":35,"turns":3},{"damage":11,"enemies":"3 Darklings","floor":38,"turns":6},{"damage":34,"enemies":"Nemesis","floor":40,"turns":7},{"damage":12,"enemies":"Transient","floor":42,"turns":5},{"damage":5,"enemies":"Giant Head","floor":44,"turns":11},{"damage":19,"enemies":"Maw","floor":48,"turns":7},{"damage":37,"enemies":"Time Eater","floor":50,"turns":13},{"damage":68,"enemies":"Shield and Spear","floor":54,"turns":10},{"damage":49,"enemies":"The Heart","floor":55,"turns":2}],"seed_played":"-4287565532557893966","potions_obtained":[{"floor":1.0,"key":"Swift Potion"},{"floor":4.0,"key":"LiquidBronze"},{"floor":8,"key":"Poison Potion"},{"floor":24,"key":"BloodPotion"},{"floor":28,"key":"AttackPotion"},{"floor":31,"key":"FearPotion"},{"floor":33,"key":"Ancient Potion"},{"floor":38,"key":"Block Potion"},{"floor":40,"key":"Fire Potion"},{"floor":48,"key":"Explosive Potion"},{"floor":54,"key":"FearPotion"}],"is_trial":false,"path_per_floor":["M","$","?","M","M","E","R","M","T","E","?","R","E","M","R","B",null,"M","?","T","$","M","R","M","$","T","M","M","?","M","M","R","B",null,"M","?","$","M","$","E","R","M","T","E","$","?","R","M","R","B",null,"R","$","E","B"],"character_chosen":"IRONCLAD","items_purchased":["Bottled Tornado","Shrug It Off","Apotheosis","Panache","Inflame"],"campfire_rested":5,"item_purchase_floors":[21,21,37,45,45],"current_hp_per_floor":[80,80,80,80,80,74,74,73,73,53,50,50,43,48,48,38,80,47,15,15,15,18,42,37,37,37,39,19,19,9,15,39,16,80,80,80,80,75,75,49,80,74,74,77,77,77,77,66,80,49,80,80,80,18,0],"gold":60,"neow_bonus":"REMOVE_CARD","is_prod":false,"is_daily":false,"chose_seed":false,"campfire_upgraded":3,"win_rate":0,"timestamp":1549213284,"path_taken":["M","?","?","M","?","E","R","M","T","E","?","R","E","M","R","BOSS","M","?","?","$","M","R","?","?","T","M","M","?","M","M","R","BOSS","M","?","?","M","$","E","R","M","T","E","$","?","R","M","R","BOSS","R","$","E","BOSS"],"build_version":"2019-01-23","purchased_purges":5,"victory":false,"max_hp_per_floor":[80,80,80,80,80,80,80,80,80,80,80,80,80,80,80,80,80,80,80,80,80,80,80,80,80,80,80,80,80,80,80,80,80,80,80,80,80,80,80,80,80,80,80,80,80,80,80,80,80,80,80,80,80,80,80],"card_choices":[{"not_picked":["Dual Wield","Sword Boomerang"],"picked":"Iron Wave","floor":1.0},{"not_picked":["Clothesline","Sword Boomerang"],"picked":"Metallicize","floor":4.0},{"not_picked":["Twin Strike","Warcry"],"picked":"Pommel Strike","floor":5},{"not_picked":["Combust","Thunderclap"],"picked":"Twin Strike","floor":6},{"not_picked":["Anger","Warcry"],"picked":"Rampage","floor":8},{"not_picked":["Double Tap","Pommel Strike"],"picked":"Cleave","floor":10},{"not_picked":["Warcry","Anger"],"picked":"Inflame","floor":13},{"not_picked":["Cleave","Warcry"],"picked":"Iron Wave","floor":14},{"not_picked":["Bludgeon","Brutality"],"picked":"Juggernaut","floor":16},{"not_picked":["Body Slam","Twin Strike+1"],"picked":"Armaments","floor":18},{"not_picked":["Pummel","Dropkick"],"picked":"Flex","floor":19},{"not_picked":["Heavy Blade+1","Power Through+1"],"picked":"Iron Wave+1","floor":22},{"not_picked":["Second Wind","Fire Breathing","Pommel Strike+1"],"picked":"SKIP","floor":24},{"not_picked":["Dual Wield","Combust+1"],"picked":"True Grit","floor":27},{"not_picked":["Twin Strike+1","Double Tap"],"picked":"Entrench","floor":28},{"not_picked":["Clash+1","Body Slam+1"],"picked":"Flame Barrier","floor":30},{"not_picked":["Fire Breathing","Flame Barrier+1"],"picked":"Iron Wave+1","floor":31},{"not_picked":["Berserk","Limit Break"],"picked":"Barricade","floor":33},{"not_picked":["Warcry+1","Havoc","Combust+1"],"picked":"SKIP","floor":35},{"not_picked":["Armaments","Rampage+1","Dropkick+1"],"picked":"SKIP","floor":38},{"not_picked":["Cleave+1","Intimidate+1","Sword Boomerang+1"],"picked":"SKIP","floor":40},{"not_picked":["Armaments","Iron Wave+1","True Grit"],"picked":"SKIP","floor":42},{"not_picked":["Armaments","Clash+1","Sword Boomerang+1"],"picked":"SKIP","floor":44},{"not_picked":["Second Wind","Flex+1","Twin Strike+1"],"picked":"SKIP","floor":48},{"not_picked":["Flex+1","Thunderclap+1","Armaments+1"],"picked":"SKIP","floor":54}],"player_experience":187454,"relics_obtained":[{"floor":6,"key":"Happy Flower"},{"floor":9,"key":"Blood Vial"},{"floor":10,"key":"Kunai"},{"floor":13,"key":"Omamori"},{"floor":19,"key":"Unceasing Top"},{"floor":19,"key":"Molten Egg 2"},{"floor":20,"key":"Orichalcum"},{"floor":26,"key":"Boot"},{"floor":40,"key":"Regal Pillow"},{"floor":44,"key":"Old Coin"},{"floor":54,"key":"Gremlin Horn"}],"event_choices":[{"damage_healed":0.0,"max_hp_gain":0.0,"max_hp_loss":0.0,"gold_gain":0.0,"event_name":"Upgrade Shrine","player_choice":"Upgraded","floor":3.0,"gold_loss":0.0,"damage_taken":0.0,"cards_upgraded":["Bash"]},{"damage_healed":0,"gold_gain":0,"player_choice":"Success","damage_taken":3,"relics_obtained":["Red Skull"],"max_hp_gain":0,"max_hp_loss":0,"event_name":"Scrap Ooze","floor":11,"gold_loss":0},{"damage_healed":0,"gold_gain":0,"player_choice":"Fight","damage_taken":0,"max_hp_gain":0,"max_hp_loss":0,"event_name":"Colosseum","floor":19,"gold_loss":0},{"damage_healed":0,"gold_gain":0,"player_choice":"Fought Nobs","damage_taken":0,"max_hp_gain":0,"max_hp_loss":0,"event_name":"Colosseum","floor":19,"gold_loss":0},{"damage_healed":0,"gold_gain":250,"player_choice":"Bet on Owner","damage_taken":0,"max_hp_gain":0,"max_hp_loss":0,"event_name":"The Joust","floor":29,"gold_loss":50},{"damage_healed":0,"gold_gain":0,"player_choice":"Leave","damage_taken":0,"max_hp_gain":0,"max_hp_loss":0,"event_name":"FaceTrader","floor":36,"gold_loss":0},{"cards_removed":["Iron Wave"],"damage_healed":0,"gold_gain":0,"player_choice":"Removed Attack","damage_taken":0,"max_hp_gain":0,"max_hp_loss":0,"event_name":"Falling","floor":46,"gold_loss":0}],"is_beta":false,"boss_relics":[{"not_picked":["Lizard Tail","Orrery"],"picked":"Runic Pyramid"},{"not_picked":["Black Blood","Snecko Eye"],"picked":"Fusion Hammer"}],"items_purged_floors":[2,21,37,39,45],"is_endless":false,"potions_floor_spawned":[1,4,8,19,24,28,31,33,38,40,48,54],"killed_by":"The Heart","ascension_level":0}