{"gold_per_floor":[115,115,135,149,209,209,238,249,249,249,299,311,311,327,327,430,430,449,499,549,613,628,628,658,658,658,672,672,345,423,473,473,578,578,595,268,318,334,354,354,379,379,379,394,427,437,437,454,454,454],"floor_reached":51,"playtime":3367,"items_purged":["Shame","Strike_B"],"score":1091,"play_id":"a0d70018-f18f-4804-8bda-bd4a7aa0e860","local_time":"20190120232803","is_ascension_mode":true,"campfire_choices":[{"data":"Defragment","floor":6,"key":"SMITH"},{"data":"Loop","floor":10,"key":"SMITH"},{"floor":13,"key":"REST"},{"data":"Genetic Algorithm","floor":15,"key":"SMITH"},{"data":"Seek","floor":23,"key":"SMITH"},{"data":"Zap","floor":25,"key":"SMITH"},{"data":"Coolheaded","floor":28,"key":"SMITH"},{"data":"Ball Lightning","floor":32,"key":"SMITH"},{"data":"Reprogram","floor":40,"key":"SMITH"},{"data":"Fission","floor":42,"key":"SMITH"},{"floor":47,"key":"REST"},{"floor":49,"key":"REST"}],"neow_cost":"NONE","seed_source_timestamp":911244268430812,"circlet_count":0,"master_deck":["AscendersBane","Strike_B","Strike_B","Defend_B","Defend_B","Defend_B","Defend_B","Zap+1","Dualcast","Cold Snap","Ball Lightning+1","Genetic Algorithm+1","Defragment+1","Conserve Battery","Loop+1","Conserve Battery","Seek+1","Coolheaded+1","Coolheaded","Go for the Eyes+1","Skim","Melter+1","Core Surge","Capacitor+1","Doom and Gloom+1","Reprogram+1","Fission+1","Regret","Compile Driver+1"],"relics":["Cracked Core","SsserpentHead","Anchor","Cursed Key","Nloth\u0027s Gift","Blood Vial","Cables","Happy Flower","Red Mask","Philosopher\u0027s Stone","Orichalcum","Molten Egg 2","Oddly Smooth Stone"],"potions_floor_usage":[7,16,16,16,24,27,30,30,30,30,44,45,46,50],"damage_taken":[{"damage":9,"enemies":"Small Slimes","floor":1,"turns":3},{"damage":0,"enemies":"Cultist","floor":3,"turns":3},{"damage":0,"enemies":"2 Louse","floor":4,"turns":2},{"damage":6,"enemies":"Looter","floor":5,"turns":3},{"damage":27,"enemies":"Lagavulin","floor":7,"turns":6},{"damage":8,"enemies":"Exordium Thugs","floor":8,"turns":4},{"damage":6,"enemies":"2 Fungi Beasts","floor":12,"turns":4},{"damage":0,"enemies":"Blue Slaver","floor":14,"turns":3},{"damage":14,"enemies":"Slime Boss","floor":16,"turns":9},{"damage":7,"enemies":"Spheric Guardian","floor":18,"turns":4},{"damage":0,"enemies":"Shell Parasite","floor":21,"turns":6},{"damage":3,"enemies":"Snake Plant","floor":22,"turns":6},{"damage":5,"enemies":"Book of Stabbing","floor":24,"turns":9},{"damage":13,"enemies":"Snecko","floor":27,"turns":6},{"damage":6,"enemies":"Masked Bandits","floor":30,"turns":5},{"damage":30,"enemies":"Champ","floor":33,"turns":12},{"damage":5,"enemies":"3 Shapes","floor":35,"turns":3},{"damage":0,"enemies":"Orb Walker","floor":38,"turns":4},{"damage":6,"enemies":"Jaw Worm Horde","floor":39,"turns":5},{"damage":25,"enemies":"Reptomancer","floor":41,"turns":8},{"damage":14,"enemies":"Writhing Mass","floor":44,"turns":7},{"damage":14,"enemies":"Nemesis","floor":45,"turns":8},{"damage":37,"enemies":"Transient","floor":48,"turns":5},{"damage":25,"enemies":"Donu and Deca","floor":50,"turns":11}],"seed_played":"8739563973874979566","potions_obtained":[{"floor":3,"key":"SpeedPotion"},{"floor":5,"key":"SteroidPotion"},{"floor":12,"key":"Swift Potion"},{"floor":14,"key":"Strength Potion"},{"floor":16,"key":"FocusPotion"},{"floor":18,"key":"Energy Potion"},{"floor":21,"key":"Regen Potion"},{"floor":24,"key":"Block Potion"},{"floor":39,"key":"AttackPotion"},{"floor":45,"key":"SpeedPotion"},{"floor":46,"key":"Fruit Juice"},{"floor":46,"key":"Weak Potion"}],"is_trial":false,"path_per_floor":["M","?","M","M","M","R","E","M","T","R","?","M","R","M","R","B",null,"M","?","?","M","M","R","E","R","T","M","R","$","?","?","R","B",null,"M","$","?","M","M","R","E","R","T","M","E","?","R","M","R","B",null],"character_chosen":"DEFECT","items_purchased":["EntropicBrew","Happy Flower","Orichalcum","FocusPotion"],"campfire_rested":3,"item_purchase_floors":[29,29,36,36],"current_hp_per_floor":[66,66,66,66,60,60,33,25,25,25,18,12,36,36,36,22,67,60,82,82,82,79,79,74,74,74,63,63,63,73,57,57,29,73,70,70,70,72,68,68,45,45,45,33,21,26,53,18,45,22],"gold":454,"neow_bonus":"TEN_PERCENT_HP_BONUS","is_prod":false,"is_daily":false,"chose_seed":false,"campfire_upgraded":9,"win_rate":0,"timestamp":1548055683,"path_taken":["M","?","M","M","?","R","E","M","T","R","?","M","R","M","R","BOSS","M","?","?","?","M","R","E","R","T","M","R","$","?","?","R","BOSS","M","$","?","M","M","R","E","R","T","M","E","?","R","M","R","BOSS"],"build_version":"2019-01-17v2","purchased_purges":2,"victory":true,"max_hp_per_floor":[82,82,82,82,82,82,82,82,82,82,82,82,82,82,82,82,82,82,82,82,82,82,82,82,82,82,82,82,82,82,87,87,87,87,87,87,87,87,87,87,87,87,87,87,87,92,92,92,92,92],"card_choices":[{"not_picked":["Fusion","Gash"],"picked":"Cold Snap","floor":1},{"not_picked":["Compile Driver","Tempest"],"picked":"Ball Lightning","floor":3},{"not_picked":["Reprogram","Turbo"],"picked":"Genetic Algorithm","floor":4},{"not_picked":["Darkness","Compile Driver"],"picked":"Defragment","floor":5},{"not_picked":["BootSequence","Turbo"],"picked":"Conserve Battery","floor":7},{"not_picked":["Double Energy","Multi-Cast"],"picked":"Loop","floor":8},{"not_picked":["Redo","Steam","Consume"],"picked":"SKIP","floor":12},{"not_picked":["Redo","Beam Cell"],"picked":"Conserve Battery","floor":14},{"not_picked":["Fission","Multi-Cast"],"picked":"Seek","floor":16},{"not_picked":["Steam Power","Heatsinks"],"picked":"Coolheaded","floor":18},{"not_picked":["Gash","Chill+1","Streamline"],"picked":"SKIP","floor":21},{"not_picked":["Undo+1","Stack"],"picked":"Coolheaded","floor":22},{"not_picked":["Cold Snap+1","Steam"],"picked":"Go for the Eyes+1","floor":24},{"not_picked":["Steam+1","Multi-Cast"],"picked":"Skim","floor":27},{"not_picked":["Leap","Rainbow"],"picked":"Melter+1","floor":30},{"not_picked":["Rainbow","Thunder Strike"],"picked":"Core Surge","floor":33},{"not_picked":["Rebound+1","Double Energy"],"picked":"Capacitor+1","floor":35},{"not_picked":["Ball Lightning","Steam"],"picked":"Doom and Gloom+1","floor":38},{"not_picked":["Steam","Go for the Eyes"],"picked":"Reprogram","floor":39},{"not_picked":["Amplify","Steam"],"picked":"Fission","floor":41},{"not_picked":["Heatsinks+1","Streamline+1"],"picked":"Compile Driver+1","floor":44},{"not_picked":["Rebound+1","FTL+1","Gash+1"],"picked":"SKIP","floor":45},{"not_picked":["Gash+1","Coolheaded","Hologram"],"picked":"SKIP","floor":48}],"player_experience":441157,"relics_obtained":[{"floor":7,"key":"Smiling Mask"},{"floor":9,"key":"Anchor"},{"floor":24,"key":"Blood Vial"},{"floor":26,"key":"Cables"},{"floor":30,"key":"Red Mask"},{"floor":41,"key":"Molten Egg 2"},{"floor":45,"key":"Oddly Smooth Stone"}],"event_choices":[{"damage_healed":0,"gold_gain":0,"player_choice":"Trade","damage_taken":0,"relics_obtained":["SsserpentHead"],"max_hp_gain":0,"max_hp_loss":0,"event_name":"FaceTrader","floor":2,"gold_loss":0},{"cards_removed":["Strike_B"],"damage_healed":0,"gold_gain":0,"player_choice":"Card Removal","damage_taken":7,"max_hp_gain":0,"max_hp_loss":0,"event_name":"Golden Wing","floor":11,"gold_loss":0},{"damage_healed":27,"gold_gain":0,"player_choice":"Heal","damage_taken":0,"max_hp_gain":0,"max_hp_loss":0,"event_name":"The Library","floor":19,"gold_loss":0},{"damage_healed":0,"gold_gain":0,"player_choice":"Traded Relic","damage_taken":0,"relics_obtained":["Nloth\u0027s Gift"],"max_hp_gain":0,"max_hp_loss":0,"event_name":"N\u0027loth","floor":20,"relics_lost":["Smiling Mask"],"gold_loss":0},{"damage_healed":0,"gold_gain":0,"player_choice":"Fought Bandits","damage_taken":0,"max_hp_gain":0,"max_hp_loss":0,"event_name":"Masked Bandits","floor":30,"gold_loss":0},{"damage_healed":0,"gold_gain":0,"player_choice":"Shed Blood","damage_taken":21,"max_hp_gain":5,"max_hp_loss":0,"event_name":"Forgotten Altar","floor":31,"gold_loss":0},{"damage_healed":0,"gold_gain":0,"player_choice":"Ignored","damage_taken":0,"max_hp_gain":0,"max_hp_loss":0,"event_name":"Tomb of Lord Red Mask","floor":37,"gold_loss":0},{"damage_healed":0,"gold_gain":0,"player_choice":"Bought 3 Potions","damage_taken":0,"max_hp_gain":0,"max_hp_loss":0,"event_name":"The Woman in Blue","floor":46,"gold_loss":0}],"is_beta":false,"boss_relics":[{"not_picked":["White Beast Statue","Pandora\u0027s Box"],"picked":"Cursed Key"},{"not_picked":["Velvet Choker","Runic Dome"],"picked":"Philosopher\u0027s Stone"}],"items_purged_floors":[29,36],"is_endless":false,"potions_floor_spawned":[3,5,12,14,16,18,21,24,39,45,48],"ascension_level":10}