{"gold_per_floor":[114,289,175,175,190,230,230,246,271,271,307,319,331,422,434,571,583,583,583,583,583,583,583,583,583,583,583,583,153,153,153,153,153,153,153,153,153,153,153,103,103,103,103,103,103,103,103,103,103,103],"floor_reached":51,"playtime":2140,"items_purged":["Doubt","Wraith Form v2","Sword Boomerang"],"score":779,"play_id":"2d362a01-b9c7-410f-bf5b-14ca7bd30be5","local_time":"20181008235216","daily_mods":["Draft","Vintage","Diverse","Colorless Cards","Heirloom"],"is_ascension_mode":false,"campfire_choices":[{"data":"1","floor":7,"key":"LIFT"},{"data":"2","floor":10,"key":"LIFT"},{"data":"3","floor":13,"key":"LIFT"},{"data":"Echo Form","floor":15,"key":"SMITH"},{"data":"Demon Form","floor":24,"key":"SMITH"},{"data":"FTL","floor":28,"key":"SMITH"},{"data":"Inflame","floor":32,"key":"SMITH"},{"data":"Dagger Spray","floor":46,"key":"SMITH"},{"data":"Cold Snap","floor":49,"key":"PURGE"}],"neow_cost":"","seed_source_timestamp":0,"circlet_count":0,"master_deck":["Demon Form+1","Echo Form+1","Flying Knee","Caltrops","Pommel Strike","Searing Blow","Go for the Eyes","FTL","Dagger Spray+1","Intimidate","Ball Lightning","Stack","Self Repair","Battle Trance","Go for the Eyes","Quick Slash","Inflame+1","Backflip","Dark Embrace+1","FTL+1","Leap+1","Phantasmal Killer+1","Chill+1","Iron Wave","Offering+1"],"relics":["Burning Blood","Girya","Orichalcum","Golden Idol","Pear","Frozen Egg 2","Torii","Omamori","MawBank","WarpedTongs","Meat on the Bone","Boot","Ectoplasm","Tiny Chest","Ice Cream","Bottled Flame","Prayer Wheel","Regal Pillow","Toxic Egg 2","Gambling Chip","Vajra","Strawberry","Red Skull","Centennial Puzzle","Bottled Lightning","Mark of Pain","Gremlin Horn","Peace Pipe","Smiling Mask","Mango","Shuriken","Juzu Bracelet","Matryoshka","PreservedInsect","Sundial","Pen Nib","Ancient Tea Set","Anchor"],"potions_floor_usage":[16,16,50,50],"damage_taken":[{"damage":6,"enemies":"Small Slimes","floor":1,"turns":2},{"damage":6,"enemies":"2 Louse","floor":5,"turns":4},{"damage":32,"enemies":"3 Sentries","floor":6,"turns":6},{"damage":0,"enemies":"Cultist","floor":8,"turns":3},{"damage":12,"enemies":"Gremlin Nob","floor":11,"turns":4},{"damage":13,"enemies":"The Guardian","floor":16,"turns":7},{"damage":0,"enemies":"Spheric Guardian","floor":18,"turns":2},{"damage":3,"enemies":"3 Byrds","floor":21,"turns":3},{"damage":20,"enemies":"Centurion and Healer","floor":22,"turns":3},{"damage":15,"enemies":"Gremlin Leader","floor":23,"turns":5},{"damage":2,"enemies":"Cultist and Chosen","floor":27,"turns":5},{"damage":0,"enemies":"3 Cultists","floor":30,"turns":4},{"damage":1,"enemies":"Centurion and Healer","floor":31,"turns":3},{"damage":8,"enemies":"Automaton","floor":33,"turns":4},{"damage":21,"enemies":"3 Shapes","floor":35,"turns":3},{"damage":22,"enemies":"Mysterious Sphere","floor":36,"turns":5},{"damage":0,"enemies":"3 Darklings","floor":38,"turns":3},{"damage":29,"enemies":"Transient","floor":39,"turns":5},{"damage":0,"enemies":"Sphere and 2 Shapes","floor":41,"turns":2},{"damage":0,"enemies":"4 Shapes","floor":42,"turns":2},{"damage":1,"enemies":"3 Darklings","floor":44,"turns":3},{"damage":6,"enemies":"Reptomancer","floor":47,"turns":3},{"damage":17,"enemies":"Maw","floor":48,"turns":4},{"damage":20,"enemies":"Donu and Deca","floor":50,"turns":3}],"seed_played":"1334957030409015885","potions_obtained":[{"floor":5,"key":"Poison Potion"},{"floor":6,"key":"Weak Potion"},{"floor":22,"key":"FearPotion"},{"floor":23,"key":"PowerPotion"},{"floor":27,"key":"Ancient Potion"}],"is_trial":true,"path_per_floor":["M","?","$","?","M","E","R","M","T","R","E","?","R","T","R","B",null,"M","T","?","M","M","E","R","?","T","M","R","$","M","M","R","B",null,"M","?","T","M","M","$","M","M","T","M","?","R","M","M","R","B"],"character_chosen":"IRONCLAD","items_purchased":["Inflame","Vajra","Leap+1","Strawberry"],"campfire_rested":0,"item_purchase_floors":[3,29,29,29],"current_hp_per_floor":[80,80,80,60,77,58,58,64,64,64,65,65,65,65,65,65,90,90,90,90,90,76,77,77,77,77,81,81,88,94,97,97,95,97,89,80,80,100,84,84,90,96,96,101,101,101,108,104,104,97],"gold":103,"neow_bonus":"","is_prod":false,"is_daily":false,"chose_seed":false,"campfire_upgraded":5,"win_rate":0,"timestamp":1539013936,"path_taken":["M","?","$","?","M","E","R","?","T","R","E","?","R","?","R","BOSS","M","?","?","?","M","E","R","?","T","M","R","$","M","M","R","BOSS","M","?","?","M","M","$","?","M","T","M","?","R","M","M","R","BOSS"],"build_version":"2018-10-04v2","purchased_purges":3,"victory":true,"max_hp_per_floor":[80,80,80,80,90,90,90,90,90,90,90,90,90,90,90,90,90,90,90,90,90,90,90,90,90,90,90,90,97,97,97,97,97,97,97,97,97,111,111,111,111,111,111,111,111,111,111,111,111,111],"card_choices":[{"not_picked":["Capacitor","Perfected Strike"],"picked":"Flying Knee","floor":0},{"not_picked":["Capacitor","Intimidate"],"picked":"Caltrops","floor":0},{"not_picked":["Deflect","Perfected Strike"],"picked":"Pommel Strike","floor":0},{"not_picked":["Scrape","Concentrate"],"picked":"Searing Blow","floor":0},{"not_picked":["Sword Boomerang","Bloodletting"],"picked":"Go for the Eyes","floor":0},{"not_picked":["Bane","Choke"],"picked":"FTL","floor":0},{"not_picked":["Steam","Havoc"],"picked":"Sword Boomerang","floor":0},{"not_picked":["Poisoned Stab","Anger"],"picked":"Dagger Spray","floor":0},{"not_picked":["Steam Power","Blade Dance"],"picked":"Intimidate","floor":0},{"not_picked":["Flex","Gash"],"picked":"Ball Lightning","floor":0},{"not_picked":["Well Laid Plans","Acrobatics"],"picked":"Stack","floor":0},{"not_picked":["Underhanded Strike","PiercingWail"],"picked":"Self Repair","floor":0},{"not_picked":["Sword Boomerang","Cloak And Dagger"],"picked":"Battle Trance","floor":0},{"not_picked":["Masterful Stab","Compile Driver"],"picked":"Go for the Eyes","floor":0},{"not_picked":["Deadly Poison","Conserve Battery"],"picked":"Quick Slash","floor":0},{"not_picked":["Rupture","Steam"],"picked":"Backflip","floor":6},{"not_picked":["Dodge and Roll","Chaos"],"picked":"Cold Snap","floor":11},{"not_picked":["Biased Cognition+1","Wraith Form v2+1"],"picked":"Dark Embrace+1","floor":16},{"not_picked":["Blade Dance","Wild Strike+1","Steam+1"],"picked":"SKIP","floor":23},{"not_picked":["Storm of Steel+1","Machine Learning+1"],"picked":"Phantasmal Killer+1","floor":33},{"not_picked":["Turbo+1","Quick Slash+1"],"picked":"Chill+1","floor":36}],"player_experience":25496,"relics_obtained":[{"floor":1,"key":"Orichalcum"},{"floor":5,"key":"Pear"},{"floor":6,"key":"Frozen Egg 2"},{"floor":8,"key":"Torii"},{"floor":9,"key":"Omamori"},{"floor":11,"key":"MawBank"},{"floor":14,"key":"Meat on the Bone"},{"floor":16,"key":"Boot"},{"floor":18,"key":"Tiny Chest"},{"floor":19,"key":"Ice Cream"},{"floor":21,"key":"Bottled Flame"},{"floor":22,"key":"Prayer Wheel"},{"floor":23,"key":"Regal Pillow"},{"floor":26,"key":"Toxic Egg 2"},{"floor":27,"key":"Gambling Chip"},{"floor":30,"key":"Red Skull"},{"floor":31,"key":"Centennial Puzzle"},{"floor":33,"key":"Bottled Lightning"},{"floor":35,"key":"Gremlin Horn"},{"floor":36,"key":"Peace Pipe"},{"floor":37,"key":"Smiling Mask"},{"floor":38,"key":"Mango"},{"floor":39,"key":"Shuriken"},{"floor":41,"key":"Juzu Bracelet"},{"floor":42,"key":"Matryoshka"},{"floor":43,"key":"PreservedInsect"},{"floor":43,"key":"Sundial"},{"floor":44,"key":"Pen Nib"},{"floor":47,"key":"Ancient Tea Set"},{"floor":48,"key":"Anchor"}],"event_choices":[{"event_name":"Liars Game","player_choice":"agreed","floor":2,"damage_taken":0},{"event_name":"Golden Idol","player_choice":"Take Damage","floor":4,"damage_taken":0},{"event_name":"Accursed Blacksmith","player_choice":"Rummage","floor":12,"damage_taken":0},{"event_name":"Golden Shrine","player_choice":"Pray","floor":20,"damage_taken":0},{"event_name":"Duplicator","player_choice":"One dupe","floor":25,"damage_taken":0},{"event_name":"Mysterious Sphere","player_choice":"Fight","floor":36,"damage_taken":0},{"event_name":"Match and Keep!","player_choice":"2 cards matched","floor":45,"damage_taken":0}],"is_beta":false,"boss_relics":[{"not_picked":["Lizard Tail","Eternal Feather"],"picked":"Ectoplasm"},{"not_picked":["Fusion Hammer","Black Star"],"picked":"Mark of Pain"}],"items_purged_floors":[3,29,40],"is_endless":false,"potions_floor_spawned":[5,6,22,23,27,31,38,39,44,48],"ascension_level":0}