{"gold_per_floor":[118,129,3,78,89,89,114,126,126,136,136,136,148,148,148,222,222,234,234,67,67,81,81,6,6,74,103,103,121,148,164,164,239,239,259,259,273,5,21,50,50,50,50,50,50,50,63,113,113,113,113],"floor_reached":51,"playtime":2581,"items_purged":["Strike_G","Decay"],"score":1451,"play_id":"27ef210f-3d1b-42bf-a494-f404c36dc1f3","local_time":"20190210114725","is_ascension_mode":true,"campfire_choices":[{"data":"Bouncing Flask","floor":6.0,"key":"SMITH"},{"data":"Dagger Spray","floor":11.0,"key":"SMITH"},{"data":"Poisoned Stab","floor":15.0,"key":"SMITH"},{"data":"Neutralize","floor":23.0,"key":"SMITH"},{"data":"Well Laid Plans","floor":25.0,"key":"SMITH"},{"floor":28.0,"key":"REST"},{"floor":32.0,"key":"REST"},{"floor":41.0,"key":"RECALL"},{"data":"Adrenaline","floor":42.0,"key":"SMITH"},{"data":"Defend_G","floor":45.0,"key":"SMITH"},{"data":"Catalyst","floor":49.0,"key":"SMITH"}],"neow_cost":"NONE","seed_source_timestamp":2616710443456967,"circlet_count":0,"master_deck":["AscendersBane","Defend_G","Defend_G","Defend_G","Defend_G","Defend_G+1","Survivor","Neutralize+1","Well Laid Plans+1","Dagger Spray+1","Bouncing Flask+1","Backstab","Poisoned Stab+1","Adrenaline+1","PiercingWail+1","Bouncing Flask+1","After Image+1","PiercingWail","Deflect+1","Adrenaline","Poisoned Stab+1","Cloak And Dagger","Adrenaline","Catalyst+1"],"special_seed":0,"relics":["Ring of the Snake","NeowsBlessing","FossilizedHelix","Incense Burner","WarpedTongs","Astrolabe","Snake Skull","Bottled Lightning","WingedGreaves","Omamori","Coffee Dripper","Strawberry","Blue Candle"],"potions_floor_usage":[],"damage_taken":[{"damage":0.0,"enemies":"Cultist","floor":1.0,"turns":1.0},{"damage":0.0,"enemies":"Jaw Worm","floor":2.0,"turns":1.0},{"damage":0.0,"enemies":"Small Slimes","floor":5.0,"turns":1.0},{"damage":30.0,"enemies":"3 Sentries","floor":7.0,"turns":8.0},{"damage":0.0,"enemies":"Looter","floor":8.0,"turns":4.0},{"damage":7.0,"enemies":"Exordium Wildlife","floor":10.0,"turns":4.0},{"damage":0.0,"enemies":"Large Slime","floor":13.0,"turns":5.0},{"damage":0.0,"enemies":"Hexaghost","floor":16.0,"turns":8.0},{"damage":0.0,"enemies":"Chosen","floor":18.0,"turns":4.0},{"damage":7.0,"enemies":"2 Thieves","floor":22.0,"turns":4.0},{"damage":34.0,"enemies":"Slavers","floor":27.0,"turns":5.0},{"damage":7.0,"enemies":"Snake Plant","floor":29.0,"turns":3.0},{"damage":14.0,"enemies":"Book of Stabbing","floor":30.0,"turns":5.0},{"damage":0.0,"enemies":"Cultist and Chosen","floor":31.0,"turns":5.0},{"damage":36.0,"enemies":"Automaton","floor":33.0,"turns":12.0},{"damage":0.0,"enemies":"3 Darklings","floor":35.0,"turns":5.0},{"damage":0.0,"enemies":"Orb Walker","floor":37.0,"turns":3.0},{"damage":0.0,"enemies":"3 Darklings","floor":39.0,"turns":9.0},{"damage":29.0,"enemies":"Nemesis","floor":40.0,"turns":7.0},{"damage":0.0,"enemies":"4 Shapes","floor":47.0,"turns":7.0},{"damage":21.0,"enemies":"Donu and Deca","floor":50.0,"turns":11.0},{"damage":28,"enemies":"Awakened One","floor":51,"turns":13}],"seed_played":"-929846861130241933","potions_obtained":[{"floor":1.0,"key":"Fire Potion"},{"floor":7.0,"key":"Block Potion"},{"floor":8.0,"key":"Regen Potion"},{"floor":13.0,"key":"Regen Potion"},{"floor":18.0,"key":"AttackPotion"},{"floor":22.0,"key":"Ancient Potion"},{"floor":30.0,"key":"GhostInAJar"},{"floor":35.0,"key":"Regen Potion"},{"floor":40.0,"key":"SteroidPotion"},{"floor":46.0,"key":"GhostInAJar"}],"is_trial":false,"path_per_floor":["M","M","$","?","M","R","E","M","T","M","R","?","M","?","R","B",null,"M","?","$","?","M","R","?","R","T","E","R","M","E","M","R","B",null,"M","?","M","$","M","E","R","R","T","$","R","?","M","?","R","B","B"],"character_chosen":"THE_SILENT","items_purchased":["Dagger Spray","Snake Skull","Strawberry"],"campfire_rested":2,"item_purchase_floors":[3,20,38],"current_hp_per_floor":[59,59,59,48,48,48,18,18,18,11,11,11,11,11,11,60,65,65,65,65,65,58,58,58,58,58,24,43,36,22,22,41,5,51,51,51,51,58,58,29,29,29,29,29,29,29,29,29,29,23,0],"gold":113,"neow_bonus":"THREE_ENEMY_KILL","is_prod":false,"is_daily":false,"chose_seed":false,"campfire_upgraded":8,"win_rate":0,"timestamp":1549795645,"path_taken":["M","M","$","?","M","R","E","M","T","M","R","?","?","?","R","BOSS","M","?","$","?","M","R","?","R","T","E","R","M","E","?","R","BOSS","M","?","?","$","?","E","R","R","T","?","R","?","?","?","R","BOSS","BOSS"],"build_version":"2019-02-06","purchased_purges":2,"victory":false,"max_hp_per_floor":[66,66,66,66,66,66,66,66,66,66,66,66,66,66,66,66,66,66,66,66,66,66,66,66,66,66,66,66,66,66,66,66,66,66,66,66,66,73,73,73,73,73,73,73,73,73,73,73,73,73,73],"card_choices":[{"not_picked":["PiercingWail","Backflip","Prepared"],"picked":"SKIP","floor":1.0},{"not_picked":["Acrobatics","Blade Dance"],"picked":"Well Laid Plans","floor":2.0},{"not_picked":["Sucker Punch","PiercingWail"],"picked":"Bouncing Flask","floor":5.0},{"not_picked":["Deflect","Underhanded Strike","Grand Finale"],"picked":"SKIP","floor":7.0},{"not_picked":["Prepared","Predator"],"picked":"Backstab","floor":8.0},{"not_picked":["Dagger Throw","Predator"],"picked":"Poisoned Stab","floor":10.0},{"not_picked":["Slice","Calculated Gamble","Underhanded Strike"],"picked":"SKIP","floor":13.0},{"not_picked":["Phantasmal Killer","Grand Finale"],"picked":"Adrenaline","floor":16.0},{"not_picked":["Blur","Calculated Gamble+1"],"picked":"PiercingWail","floor":18.0},{"not_picked":["Choke","Terror","Outmaneuver"],"picked":"SKIP","floor":22.0},{"not_picked":["Cloak And Dagger","Underhanded Strike"],"picked":"Deflect+1","floor":27.0},{"not_picked":["Slice","Eviscerate+1","Escape Plan"],"picked":"SKIP","floor":29.0},{"not_picked":["Slice","Night Terror"],"picked":"Adrenaline","floor":30.0},{"not_picked":["Blade Dance+1","Slice"],"picked":"Poisoned Stab+1","floor":31.0},{"not_picked":["Skewer","Acrobatics"],"picked":"Cloak And Dagger","floor":35.0},{"not_picked":["Acrobatics","Dagger Spray+1","Slice"],"picked":"SKIP","floor":37.0},{"not_picked":["Flechettes","PiercingWail","Deadly Poison"],"picked":"SKIP","floor":39.0},{"not_picked":["Flechettes","Acrobatics+1"],"picked":"Adrenaline","floor":40.0},{"not_picked":["Blade Dance","Bane"],"picked":"Catalyst","floor":47.0}],"player_experience":2952046,"relics_obtained":[{"floor":7.0,"key":"FossilizedHelix"},{"floor":9.0,"key":"Incense Burner"},{"floor":26.0,"key":"Bottled Lightning"},{"floor":27.0,"key":"WingedGreaves"},{"floor":30.0,"key":"Omamori"},{"floor":40.0,"key":"Blue Candle"}],"event_choices":[{"damage_healed":0.0,"max_hp_gain":0.0,"max_hp_loss":0.0,"gold_gain":75.0,"event_name":"World of Goop","player_choice":"Gather Gold","floor":4.0,"gold_loss":0.0,"damage_taken":11.0},{"damage_healed":0.0,"max_hp_gain":0.0,"max_hp_loss":0.0,"gold_gain":0.0,"event_name":"Accursed Blacksmith","player_choice":"Rummage","floor":12.0,"gold_loss":0.0,"damage_taken":0.0,"relics_obtained":["WarpedTongs"],"cards_obtained":["Pain"]},{"cards_removed":["Pain"],"damage_healed":0.0,"max_hp_gain":0.0,"max_hp_loss":0.0,"gold_gain":0.0,"event_name":"Living Wall","player_choice":"Forget","floor":14.0,"gold_loss":0.0,"damage_taken":0.0},{"damage_healed":0.0,"max_hp_gain":0.0,"max_hp_loss":0.0,"gold_gain":0.0,"event_name":"Forgotten Altar","player_choice":"Smashed Altar","floor":19.0,"gold_loss":0.0,"damage_taken":0.0,"cards_obtained":["Decay"]},{"damage_healed":0.0,"max_hp_gain":0.0,"max_hp_loss":0.0,"gold_gain":0.0,"event_name":"Cursed Tome","player_choice":"Ignored","floor":21.0,"gold_loss":0.0,"damage_taken":0.0},{"cards_removed":["Strike_G"],"damage_healed":0.0,"max_hp_gain":0.0,"max_hp_loss":0.0,"gold_gain":0.0,"event_name":"Beggar","player_choice":"Gave Gold","floor":24.0,"gold_loss":75.0,"damage_taken":0.0},{"damage_healed":0.0,"max_hp_gain":0.0,"max_hp_loss":0.0,"gold_gain":0.0,"event_name":"Transmorgrifier","player_choice":"Ignored","floor":36.0,"gold_loss":0.0,"damage_taken":0.0},{"damage_healed":0.0,"max_hp_gain":0.0,"max_hp_loss":0.0,"gold_gain":0.0,"event_name":"Lab","player_choice":"Got Potions","floor":46.0,"gold_loss":0.0,"damage_taken":0.0},{"damage_healed":0.0,"max_hp_gain":0.0,"max_hp_loss":0.0,"gold_gain":50.0,"event_name":"Golden Shrine","player_choice":"Pray","floor":48.0,"gold_loss":0.0,"damage_taken":0.0}],"is_beta":true,"boss_relics":[{"not_picked":["Runic Dome","Lizard Tail"],"picked":"Astrolabe"},{"not_picked":["Black Star","Empty Cage"],"picked":"Coffee Dripper"}],"items_purged_floors":[3,38],"is_endless":false,"potions_floor_spawned":[1,7,8,13,18,22,30,35,40,47],"killed_by":"Awakened One","ascension_level":20}