{"gold_per_floor":[114,114,214,228,245,245,279,325,325,325,0,15,28,28],"floor_reached":14,"playtime":527,"items_purged":[],"score":95,"play_id":"89fe936e-c6f0-4b30-8c42-bfaab85064e4","local_time":"20180701165019","is_ascension_mode":true,"campfire_choices":[{"data":"Defragment","floor":6,"key":"SMITH"},{"floor":10,"key":"REST"}],"neow_cost":"NONE","seed_source_timestamp":23432054028166,"circlet_count":0,"master_deck":["Strike_B","Strike_B+1","Strike_B","Strike_B+1","Defend_B","Defend_B","Defend_B","Zap","Dualcast","Coolheaded","Scrape","Defragment+1","Fission","Melter","Chaos","Go for the Eyes"],"relics":["Cracked Core","Whetstone","Art of War","Vajra","Gambling Chip","Frozen Egg 2"],"potions_floor_usage":[7,13],"damage_taken":[{"damage":1,"enemies":"Jaw Worm","floor":1,"turns":2},{"damage":7,"enemies":"2 Louse","floor":4,"turns":2},{"damage":3,"enemies":"Small Slimes","floor":5,"turns":2},{"damage":30,"enemies":"Gremlin Nob","floor":7,"turns":4},{"damage":27,"enemies":"Exordium Wildlife","floor":12,"turns":4},{"damage":11,"enemies":"Red Slaver","floor":13,"turns":3},{"damage":15,"enemies":"3 Sentries","floor":14,"turns":3}],"seed_played":"8653985901987485583","potions_obtained":[{"floor":4,"key":"PowerPotion"},{"floor":7,"key":"LiquidBronze"}],"is_trial":false,"path_per_floor":["M","?","?","M","M","R","E","T","T","R","$","M","M"],"character_chosen":"DEFECT","items_purchased":["Frozen Egg 2","Melter"],"campfire_rested":1,"item_purchase_floors":[11,11],"current_hp_per_floor":[74,67,67,60,57,57,27,27,27,49,49,22,11,0],"gold":28,"neow_bonus":"RANDOM_COMMON_RELIC","is_prod":false,"is_daily":false,"chose_seed":false,"campfire_upgraded":1,"win_rate":0,"timestamp":1530478219,"path_taken":["M","?","?","M","?","R","E","?","T","R","?","M","M","E"],"build_version":"2018-06-28","purchased_purges":0,"victory":false,"max_hp_per_floor":[75,75,75,75,75,75,75,75,75,75,75,75,75,75],"card_choices":[{"not_picked":["Turbo","Melter"],"picked":"Coolheaded","floor":1},{"not_picked":["Conserve Battery","Coolheaded"],"picked":"Scrape","floor":4},{"not_picked":["Leap","Go for the Eyes"],"picked":"Defragment","floor":5},{"not_picked":["Steam","Steam Power"],"picked":"Fission","floor":7},{"not_picked":["Barrage","Leap"],"picked":"Chaos","floor":12},{"not_picked":["Rebound","Cold Snap"],"picked":"Go for the Eyes","floor":13}],"player_experience":174083,"relics_obtained":[{"floor":7,"key":"Art of War"},{"floor":8,"key":"Vajra"},{"floor":9,"key":"Gambling Chip"}],"event_choices":[{"event_name":"Golden Wing","player_choice":"Card Removal","floor":2,"damage_taken":0},{"event_name":"Golden Shrine","player_choice":"Pray","floor":3,"damage_taken":0}],"boss_relics":[],"items_purged_floors":[],"is_endless":false,"potions_floor_spawned":[4,7],"killed_by":"3 Sentries","ascension_level":1}