{"gold_per_floor":[110,260,279,279,28,28,42,74,74,18,37,50,50,50,50,50],"floor_reached":16,"playtime":498,"items_purged":["Doubt"],"score":180,"play_id":"5b790c43-b898-42dc-ac23-aa1b30434a2a","local_time":"20190106223703","is_ascension_mode":true,"campfire_choices":[{"data":"Hologram","floor":6,"key":"SMITH"},{"floor":13,"key":"REST"},{"data":"Scrape","floor":15,"key":"SMITH"}],"neow_cost":"NONE","seed_source_timestamp":135536015698300,"circlet_count":0,"master_deck":["AscendersBane","Strike_B","Strike_B","Strike_B","Strike_B+1","Defend_B","Defend_B","Defend_B","Defend_B+1","Zap","Dualcast","Echo Form","Ball Lightning","Cold Snap","FTL","Skim","Hologram+1","Coolheaded","Scrape+1","Core Surge"],"relics":["Cracked Core","Question Card","Ornamental Fan","Bottled Flame"],"potions_floor_usage":[11,12],"damage_taken":[{"damage":1,"enemies":"2 Louse","floor":1,"turns":3},{"damage":2,"enemies":"Jaw Worm","floor":3,"turns":3},{"damage":0,"enemies":"Cultist","floor":7,"turns":3},{"damage":24,"enemies":"3 Sentries","floor":8,"turns":6},{"damage":2,"enemies":"Exordium Thugs","floor":11,"turns":4},{"damage":11,"enemies":"Gremlin Gang","floor":12,"turns":5},{"damage":28,"enemies":"Slime Boss","floor":16,"turns":4}],"seed_played":"-4500429062458739641","potions_obtained":[{"floor":11,"key":"Block Potion"}],"is_trial":false,"path_per_floor":["M","?","M","?","$","R","M","E","T","$","M","M","R","T","R","B"],"character_chosen":"DEFECT","items_purchased":["FTL","Skim","Hologram","SkillPotion"],"campfire_rested":1,"item_purchase_floors":[5,5,5,10],"current_hp_per_floor":[63,63,61,40,40,40,40,16,16,16,14,3,24,24,24,0],"gold":50,"neow_bonus":"ONE_RANDOM_RARE_CARD","is_prod":false,"is_daily":false,"chose_seed":false,"campfire_upgraded":2,"win_rate":0,"timestamp":1546843023,"path_taken":["M","?","M","?","$","R","M","E","T","$","M","M","R","?","R","BOSS"],"build_version":"2019-01-03v4","purchased_purges":1,"victory":false,"max_hp_per_floor":[71,71,71,71,71,71,71,71,71,71,71,71,71,71,71,71],"card_choices":[{"not_picked":["Streamline","Doom and Gloom"],"picked":"Ball Lightning","floor":1},{"not_picked":["Melter","Darkness"],"picked":"Cold Snap","floor":3},{"not_picked":["Consume","Fusion","Sunder"],"picked":"SKIP","floor":7},{"not_picked":["Hologram","Conserve Battery"],"picked":"Coolheaded","floor":8},{"not_picked":["Chaos","Compile Driver","Force Field"],"picked":"Scrape","floor":11},{"not_picked":["Static Discharge","Redo","Barrage"],"picked":"Core Surge","floor":12}],"player_experience":1048095,"relics_obtained":[{"floor":8,"key":"Question Card"},{"floor":9,"key":"Ornamental Fan"},{"floor":14,"key":"Bottled Flame"}],"event_choices":[{"damage_healed":0,"gold_gain":150,"player_choice":"AGREE","damage_taken":0,"max_hp_gain":0,"max_hp_loss":0,"event_name":"Liars Game","floor":2,"gold_loss":0,"cards_obtained":["Doubt"]},{"damage_healed":0,"gold_gain":0,"player_choice":"Entered Light","damage_taken":21,"max_hp_gain":0,"max_hp_loss":0,"event_name":"Shining Light","floor":4,"gold_loss":0,"cards_upgraded":["Defend_B","Strike_B"]}],"is_beta":false,"boss_relics":[],"items_purged_floors":[5],"is_endless":false,"potions_floor_spawned":[11],"killed_by":"Slime Boss","ascension_level":16}