{"gold_per_floor":[10,24,24,38,52,52,81,8,8,40,40,95,105,139,139,213,263,274,284,209,229,106,132,144,156,168,215,227,254,266,308,320,407,419,442,508,620,68,81,81],"floor_reached":40,"playtime":4454,"items_purged":["Strike_R","Strike_R"],"score":896,"play_id":"379b5eb3-7158-4dd9-b9d1-a39739f1609f","local_time":"20190205064202","is_ascension_mode":true,"campfire_choices":[{"data":"Heavy Blade","floor":6,"key":"SMITH"},{"data":"Fiend Fire","floor":11,"key":"SMITH"},{"data":"Feel No Pain","floor":15,"key":"SMITH"},{"data":"Feel No Pain","floor":24,"key":"SMITH"},{"data":"Metallicize","floor":28,"key":"SMITH"},{"data":"Body Slam","floor":32,"key":"SMITH"}],"neow_cost":"NO_GOLD","seed_source_timestamp":289344882195100,"circlet_count":0,"master_deck":["AscendersBane","Defend_R","Defend_R","Defend_R","Defend_R","Bash","Heavy Blade+1","Inflame+1","Battle Trance+1","Shockwave+1","Fiend Fire+1","Flame Barrier+1","True Grit+1","Shrug It Off+1","Feel No Pain+1","Feel No Pain+1","Limit Break+1","Metallicize+1","Battle Trance+1","Spot Weakness+1","Warcry+1","True Grit+1","Offering+1","Evolve","Body Slam+1","Limit Break+1","Barricade","Feel No Pain","Corruption","Warcry+1","Secret Weapon+1"],"relics":["Black Blood","Pocketwatch","Toxic Egg 2","Pen Nib","Blood Vial","Ancient Tea Set","Regal Pillow","Gremlin Horn","Tiny House","MawBank","Ornamental Fan","Bottled Tornado","Dodecahedron","Champion Belt","Gambling Chip","Anchor"],"potions_floor_usage":[7,10,12,16,17,19,21,27,31,40],"damage_taken":[{"damage":6,"enemies":"Cultist","floor":1,"turns":3},{"damage":3,"enemies":"2 Louse","floor":2,"turns":3},{"damage":3,"enemies":"Jaw Worm","floor":4,"turns":4},{"damage":11,"enemies":"Blue Slaver","floor":5,"turns":4},{"damage":16,"enemies":"Gremlin Nob","floor":7,"turns":3},{"damage":25,"enemies":"3 Sentries","floor":10,"turns":5},{"damage":15,"enemies":"Lagavulin Event","floor":12,"turns":4},{"damage":4,"enemies":"2 Fungi Beasts","floor":13,"turns":4},{"damage":0,"enemies":"Lagavulin","floor":14,"turns":2},{"damage":17,"enemies":"Hexaghost","floor":16,"turns":7},{"damage":5,"enemies":"3 Byrds","floor":18,"turns":4},{"damage":9,"enemies":"Chosen","floor":19,"turns":4},{"damage":15,"enemies":"3 Cultists","floor":21,"turns":4},{"damage":16,"enemies":"Book of Stabbing","floor":23,"turns":4},{"damage":14,"enemies":"Slavers","floor":27,"turns":7},{"damage":0,"enemies":"Sentry and Sphere","floor":29,"turns":6},{"damage":27,"enemies":"Gremlin Leader","floor":31,"turns":8},{"damage":43,"enemies":"Collector","floor":33,"turns":4},{"damage":0,"enemies":"Orb Walker","floor":35,"turns":2},{"damage":28,"enemies":"2 Orb Walkers","floor":36,"turns":2},{"damage":17,"enemies":"Mind Bloom Boss Battle","floor":37,"turns":3},{"damage":0,"enemies":"3 Shapes","floor":39,"turns":12},{"damage":73,"enemies":"Reptomancer","floor":40,"turns":2}],"seed_played":"7201406031935155938","potions_obtained":[{"floor":1,"key":"Ancient Potion"},{"floor":5,"key":"Regen Potion"},{"floor":10,"key":"SkillPotion"},{"floor":12,"key":"LiquidBronze"},{"floor":16,"key":"Strength Potion"},{"floor":17,"key":"Fruit Juice"},{"floor":18,"key":"Poison Potion"},{"floor":23,"key":"Poison Potion"},{"floor":29,"key":"Explosive Potion"}],"is_trial":false,"path_per_floor":["M","M","T","M","M","R","E","$","T","E","R","?","M","E","R","B",null,"M","M","?","M","$","E","R","?","T","E","R","M","?","E","R","B",null,"M","?","?","$","M","E"],"character_chosen":"IRONCLAD","items_purchased":["Flame Barrier+1","True Grit+1","Corruption","Warcry+1","Secret Weapon+1","Anchor","AttackPotion"],"campfire_rested":0,"item_purchase_floors":[8,22,38,38,38,38,38],"current_hp_per_floor":[68,71,71,74,69,69,59,59,59,54,54,47,51,59,59,50,79,82,81,81,74,74,66,66,66,66,60,60,68,68,49,49,14,67,79,63,58,58,70,0],"gold":81,"neow_bonus":"ONE_RARE_RELIC","is_prod":false,"is_daily":false,"chose_seed":false,"campfire_upgraded":6,"win_rate":0,"timestamp":1549345322,"path_taken":["M","M","?","M","M","R","E","$","T","E","R","?","M","E","R","BOSS","M","M","?","M","$","E","R","?","T","E","R","M","?","E","R","BOSS","M","?","?","$","M","E"],"build_version":"2019-01-23","purchased_purges":2,"victory":false,"max_hp_per_floor":[75,75,75,75,75,75,75,75,75,75,75,75,75,75,75,75,85,85,85,85,85,85,85,85,85,85,85,85,85,85,85,85,85,85,85,85,85,85,85,85],"card_choices":[{"not_picked":["Armaments","Seeing Red"],"picked":"Heavy Blade","floor":1},{"not_picked":["Pommel Strike","Disarm"],"picked":"Inflame","floor":2},{"not_picked":["Wild Strike","Feel No Pain"],"picked":"Battle Trance+1","floor":4},{"not_picked":["Fire Breathing","Anger"],"picked":"Shockwave+1","floor":5},{"not_picked":["Carnage","Rupture"],"picked":"Fiend Fire","floor":7},{"not_picked":["Havoc+1","Rage+1"],"picked":"True Grit+1","floor":10},{"not_picked":["Clash","Heavy Blade"],"picked":"Shrug It Off+1","floor":12},{"not_picked":["Flex+1","Combust"],"picked":"Feel No Pain","floor":13},{"not_picked":["Exhume+1","Body Slam"],"picked":"Feel No Pain","floor":14},{"not_picked":["Impervious+1","Bludgeon"],"picked":"Limit Break+1","floor":16},{"not_picked":["Clothesline","Reckless Charge"],"picked":"Metallicize","floor":17},{"not_picked":["Flame Barrier+1","Rage+1"],"picked":"Battle Trance+1","floor":18},{"not_picked":["Pummel","Body Slam"],"picked":"Spot Weakness+1","floor":19},{"not_picked":["Clothesline","Bloodletting+1"],"picked":"Warcry+1","floor":21},{"not_picked":["True Grit+1","Spot Weakness+1","Thunderclap"],"picked":"SKIP","floor":23},{"not_picked":["Heavy Blade","True Grit+1","Anger"],"picked":"SKIP","floor":27},{"not_picked":["Cleave","Clash"],"picked":"Offering+1","floor":29},{"not_picked":["Clash","True Grit+1"],"picked":"Limit Break+1","floor":31},{"not_picked":["Exhume+1","Brutality"],"picked":"Barricade","floor":33},{"not_picked":["Clash","Iron Wave","Seeing Red+1"],"picked":"SKIP","floor":35},{"not_picked":["Rupture","Anger"],"picked":"Feel No Pain","floor":36},{"not_picked":["Uppercut","True Grit+1","Flex+1"],"picked":"SKIP","floor":39}],"player_experience":394929,"relics_obtained":[{"floor":3,"key":"Toxic Egg 2"},{"floor":7,"key":"Pen Nib"},{"floor":9,"key":"Blood Vial"},{"floor":10,"key":"Ancient Tea Set"},{"floor":12,"key":"Regal Pillow"},{"floor":14,"key":"Gremlin Horn"},{"floor":23,"key":"MawBank"},{"floor":26,"key":"Ornamental Fan"},{"floor":27,"key":"Bottled Tornado"},{"floor":31,"key":"Dodecahedron"},{"floor":36,"key":"Champion Belt"},{"floor":37,"key":"Gambling Chip"}],"event_choices":[{"damage_healed":0,"gold_gain":30,"player_choice":"Searched \u00273\u0027 times","damage_taken":0,"max_hp_gain":0,"max_hp_loss":0,"event_name":"Dead Adventurer","floor":12,"gold_loss":0},{"cards_removed":["Strike_R"],"damage_healed":0,"gold_gain":0,"player_choice":"Gave Gold","damage_taken":0,"max_hp_gain":0,"max_hp_loss":0,"event_name":"Beggar","floor":20,"gold_loss":75},{"damage_healed":0,"gold_gain":0,"player_choice":"Ignored","damage_taken":0,"max_hp_gain":0,"max_hp_loss":0,"event_name":"Ghosts","floor":25,"gold_loss":0},{"damage_healed":0,"gold_gain":0,"cards_transformed":["Strike_R","Strike_R"],"player_choice":"Became Test Subject","damage_taken":0,"max_hp_gain":0,"max_hp_loss":0,"event_name":"Drug Dealer","floor":30,"gold_loss":0,"cards_obtained":["Evolve","Body Slam"]},{"damage_healed":0,"gold_gain":0,"player_choice":"Fight","damage_taken":0,"max_hp_gain":0,"max_hp_loss":0,"event_name":"Mysterious Sphere","floor":36,"gold_loss":0},{"damage_healed":0,"gold_gain":0,"player_choice":"Fight","damage_taken":0,"max_hp_gain":0,"max_hp_loss":0,"event_name":"MindBloom","floor":37,"gold_loss":0}],"is_beta":false,"boss_relics":[{"not_picked":["Calling Bell","Runic Dome"],"picked":"Tiny House"},{"not_picked":["Orrery","Coffee Dripper"],"picked":"Black Blood"}],"items_purged_floors":[22,38],"is_endless":false,"potions_floor_spawned":[1,5,10,12,16,18,23,29],"killed_by":"Reptomancer","ascension_level":15}