{"gold_per_floor":[109,126,53,63,82,82,110,128,198,208,208,132,143,162,162,263,263,283,283,283,133,133,133,146,146,146,166,243,243,220,220,220,321,321,333,352,352,368,381,381,401,401,401,251,262,274,66,84,84,84],"floor_reached":51,"playtime":1700,"items_purged":["Strike_B"],"score":753,"play_id":"ef1bc493-3173-48a1-9032-877ef3eee612","local_time":"20181231160629","is_ascension_mode":false,"campfire_choices":[{"data":"Defragment","floor":6.0,"key":"SMITH"},{"data":"Go for the Eyes","floor":11.0,"key":"SMITH"},{"data":"Defragment","floor":15.0,"key":"SMITH"},{"data":"Rainbow","floor":23.0,"key":"SMITH"},{"data":"Zap","floor":25.0,"key":"SMITH"},{"data":"Blizzard","floor":29.0,"key":"SMITH"},{"data":"Loop","floor":32.0,"key":"SMITH"},{"floor":40.0,"key":"REST"},{"data":"Buffer","floor":42.0,"key":"SMITH"},{"floor":49,"key":"REST"}],"neow_cost":"NONE","seed_source_timestamp":590794718875397,"circlet_count":0,"master_deck":["Strike_B","Defend_B","Defend_B","Defend_B","Zap+1","Dualcast+1","Glacier","Go for the Eyes+1","Melter","Defragment+1","Blizzard+1","Defragment+1","Coolheaded","Rainbow+1","Barrage+1","Stack","Loop+1","Conserve Battery","Auto Shields","Buffer+1","Stack+1","Glacier"],"special_seed":0,"relics":["Cracked Core","Art of War","Bottled Tornado","Inserter","Lantern","Ancient Tea Set","Mercury Hourglass","Busted Crown","Toxic Egg 2","Runic Capacitor"],"potions_floor_usage":[50,50,50],"damage_taken":[{"damage":6.0,"enemies":"Jaw Worm","floor":1.0,"turns":3.0},{"damage":3.0,"enemies":"2 Louse","floor":2.0,"turns":3.0},{"damage":0.0,"enemies":"Small Slimes","floor":4.0,"turns":3.0},{"damage":2.0,"enemies":"Looter","floor":5.0,"turns":3.0},{"damage":0.0,"enemies":"Lagavulin","floor":7.0,"turns":8.0},{"damage":3.0,"enemies":"Red Slaver","floor":8.0,"turns":4.0},{"damage":7.0,"enemies":"Large Slime","floor":10.0,"turns":5.0},{"damage":9.0,"enemies":"Lots of Slimes","floor":13.0,"turns":3.0},{"damage":5.0,"enemies":"Looter","floor":14.0,"turns":3.0},{"damage":19.0,"enemies":"Hexaghost","floor":16.0,"turns":12.0},{"damage":0.0,"enemies":"Shell Parasite","floor":18.0,"turns":6.0},{"damage":13.0,"enemies":"Colosseum Slavers","floor":22.0,"turns":4.0},{"damage":17.0,"enemies":"2 Thieves","floor":24.0,"turns":4.0},{"damage":4.0,"enemies":"Snecko","floor":27.0,"turns":5.0},{"damage":0.0,"enemies":"Automaton","floor":33.0,"turns":11.0},{"damage":11.0,"enemies":"3 Darklings","floor":35.0,"turns":6.0},{"damage":5.0,"enemies":"3 Shapes","floor":36.0,"turns":5.0},{"damage":11.0,"enemies":"Maw","floor":38.0,"turns":8.0},{"damage":0.0,"enemies":"Sphere and 2 Shapes","floor":39.0,"turns":5.0},{"damage":1.0,"enemies":"Spire Growth","floor":41.0,"turns":5.0},{"damage":0.0,"enemies":"Transient","floor":45.0,"turns":5.0},{"damage":6,"enemies":"Writhing Mass","floor":46,"turns":8},{"damage":0,"enemies":"Sphere and 2 Shapes","floor":48,"turns":6},{"damage":23,"enemies":"Donu and Deca","floor":50,"turns":13}],"seed_played":"-8246361351031614769","potions_obtained":[{"floor":2.0,"key":"PowerPotion"},{"floor":5.0,"key":"AttackPotion"},{"floor":7.0,"key":"GamblersBrew"},{"floor":8.0,"key":"Fire Potion"},{"floor":14.0,"key":"LiquidBronze"},{"floor":24.0,"key":"Fire Potion"}],"is_trial":false,"path_per_floor":["M","M","$","M","M","R","E","M","T","M","R","$","M","M","R","B",null,"M","?","?","$","?","R","M","R","T","M","T","R","$","?","R","B",null,"M","M","?","M","M","R","M","R","T","$","M","M","$","M","R","B",null],"character_chosen":"DEFECT","items_purchased":["Melter","Blizzard","Lantern","Conserve Battery","FocusPotion","Runic Capacitor"],"campfire_rested":2,"item_purchase_floors":[3,12,21,30,44,47],"current_hp_per_floor":[69,66,66,66,64,64,64,61,61,54,54,54,45,40,40,21,75,75,75,75,75,62,62,45,45,45,41,41,41,41,41,41,41,75,64,59,59,48,48,70,69,69,69,69,69,63,63,63,75,52],"gold":84,"neow_bonus":"UPGRADE_CARD","is_prod":false,"is_daily":false,"chose_seed":false,"campfire_upgraded":8,"win_rate":0,"timestamp":1546272389,"path_taken":["M","M","$","M","M","R","E","M","T","M","R","$","M","M","R","BOSS","M","?","?","$","?","R","M","R","T","M","?","R","?","?","R","BOSS","M","?","?","M","M","R","M","R","T","$","?","M","$","M","R","BOSS"],"build_version":"2018-12-20","purchased_purges":1,"victory":true,"max_hp_per_floor":[75,75,75,75,75,75,75,75,75,75,75,75,75,75,75,75,75,75,75,75,75,75,75,75,75,75,75,75,75,75,75,75,75,75,75,75,75,75,75,75,75,75,75,75,75,75,75,75,75,75],"card_choices":[{"not_picked":["Coolheaded","FTL"],"picked":"Glacier","floor":1.0},{"not_picked":["Darkness","Glacier"],"picked":"Go for the Eyes","floor":2.0},{"not_picked":["White Noise","Rip and Tear","Leap"],"picked":"SKIP","floor":4.0},{"not_picked":["Storm","Sweeping Beam"],"picked":"Defragment","floor":5.0},{"not_picked":["Self Repair","Rip and Tear","Streamline"],"picked":"SKIP","floor":7.0},{"not_picked":["Steam","Rebound","FTL"],"picked":"SKIP","floor":8.0},{"not_picked":["Compile Driver","Consume","Gash"],"picked":"SKIP","floor":10.0},{"not_picked":["Melter","Stack"],"picked":"Defragment","floor":13.0},{"not_picked":["Reboot","White Noise"],"picked":"Coolheaded","floor":14.0},{"not_picked":["Amplify","Machine Learning"],"picked":"Rainbow","floor":16.0},{"not_picked":["Force Field","Chaos"],"picked":"Barrage+1","floor":18.0},{"not_picked":["Turbo+1","Compile Driver","Consume"],"picked":"SKIP","floor":24.0},{"not_picked":["Redo","Go for the Eyes","Tempest"],"picked":"SKIP","floor":27.0},{"not_picked":["Redo","Go for the Eyes","Tempest"],"picked":"SKIP","floor":27.0},{"not_picked":["Thunder Strike","Meteor Strike"],"picked":"Buffer","floor":33.0},{"not_picked":["Rebound"],"picked":"SKIP","floor":35.0},{"not_picked":[],"picked":"Stack+1","floor":36.0},{"not_picked":[],"picked":"Glacier","floor":38.0},{"not_picked":["Storm+1"],"picked":"SKIP","floor":39.0},{"not_picked":["Steam+1"],"picked":"SKIP","floor":41.0},{"not_picked":["Lockon"],"picked":"SKIP","floor":45.0},{"not_picked":["Go for the Eyes"],"picked":"SKIP","floor":46},{"not_picked":["Turbo+1"],"picked":"SKIP","floor":48}],"player_experience":930608,"relics_obtained":[{"floor":7.0,"key":"Art of War"},{"floor":9.0,"key":"Bottled Tornado"},{"floor":26.0,"key":"Ancient Tea Set"},{"floor":28.0,"key":"Mercury Hourglass"},{"floor":43.0,"key":"Toxic Egg 2"}],"event_choices":[{"damage_healed":0.0,"max_hp_gain":0.0,"max_hp_loss":0.0,"gold_gain":0.0,"event_name":"Vampires","player_choice":"Ignored","floor":19.0,"gold_loss":0.0,"damage_taken":0.0},{"damage_healed":0.0,"max_hp_gain":0.0,"max_hp_loss":0.0,"gold_gain":0.0,"cards_transformed":["Strike_B","Strike_B"],"event_name":"Drug Dealer","player_choice":"Became Test Subject","floor":20.0,"gold_loss":0.0,"damage_taken":0.0,"cards_obtained":["Stack","Loop"]},{"damage_healed":0.0,"max_hp_gain":0.0,"max_hp_loss":0.0,"gold_gain":0.0,"event_name":"Colosseum","player_choice":"Fight","floor":22.0,"gold_loss":0.0,"damage_taken":0.0},{"damage_healed":0.0,"max_hp_gain":0.0,"max_hp_loss":0.0,"gold_gain":0.0,"event_name":"Colosseum","player_choice":"Fled From Nobs","floor":22.0,"gold_loss":0.0,"damage_taken":0.0},{"damage_healed":0.0,"max_hp_gain":0.0,"max_hp_loss":0.0,"gold_gain":0.0,"cards_transformed":["Defend_B"],"event_name":"Transmorgrifier","player_choice":"Transformed","floor":31.0,"gold_loss":0.0,"damage_taken":0.0,"cards_obtained":["Auto Shields"]},{"damage_healed":0.0,"max_hp_gain":0.0,"max_hp_loss":0.0,"gold_gain":0.0,"event_name":"SecretPortal","player_choice":"Ignored","floor":37.0,"gold_loss":0.0,"damage_taken":0.0}],"is_beta":false,"boss_relics":[{"not_picked":["Snecko Eye","Velvet Choker"],"picked":"Inserter"},{"not_picked":["Fusion Hammer","Pandora\u0027s Box"],"picked":"Busted Crown"}],"items_purged_floors":[44],"is_endless":false,"potions_floor_spawned":[2,5,7,8,10,14,24,27,35,38,39,41,48],"ascension_level":0}