{"gold_per_floor":[113,123,198,178,196,228,228,239,317,317,417,429,429,446,446,523,523,523,523,523,523,523],"floor_reached":22,"playtime":756,"items_purged":[],"score":335,"play_id":"de01fedf-5522-43cd-abf2-ad2e15cca99e","local_time":"20190105135546","is_ascension_mode":true,"campfire_choices":[{"floor":7,"key":"REST"},{"data":"Zap","floor":10,"key":"SMITH"},{"floor":13,"key":"REST"},{"data":"Go for the Eyes","floor":15,"key":"SMITH"}],"neow_cost":"NONE","seed_source_timestamp":17600108874900,"circlet_count":0,"master_deck":["AscendersBane","Strike_B","Strike_B","Strike_B","Strike_B","Defend_B","Defend_B","Defend_B","Defend_B","Zap+1","Dualcast","Beam Cell","Go for the Eyes+1","Cold Snap","All For One","Coolheaded","Compile Driver","Echo Form","Turbo","Doom and Gloom"],"relics":["Cracked Core","StoneCalendar","Bottled Lightning","Ectoplasm","Meat on the Bone"],"potions_floor_usage":[6,6,16,20,20],"damage_taken":[{"damage":0,"enemies":"2 Louse","floor":1,"turns":1},{"damage":1,"enemies":"Cultist","floor":2,"turns":3},{"damage":7,"enemies":"Jaw Worm","floor":5,"turns":3},{"damage":27,"enemies":"Gremlin Nob","floor":6,"turns":4},{"damage":12,"enemies":"Red Slaver","floor":8,"turns":4},{"damage":15,"enemies":"3 Louse","floor":12,"turns":3},{"damage":17,"enemies":"Exordium Wildlife","floor":14,"turns":4},{"damage":11,"enemies":"Hexaghost","floor":16,"turns":8},{"damage":2,"enemies":"Chosen","floor":18,"turns":4},{"damage":15,"enemies":"Spheric Guardian","floor":20,"turns":5},{"damage":54,"enemies":"3 Cultists","floor":22,"turns":4}],"seed_played":"-51129588896651075","potions_obtained":[{"floor":1,"key":"Weak Potion"},{"floor":2,"key":"Explosive Potion"},{"floor":4,"key":"SpeedPotion"},{"floor":8,"key":"AttackPotion"},{"floor":12,"key":"Block Potion"},{"floor":18,"key":"SkillPotion"}],"is_trial":false,"path_per_floor":["M","M","?","?","M","E","R","M","T","R","?","M","R","M","R","B",null,"M","?","M","T","M"],"character_chosen":"DEFECT","items_purchased":[],"campfire_rested":2,"item_purchase_floors":[],"current_hp_per_floor":[71,70,59,59,52,25,48,36,36,36,36,21,44,27,27,16,63,61,61,46,46,0],"gold":523,"neow_bonus":"TEN_PERCENT_HP_BONUS","is_prod":false,"is_daily":false,"chose_seed":false,"campfire_upgraded":2,"win_rate":0,"timestamp":1546725346,"path_taken":["M","M","?","?","M","E","R","?","T","R","?","?","R","M","R","BOSS","M","?","M","?","M"],"build_version":"2019-01-03v4","purchased_purges":0,"victory":false,"max_hp_per_floor":[78,78,78,78,78,78,78,78,78,78,78,78,78,78,78,78,78,78,78,78,78,78],"card_choices":[{"not_picked":["Storm","Barrage"],"picked":"Beam Cell","floor":1},{"not_picked":["Hello World","Rebound"],"picked":"Go for the Eyes","floor":2},{"not_picked":["Rebound","Streamline"],"picked":"Cold Snap","floor":5},{"not_picked":["Streamline","Fusion"],"picked":"All For One","floor":6},{"not_picked":["Melter","FTL"],"picked":"Coolheaded","floor":8},{"not_picked":["Force Field","Redo"],"picked":"Compile Driver","floor":12},{"not_picked":["Streamline","Chaos","Sweeping Beam"],"picked":"SKIP","floor":14},{"not_picked":["Rainbow","Meteor Strike"],"picked":"Echo Form","floor":16},{"not_picked":["Hello World","Leap"],"picked":"Turbo","floor":18},{"not_picked":["Barrage","Compile Driver"],"picked":"Doom and Gloom","floor":20}],"player_experience":1044263,"relics_obtained":[{"floor":6,"key":"StoneCalendar"},{"floor":9,"key":"Bottled Lightning"},{"floor":21,"key":"Meat on the Bone"}],"event_choices":[{"damage_healed":0,"gold_gain":75,"player_choice":"Gather Gold","damage_taken":11,"max_hp_gain":0,"max_hp_loss":0,"event_name":"World of Goop","floor":3,"gold_loss":0},{"damage_healed":0,"gold_gain":0,"player_choice":"Bought 1 Potion","damage_taken":0,"max_hp_gain":0,"max_hp_loss":0,"event_name":"The Woman in Blue","floor":4,"gold_loss":0},{"damage_healed":0,"gold_gain":100,"player_choice":"Gold","damage_taken":0,"max_hp_gain":0,"max_hp_loss":0,"event_name":"Wheel of Change","floor":11,"gold_loss":0},{"damage_healed":0,"gold_gain":50,"player_choice":"Stole From Cult","damage_taken":0,"max_hp_gain":0,"max_hp_loss":0,"event_name":"Nest","floor":19,"gold_loss":0}],"is_beta":false,"boss_relics":[{"not_picked":["FrozenCore","Cursed Key"],"picked":"Ectoplasm"}],"items_purged_floors":[],"is_endless":false,"potions_floor_spawned":[1,2,8,12,18],"killed_by":"3 Cultists","ascension_level":16}