{"gold_per_floor":[116,131,131,145,145,178,178,216,216,231,252,295,42,42,42,166,166,156,156,180,205,259,259,298,298,298,48,89,89,108,108,108,232,232,250,273,606,49,69,69,81,81,81,96,96,96,110,141,141,141,141,141,43,73,73],"floor_reached":56,"playtime":81511,"items_purged":["Strike_R","Pain","Strike_R"],"score":1240,"play_id":"e7b3ebd0-0857-488e-b31a-79460cce5ab8","local_time":"20181202153408","is_ascension_mode":false,"campfire_choices":[{"floor":7.0,"key":"REST"},{"data":"Disarm","floor":15.0,"key":"SMITH"},{"data":"Combust","floor":23.0,"key":"SMITH"},{"data":"Armaments","floor":29.0,"key":"SMITH"},{"floor":32.0,"key":"REST"},{"data":"Demon Form","floor":40.0,"key":"SMITH"},{"data":"Panacea","floor":42.0,"key":"SMITH"},{"floor":46.0,"key":"RECALL"},{"data":"Blind","floor":49.0,"key":"SMITH"},{"data":"Battle Trance","floor":52.0,"key":"SMITH"}],"neow_cost":"TEN_PERCENT_HP_LOSS","seed_source_timestamp":434777887205,"circlet_count":0,"master_deck":["Strike_R","Defend_R","Defend_R","Defend_R","Defend_R","Bash","Cleave","Thunderclap","Shrug It Off","Demon Form+1","Battle Trance+1","Disarm+1","Shrug It Off","Exhume","Combust+1","Heavy Blade","Infernal Blade+1","Reaper","Armaments+1","Offering","Impervious","Armaments+1","Panacea+1","Blind+1","Master of Strategy","Master of Strategy","Shrug It Off","Evolve","Impervious"],"special_seed":0,"relics":["Burning Blood","Juzu Bracelet","Mercury Hourglass","Blood Vial","Torii","PreservedInsect","WarpedTongs","Runic Cube","Centennial Puzzle","Strawberry","Art of War","Pen Nib","Regal Pillow","Cursed Key","Ancient Tea Set","ClockworkSouvenir","Shuriken","Bronze Scales"],"potions_floor_usage":[55,55],"damage_taken":[{"damage":3.0,"enemies":"Small Slimes","floor":1.0,"turns":3.0},{"damage":0.0,"enemies":"2 Louse","floor":2.0,"turns":2.0},{"damage":1.0,"enemies":"Cultist","floor":4.0,"turns":3.0},{"damage":38.0,"enemies":"3 Sentries","floor":6.0,"turns":7.0},{"damage":24.0,"enemies":"Lagavulin","floor":8.0,"turns":8.0},{"damage":0.0,"enemies":"Red Slaver","floor":10.0,"turns":4.0},{"damage":2.0,"enemies":"Blue Slaver","floor":11.0,"turns":4.0},{"damage":8.0,"enemies":"3 Sentries","floor":12.0,"turns":5.0},{"damage":33.0,"enemies":"The Guardian","floor":16.0,"turns":11.0},{"damage":22.0,"enemies":"2 Thieves","floor":18.0,"turns":4.0},{"damage":7.0,"enemies":"Shell Parasite","floor":20.0,"turns":11.0},{"damage":2.0,"enemies":"Snake Plant","floor":21.0,"turns":8.0},{"damage":32.0,"enemies":"Slavers","floor":24.0,"turns":4.0},{"damage":7.0,"enemies":"Gremlin Leader","floor":28.0,"turns":6.0},{"damage":21.0,"enemies":"3 Cultists","floor":30.0,"turns":4.0},{"damage":41.0,"enemies":"Champ","floor":33.0,"turns":10.0},{"damage":20.0,"enemies":"3 Darklings","floor":35.0,"turns":7.0},{"damage":11.0,"enemies":"Orb Walker","floor":36.0,"turns":4.0},{"damage":37.0,"enemies":"3 Darklings","floor":39.0,"turns":8.0},{"damage":6.0,"enemies":"Spire Growth","floor":41.0,"turns":4.0},{"damage":7.0,"enemies":"Maw","floor":44.0,"turns":8.0},{"damage":6.0,"enemies":"Sphere and 2 Shapes","floor":47.0,"turns":6.0},{"damage":35.0,"enemies":"Reptomancer","floor":48.0,"turns":9.0},{"damage":36.0,"enemies":"Donu and Deca","floor":50.0,"turns":8.0},{"damage":26.0,"enemies":"Shield and Spear","floor":54.0,"turns":7.0},{"damage":72,"enemies":"The Heart","floor":55,"turns":11}],"seed_played":"-5385966326272100200","potions_obtained":[{"floor":6.0,"key":"SkillPotion"},{"floor":8.0,"key":"Ancient Potion"},{"floor":10.0,"key":"Weak Potion"},{"floor":18.0,"key":"EssenceOfSteel"},{"floor":30.0,"key":"Regen Potion"},{"floor":35.0,"key":"Swift Potion"},{"floor":54.0,"key":"BloodPotion"}],"is_trial":false,"path_per_floor":["M","M","?","M","?","E","R","E","T","M","M","E","$","?","R","B",null,"M","?","M","M","T","R","E","?","T","$","E","R","M","$","R","B",null,"M","M","?","$","M","R","M","R","T","M","?","R","M","E","R","B",null,"R","$","E","B",null],"character_chosen":"IRONCLAD","items_purchased":["PreservedInsect","Shrug It Off","Pen Nib","Ancient Tea Set","ClockworkSouvenir","Panacea","Shrug It Off","Evolve"],"campfire_rested":2,"item_purchase_floors":[13,13,27,38,38,38,53,53],"current_hp_per_floor":[72,72,72,72,54,22,43,25,25,33,39,39,39,39,39,14,72,56,56,57,63,70,70,46,46,46,46,47,47,46,46,79,44,79,79,79,79,79,79,79,79,79,79,78,68,68,79,79,79,79,79,79,79,79,59],"gold":73,"neow_bonus":"REMOVE_TWO","is_prod":false,"is_daily":false,"chose_seed":false,"campfire_upgraded":7,"win_rate":0,"timestamp":1543782848,"path_taken":["M","M","?","M","?","E","R","E","T","M","M","E","$","?","R","BOSS","M","?","M","M","?","R","E","?","T","$","E","R","M","$","R","BOSS","M","M","?","$","M","R","M","R","T","M","?","R","M","E","R","BOSS","R","$","E","BOSS"],"build_version":"2018-11-15","purchased_purges":3,"victory":true,"max_hp_per_floor":[72,72,72,72,72,72,72,72,72,72,72,72,72,72,72,72,72,72,72,72,72,79,79,79,79,79,79,79,79,79,79,79,79,79,79,79,79,79,79,79,79,79,79,79,79,79,79,79,79,79,79,79,79,79,79],"card_choices":[{"not_picked":["Clash","Perfected Strike"],"picked":"Cleave","floor":1.0},{"not_picked":["Cleave","Flex"],"picked":"Thunderclap","floor":2.0},{"not_picked":["Clothesline","Havoc"],"picked":"Shrug It Off","floor":4.0},{"not_picked":["Flex","Headbutt"],"picked":"Demon Form","floor":6.0},{"not_picked":["Searing Blow","Seeing Red"],"picked":"Battle Trance","floor":8.0},{"not_picked":["Clash","Metallicize","Twin Strike"],"picked":"SKIP","floor":10.0},{"not_picked":["Warcry","Juggernaut","Twin Strike"],"picked":"SKIP","floor":11.0},{"not_picked":["True Grit","Blood for Blood"],"picked":"Disarm","floor":12.0},{"not_picked":["Bludgeon","Dark Embrace"],"picked":"Exhume","floor":16.0},{"not_picked":["Shrug It Off","Warcry"],"picked":"Combust","floor":18.0},{"not_picked":["Clothesline","Wild Strike+1"],"picked":"Heavy Blade","floor":20.0},{"not_picked":["Havoc","Twin Strike","Thunderclap"],"picked":"SKIP","floor":21.0},{"not_picked":["Uppercut","Whirlwind"],"picked":"Infernal Blade+1","floor":24.0},{"not_picked":["Warcry","Pommel Strike"],"picked":"Armaments","floor":28.0},{"not_picked":["Clothesline","Wild Strike"],"picked":"Offering","floor":30.0},{"not_picked":["Double Tap","Immolate"],"picked":"Impervious","floor":33.0},{"not_picked":["Bloodletting+1","Clash+1","Rage"],"picked":"SKIP","floor":35.0},{"not_picked":["Clothesline+1","Body Slam"],"picked":"Armaments+1","floor":36.0},{"not_picked":["Blood for Blood","Sever Soul+1","Fire Breathing+1"],"picked":"SKIP","floor":39.0},{"not_picked":["Inflame+1","Metallicize+1","Havoc+1"],"picked":"SKIP","floor":41.0},{"not_picked":["Iron Wave","Flex","Ghostly Armor"],"picked":"SKIP","floor":44.0},{"not_picked":["Trip","Impatience"],"picked":"Blind","floor":45.0},{"not_picked":["Flash of Steel","HandOfGreed"],"picked":"Master of Strategy","floor":45.0},{"not_picked":["Discovery","The Bomb"],"picked":"Master of Strategy","floor":45.0},{"not_picked":["Headbutt+1","Clash+1","Warcry"],"picked":"SKIP","floor":47.0},{"not_picked":["Pommel Strike","Heavy Blade+1","Havoc"],"picked":"SKIP","floor":48.0},{"not_picked":["Entrench+1","True Grit"],"picked":"Impervious","floor":54.0}],"player_experience":3446661,"relics_obtained":[{"floor":6.0,"key":"Juzu Bracelet"},{"floor":8.0,"key":"Mercury Hourglass"},{"floor":9.0,"key":"Blood Vial"},{"floor":12.0,"key":"Torii"},{"floor":19.0,"key":"Centennial Puzzle"},{"floor":22.0,"key":"Strawberry"},{"floor":24.0,"key":"Art of War"},{"floor":28.0,"key":"Regal Pillow"},{"floor":48.0,"key":"Shuriken"},{"floor":54.0,"key":"Bronze Scales"}],"event_choices":[{"damage_healed":0.0,"max_hp_gain":0.0,"max_hp_loss":0.0,"gold_gain":0.0,"event_name":"Liars Game","player_choice":"Ignored","floor":3.0,"gold_loss":0.0,"damage_taken":0.0},{"damage_healed":0.0,"max_hp_gain":0.0,"max_hp_loss":0.0,"gold_gain":0.0,"event_name":"Golden Idol","player_choice":"Take Damage","floor":5.0,"gold_loss":0.0,"damage_taken":18.0,"relics_obtained":["Golden Idol"]},{"damage_healed":0.0,"max_hp_gain":0.0,"max_hp_loss":0.0,"gold_gain":0.0,"event_name":"Accursed Blacksmith","player_choice":"Rummage","floor":14.0,"gold_loss":0.0,"damage_taken":0.0,"relics_obtained":["WarpedTongs"],"cards_obtained":["Pain"]},{"damage_healed":0.0,"max_hp_gain":0.0,"max_hp_loss":0.0,"gold_gain":0.0,"event_name":"Wheel of Change","player_choice":"Relic","floor":19.0,"gold_loss":0.0,"damage_taken":0.0},{"damage_healed":0.0,"max_hp_gain":0.0,"max_hp_loss":0.0,"gold_gain":0.0,"event_name":"The Library","player_choice":"Read","floor":25.0,"gold_loss":0.0,"damage_taken":0.0,"cards_obtained":["Reaper"]},{"damage_healed":0.0,"max_hp_gain":0.0,"max_hp_loss":0.0,"gold_gain":333.0,"event_name":"The Moai Head","player_choice":"Gave Idol","floor":37.0,"relics_lost":["Golden Idol"],"gold_loss":0.0,"damage_taken":0.0},{"damage_healed":0.0,"max_hp_gain":0.0,"max_hp_loss":0.0,"gold_gain":0.0,"event_name":"SensoryStone","player_choice":"Memory 3","floor":45.0,"gold_loss":0.0,"damage_taken":10.0}],"is_beta":false,"boss_relics":[{"not_picked":["Tiny House","Calling Bell"],"picked":"Runic Cube"},{"not_picked":["Astrolabe","Sozu"],"picked":"Cursed Key"}],"items_purged_floors":[13,27,38],"is_endless":false,"potions_floor_spawned":[6,8,10,11,18,30,33,35,39,54],"ascension_level":0}