{"gold_per_floor":[114,37,56,67,67,67,79,90,90,90,104,129,129,160,160,264,264,284,284,303,314,325,325,128,155,182,105,121,121,121,156,156,257,257,275,125,125,137,147,147,158,158,158,178,198,5,20,68,68,68],"floor_reached":51,"playtime":2291,"items_purged":["Strike_B","Writhe"],"score":801,"play_id":"2525607c-988b-420a-b9bc-466a49e5f659","local_time":"20190104204040","is_ascension_mode":false,"campfire_choices":[{"data":"Dualcast","floor":6.0,"key":"SMITH"},{"data":"Defragment","floor":10.0,"key":"SMITH"},{"data":"Zap","floor":13.0,"key":"SMITH"},{"data":"Ball Lightning","floor":15.0,"key":"SMITH"},{"data":"Rainbow","floor":23,"key":"SMITH"},{"floor":30,"key":"REST"},{"floor":32,"key":"REST"},{"floor":49,"key":"REST"}],"neow_cost":"NONE","seed_source_timestamp":952268808663540,"circlet_count":0,"master_deck":["Strike_B","Strike_B+1","Defend_B","Defend_B","Defend_B","Zap+1","Dualcast+1","Auto Shields","Glacier","Cold Snap","Defragment+1","Seek","Ball Lightning+1","Rainbow+1","Leap+1","Apotheosis","Sunder+1","BootSequence","Ball Lightning","Creative AI+1","Blizzard+1","Defragment+1","Capacitor+1","Chaos+1","Defragment+1"],"special_seed":0,"relics":["Cracked Core","Pen Nib","FaceOfCleric","Dodecahedron","Incense Burner","Frozen Egg 2","Empty Cage","Potion Belt","Juzu Bracelet","Gremlin Horn","Sozu","Smiling Mask","Strawberry","Whetstone"],"potions_floor_usage":[21,25,50,50],"damage_taken":[{"damage":0.0,"enemies":"Cultist","floor":1.0,"turns":4.0},{"damage":5.0,"enemies":"Small Slimes","floor":3.0,"turns":3.0},{"damage":0.0,"enemies":"2 Louse","floor":4.0,"turns":2.0},{"damage":0.0,"enemies":"Large Slime","floor":7.0,"turns":6.0},{"damage":3.0,"enemies":"Lots of Slimes","floor":8.0,"turns":6.0},{"damage":0.0,"enemies":"Looter","floor":11.0,"turns":4.0},{"damage":0.0,"enemies":"Lagavulin","floor":12.0,"turns":9.0},{"damage":0.0,"enemies":"3 Sentries","floor":14.0,"turns":8.0},{"damage":6.0,"enemies":"Slime Boss","floor":16.0,"turns":9.0},{"damage":22,"enemies":"3 Byrds","floor":18,"turns":4},{"damage":3,"enemies":"Shell Parasite","floor":20,"turns":4},{"damage":6,"enemies":"Snake Plant","floor":21,"turns":4},{"damage":0,"enemies":"3 Cultists","floor":22,"turns":7},{"damage":24,"enemies":"Gremlin Leader","floor":25,"turns":7},{"damage":6,"enemies":"Sentry and Sphere","floor":28,"turns":4},{"damage":0,"enemies":"Colosseum Slavers","floor":29,"turns":5},{"damage":8,"enemies":"Book of Stabbing","floor":31,"turns":7},{"damage":42,"enemies":"Automaton","floor":33,"turns":14},{"damage":2,"enemies":"3 Darklings","floor":35,"turns":8},{"damage":0,"enemies":"3 Shapes","floor":38,"turns":5},{"damage":35,"enemies":"Transient","floor":39,"turns":5},{"damage":21,"enemies":"3 Darklings","floor":41,"turns":6},{"damage":29,"enemies":"Sphere and 2 Shapes","floor":44,"turns":4},{"damage":16,"enemies":"Maw","floor":45,"turns":7},{"damage":1,"enemies":"4 Shapes","floor":47,"turns":6},{"damage":35,"enemies":"Donu and Deca","floor":50,"turns":13}],"seed_played":"3043256482163926268","potions_obtained":[{"floor":4.0,"key":"SteroidPotion"},{"floor":8.0,"key":"AttackPotion"},{"floor":11.0,"key":"Block Potion"},{"floor":25,"key":"FairyPotion"},{"floor":28,"key":"PowerPotion"},{"floor":33,"key":"Dexterity Potion"}],"is_trial":false,"path_per_floor":["M","$","M","M","?","R","M","M","T","R","M","E","R","E","R","B",null,"M","?","M","M","M","R","$","E","T","$","M","?","R","E","R","B",null,"M","$","?","M","M","?","M","?","T","M","M","$","M","T","R","B",null],"character_chosen":"DEFECT","items_purchased":["Auto Shields","Apotheosis","BootSequence","Defragment+1","Strawberry"],"campfire_rested":3,"item_purchase_floors":[2,24,27,36,46],"current_hp_per_floor":[75,75,70,70,70,70,71,69,69,69,70,71,71,72,72,67,81,60,60,58,53,54,54,54,31,31,31,26,27,53,46,72,31,90,89,89,89,90,56,79,59,59,59,31,16,23,23,23,54,20],"gold":68,"neow_bonus":"RANDOM_COMMON_RELIC","is_prod":false,"is_daily":false,"chose_seed":false,"campfire_upgraded":5,"win_rate":0,"timestamp":1546634440,"path_taken":["M","$","M","M","?","R","M","?","T","R","M","E","R","E","R","BOSS","M","?","M","M","M","R","$","E","T","$","M","?","R","E","R","BOSS","M","$","?","M","M","?","M","?","T","M","M","$","M","?","R","BOSS"],"build_version":"2019-01-03v3","purchased_purges":2,"victory":true,"max_hp_per_floor":[75,75,75,75,75,75,76,77,77,77,78,79,79,80,80,81,81,82,82,83,84,85,85,85,86,86,86,87,88,88,89,89,90,90,91,91,91,92,93,93,94,94,94,95,96,103,104,104,104,105],"card_choices":[{"not_picked":["Beam Cell","Rebound","Leap"],"picked":"SKIP","floor":1.0},{"not_picked":["Conserve Battery","Leap"],"picked":"Glacier","floor":3.0},{"not_picked":["Chaos","Stack"],"picked":"Cold Snap","floor":4.0},{"not_picked":["Cold Snap","Coolheaded"],"picked":"Defragment","floor":7.0},{"not_picked":["Beam Cell","Go for the Eyes","Hyperbeam"],"picked":"SKIP","floor":8.0},{"not_picked":["Beam Cell","Consume","Leap"],"picked":"SKIP","floor":11.0},{"not_picked":["Redo","Go for the Eyes"],"picked":"Seek","floor":12.0},{"not_picked":["Loop","Barrage"],"picked":"Ball Lightning","floor":14.0},{"not_picked":["Creative AI+1","Core Surge"],"picked":"Rainbow","floor":16.0},{"not_picked":["Barrage","Go for the Eyes","Hologram"],"picked":"SKIP","floor":18},{"not_picked":["Melter","Cold Snap","Steam Power"],"picked":"SKIP","floor":20},{"not_picked":["BootSequence","Steam"],"picked":"Leap+1","floor":21},{"not_picked":["Beam Cell","FTL","Doom and Gloom"],"picked":"SKIP","floor":22},{"not_picked":["Sweeping Beam","Lockon"],"picked":"Sunder+1","floor":25},{"not_picked":["Force Field","Redo"],"picked":"Ball Lightning","floor":28},{"not_picked":["Barrage","Cold Snap","Hello World+1"],"picked":"SKIP","floor":31},{"not_picked":["Thunder Strike","All For One"],"picked":"Creative AI+1","floor":33},{"not_picked":["Go for the Eyes","Leap"],"picked":"Blizzard","floor":35},{"not_picked":["Steam Power","Sweeping Beam+1"],"picked":"Capacitor+1","floor":38},{"not_picked":["Turbo","Cold Snap+1"],"picked":"Chaos+1","floor":39},{"not_picked":["Consume+1","Cold Snap+1","Leap"],"picked":"SKIP","floor":41},{"not_picked":["Sweeping Beam+1","Ball Lightning"],"picked":"Defragment+1","floor":44},{"not_picked":["Heatsinks+1","Leap+1","Gash+1"],"picked":"SKIP","floor":45},{"not_picked":["Sweeping Beam+1","Turbo+1","Auto Shields+1"],"picked":"SKIP","floor":47}],"player_experience":941917,"relics_obtained":[{"floor":9.0,"key":"Dodecahedron"},{"floor":12.0,"key":"Incense Burner"},{"floor":14.0,"key":"Frozen Egg 2"},{"floor":25,"key":"Potion Belt"},{"floor":26,"key":"Juzu Bracelet"},{"floor":31,"key":"Gremlin Horn"},{"floor":43,"key":"Smiling Mask"},{"floor":48,"key":"Whetstone"}],"event_choices":[{"damage_healed":0.0,"max_hp_gain":0.0,"max_hp_loss":0.0,"gold_gain":0.0,"event_name":"FaceTrader","player_choice":"Trade","floor":5.0,"gold_loss":0.0,"damage_taken":0.0,"relics_obtained":["FaceOfCleric"]},{"damage_healed":0,"gold_gain":0,"player_choice":"Ignored","damage_taken":0,"max_hp_gain":0,"max_hp_loss":0,"event_name":"Cursed Tome","floor":19,"gold_loss":0},{"damage_healed":0,"gold_gain":0,"player_choice":"Fight","damage_taken":0,"max_hp_gain":0,"max_hp_loss":0,"event_name":"Colosseum","floor":29,"gold_loss":0},{"damage_healed":0,"gold_gain":0,"player_choice":"Fled From Nobs","damage_taken":0,"max_hp_gain":0,"max_hp_loss":0,"event_name":"Colosseum","floor":29,"gold_loss":0},{"damage_healed":0,"gold_gain":0,"player_choice":"Got Potions","damage_taken":0,"max_hp_gain":0,"max_hp_loss":0,"event_name":"Lab","floor":37,"gold_loss":0},{"damage_healed":23,"gold_gain":0,"player_choice":"Writhe","damage_taken":0,"max_hp_gain":0,"max_hp_loss":0,"event_name":"Winding Halls","floor":40,"gold_loss":0,"cards_obtained":["Writhe"]},{"damage_healed":0,"gold_gain":0,"player_choice":"Ignored","damage_taken":0,"max_hp_gain":0,"max_hp_loss":0,"event_name":"Mysterious Sphere","floor":42,"gold_loss":0}],"is_beta":false,"boss_relics":[{"not_picked":["Coffee Dripper","Orrery"],"picked":"Empty Cage"},{"not_picked":["FrozenCore","Philosopher\u0027s Stone"],"picked":"Sozu"}],"items_purged_floors":[36,46],"is_endless":false,"potions_floor_spawned":[4,8,11,14,18,25,28,29,33,41,44,45],"ascension_level":0}