{"gold_per_floor":[119,194,214,21,21,21,46,46,46,62,62,79,95,105,105,206,206,221,235,89,101,113,113,140,140,140,140,158,168,68,88,88,187,187,201,201,201,31,48,48,76,76,76,86,86,114,81,107,107,107,107,107,31,63,63],"floor_reached":55,"playtime":2065,"items_purged":["Strike_B","Strike_B","Strike_B"],"score":841,"play_id":"8828e00d-e334-4394-a2d4-e04a897db639","local_time":"20190206232349","is_ascension_mode":true,"campfire_choices":[{"data":"Zap","floor":6.0,"key":"SMITH"},{"data":"Electrodynamics","floor":8.0,"key":"SMITH"},{"data":"Dualcast","floor":11.0,"key":"SMITH"},{"data":"Conserve Battery","floor":15.0,"key":"SMITH"},{"data":"Self Repair","floor":23.0,"key":"SMITH"},{"data":"Biased Cognition","floor":25.0,"key":"SMITH"},{"data":"Lockon","floor":32.0,"key":"SMITH"},{"floor":40.0,"key":"RECALL"},{"data":"Hologram","floor":45.0,"key":"SMITH"},{"data":"Loop","floor":49,"key":"SMITH"},{"data":"Multi-Cast","floor":52,"key":"SMITH"}],"neow_cost":"NONE","seed_source_timestamp":882363222284632,"circlet_count":0,"master_deck":["Defend_B+1","Defend_B","Defend_B","Defend_B","Zap+1","Dualcast+1","Leap","Ball Lightning","Steam+1","Electrodynamics+1","Auto Shields","Conserve Battery+1","Biased Cognition+1","Self Repair+1","Lockon+1","Redo","Multi-Cast+1","Hologram+1","Ball Lightning","Leap+1","Loop+1","Biased Cognition"],"special_seed":0,"relics":["Cracked Core","Sling","Bag of Preparation","Singing Bowl","Busted Crown","Omamori","Thread and Needle","Mummified Hand","Sozu","War Paint","Letter Opener","Lantern","Ancient Tea Set","Ice Cream"],"potions_floor_usage":[46,50,55],"damage_taken":[{"damage":0.0,"enemies":"Small Slimes","floor":1.0,"turns":3.0},{"damage":0.0,"enemies":"2 Louse","floor":3.0,"turns":3.0},{"damage":4.0,"enemies":"3 Sentries","floor":7.0,"turns":6.0},{"damage":0.0,"enemies":"Jaw Worm","floor":10.0,"turns":2.0},{"damage":1.0,"enemies":"Exordium Wildlife","floor":12.0,"turns":3.0},{"damage":2.0,"enemies":"Red Slaver","floor":13.0,"turns":2.0},{"damage":7.0,"enemies":"Exordium Thugs","floor":14.0,"turns":2.0},{"damage":19.0,"enemies":"Hexaghost","floor":16.0,"turns":11.0},{"damage":0.0,"enemies":"Chosen","floor":18.0,"turns":3.0},{"damage":0.0,"enemies":"Spheric Guardian","floor":19.0,"turns":3.0},{"damage":12.0,"enemies":"Shelled Parasite and Fungi","floor":21.0,"turns":4.0},{"damage":1.0,"enemies":"Chosen and Byrds","floor":22.0,"turns":3.0},{"damage":0.0,"enemies":"Gremlin Leader","floor":24.0,"turns":7.0},{"damage":0.0,"enemies":"3 Cultists","floor":28.0,"turns":1.0},{"damage":2.0,"enemies":"Snake Plant","floor":29.0,"turns":3.0},{"damage":0.0,"enemies":"Centurion and Healer","floor":31.0,"turns":3.0},{"damage":48.0,"enemies":"Automaton","floor":33.0,"turns":9.0},{"damage":0.0,"enemies":"3 Shapes","floor":35.0,"turns":3.0},{"damage":0.0,"enemies":"3 Darklings","floor":39.0,"turns":2.0},{"damage":12.0,"enemies":"Reptomancer","floor":41.0,"turns":4.0},{"damage":16.0,"enemies":"Maw","floor":44.0,"turns":6.0},{"damage":25,"enemies":"Giant Head","floor":46,"turns":7},{"damage":0,"enemies":"Reptomancer","floor":48,"turns":4},{"damage":15,"enemies":"Donu and Deca","floor":50,"turns":6},{"damage":54,"enemies":"Shield and Spear","floor":54,"turns":4},{"damage":88,"enemies":"The Heart","floor":55,"turns":3}],"seed_played":"3329536840473519660","potions_obtained":[{"floor":3.0,"key":"SkillPotion"},{"floor":7.0,"key":"GamblersBrew"},{"floor":12.0,"key":"GamblersBrew"},{"floor":14.0,"key":"Ancient Potion"},{"floor":24.0,"key":"Poison Potion"},{"floor":28.0,"key":"PowerPotion"}],"is_trial":false,"path_per_floor":["M","?","M","$","?","R","E","R","T","M","R","M","M","M","R","B",null,"M","M","$","M","M","R","E","R","T","?","M","M","$","M","R","B",null,"M","?","T","$","M","R","E","$","T","M","R","E","$","E","R","B",null,"R","$","E","B"],"character_chosen":"DEFECT","items_purchased":["Sling","Self Repair","Ball Lightning","Loop","Biased Cognition"],"campfire_rested":0,"item_purchase_floors":[4,20,38,47,53],"current_hp_per_floor":[75,64,64,64,57,57,53,53,53,53,53,52,52,47,47,28,79,81,83,83,80,87,87,87,87,87,87,87,89,89,91,91,53,91,91,91,91,91,93,93,93,93,93,89,89,74,74,86,86,81,99,99,99,57,0],"gold":63,"neow_bonus":"THREE_CARDS","is_prod":false,"is_daily":false,"chose_seed":false,"campfire_upgraded":10,"win_rate":0,"timestamp":1549491829,"path_taken":["M","?","M","$","?","R","E","R","T","M","R","M","M","M","R","BOSS","M","M","$","M","M","R","E","R","T","?","M","M","$","M","R","BOSS","M","?","?","$","M","R","E","?","T","M","R","E","$","E","R","BOSS","R","$","E","BOSS"],"build_version":"2019-01-23","purchased_purges":3,"victory":false,"max_hp_per_floor":[75,75,75,75,75,75,75,75,75,75,75,75,77,79,79,79,79,81,83,83,85,87,87,87,87,87,87,87,89,89,91,91,91,91,91,91,91,91,93,93,95,95,95,97,97,97,97,99,99,99,99,99,99,101,101],"card_choices":[{"not_picked":["Reprogram","Doom and Gloom"],"picked":"Leap","floor":0.0},{"not_picked":["Redo","Turbo"],"picked":"Ball Lightning","floor":1.0},{"not_picked":["Compile Driver","Storm"],"picked":"Steam","floor":3.0},{"not_picked":["White Noise","Steam Power"],"picked":"Electrodynamics","floor":7.0},{"not_picked":["Cold Snap","Compile Driver"],"picked":"Auto Shields","floor":10.0},{"not_picked":["Steam","Coolheaded"],"picked":"Conserve Battery","floor":12.0},{"not_picked":["Barrage","Compile Driver","Go for the Eyes"],"picked":"Singing Bowl","floor":13.0},{"not_picked":["Darkness","Fission","Glacier"],"picked":"Singing Bowl","floor":14.0},{"not_picked":["Meteor Strike","All For One"],"picked":"Biased Cognition","floor":16.0},{"not_picked":["Heatsinks"],"picked":"Singing Bowl","floor":18.0},{"not_picked":["Cold Snap"],"picked":"Singing Bowl","floor":19.0},{"not_picked":["Leap"],"picked":"Singing Bowl","floor":21.0},{"not_picked":["Streamline"],"picked":"Singing Bowl","floor":22.0},{"not_picked":[],"picked":"Lockon","floor":24.0},{"not_picked":[],"picked":"Redo","floor":28.0},{"not_picked":["Go for the Eyes"],"picked":"Singing Bowl","floor":29.0},{"not_picked":["Steam"],"picked":"Singing Bowl","floor":31.0},{"not_picked":[],"picked":"Multi-Cast","floor":33.0},{"not_picked":[],"picked":"Hologram","floor":35.0},{"not_picked":["Melter+1"],"picked":"Singing Bowl","floor":39.0},{"not_picked":["Redo+1"],"picked":"Singing Bowl","floor":41.0},{"not_picked":["Hologram"],"picked":"Singing Bowl","floor":44.0},{"not_picked":[],"picked":"Leap+1","floor":46},{"not_picked":["Rip and Tear"],"picked":"Singing Bowl","floor":48},{"not_picked":["Consume"],"picked":"Singing Bowl","floor":54}],"player_experience":34198,"relics_obtained":[{"floor":7.0,"key":"Bag of Preparation"},{"floor":9.0,"key":"Singing Bowl"},{"floor":24.0,"key":"Omamori"},{"floor":26.0,"key":"Thread and Needle"},{"floor":41.0,"key":"War Paint"},{"floor":43.0,"key":"Letter Opener"},{"floor":46,"key":"Lantern"},{"floor":48,"key":"Ancient Tea Set"},{"floor":54,"key":"Ice Cream"}],"event_choices":[{"damage_healed":0.0,"max_hp_gain":0.0,"max_hp_loss":0.0,"gold_gain":75.0,"event_name":"World of Goop","player_choice":"Gather Gold","floor":2.0,"gold_loss":0.0,"damage_taken":11.0},{"cards_removed":["Strike_B"],"damage_healed":0.0,"max_hp_gain":0.0,"max_hp_loss":0.0,"gold_gain":0.0,"event_name":"Golden Wing","player_choice":"Card Removal","floor":5.0,"gold_loss":0.0,"damage_taken":7.0},{"damage_healed":0.0,"max_hp_gain":0.0,"max_hp_loss":0.0,"gold_gain":0.0,"event_name":"The Mausoleum","player_choice":"Opened","floor":27.0,"gold_loss":0.0,"damage_taken":0.0,"relics_obtained":["Mummified Hand"]},{"damage_healed":0.0,"max_hp_gain":0.0,"max_hp_loss":0.0,"gold_gain":0.0,"event_name":"Tomb of Lord Red Mask","player_choice":"Ignored","floor":36.0,"gold_loss":0.0,"damage_taken":0.0}],"is_beta":false,"boss_relics":[{"not_picked":["Runic Dome","Runic Pyramid"],"picked":"Busted Crown"},{"not_picked":["Empty Cage","Orrery"],"picked":"Sozu"}],"items_purged_floors":[20,30,38],"is_endless":false,"potions_floor_spawned":[3,7,12,14,24,28,29,33,41,44],"killed_by":"The Heart","ascension_level":1}