{"gold_per_floor":[119,119,44,62,17,17,48,48,48,48,79,93,110,123,123,222,222,242,253,253,253,268,268,300,300,324,239,249,249,249,262,262,366,366,384,401,49,49,49,49,68,79,79,89,40,54,54,72,72,72],"floor_reached":51,"playtime":4956,"items_purged":["Normality"],"score":1119,"play_id":"2b093fd1-1955-4fde-b489-d3390c66c852","local_time":"20180722173811","is_ascension_mode":true,"campfire_choices":[{"data":"Creative AI","floor":6,"key":"SMITH"},{"floor":8,"key":"REST"},{"floor":10,"key":"REST"},{"floor":15,"key":"REST"},{"floor":23,"key":"REST"},{"floor":25,"key":"REST"},{"floor":29,"key":"REST"},{"floor":32,"key":"REST"},{"floor":40,"key":"REST"},{"data":"Apotheosis","floor":47,"key":"SMITH"},{"data":"Amplify","floor":49,"key":"SMITH"}],"neow_cost":"TEN_PERCENT_HP_LOSS","seed_source_timestamp":8865442841711,"circlet_count":0,"master_deck":["Zap","Dualcast","Creative AI+1","Hologram","Blizzard","Auto Shields","Cold Snap","Stack","Conserve Battery","Redo","Buffer","Conserve Battery","Conserve Battery","Rebound","Stack","Reprogram","Barrage","Steam Power","Rip and Tear+1","Cold Snap","Beam Cell+1","Self Repair","Coolheaded","Leap+1","Echo Form","Coolheaded+1","Apotheosis+1","Amplify+1","Go for the Eyes","Defragment+1","Buffer","Leap","Glacier+1"],"relics":["FrozenCore","Calipers","Mummified Hand","Turnip","Bag of Marbles","Pandora\u0027s Box","Enchiridion","Ancient Tea Set","Centennial Puzzle","Vajra","Du-Vu Doll","Oddly Smooth Stone","Blue Candle"],"potions_floor_usage":[11,11,16,24,33,33,38,50,50,50],"damage_taken":[{"damage":1,"enemies":"2 Louse","floor":1,"turns":2},{"damage":6,"enemies":"Cultist","floor":4,"turns":4},{"damage":46,"enemies":"3 Sentries","floor":7,"turns":7},{"damage":31,"enemies":"Gremlin Nob","floor":11,"turns":4},{"damage":0,"enemies":"Small Slimes","floor":12,"turns":3},{"damage":0,"enemies":"3 Louse","floor":13,"turns":4},{"damage":2,"enemies":"Red Slaver","floor":14,"turns":5},{"damage":22,"enemies":"The Guardian","floor":16,"turns":14},{"damage":6,"enemies":"Spheric Guardian","floor":18,"turns":6},{"damage":5,"enemies":"Chosen","floor":19,"turns":7},{"damage":28,"enemies":"Slaver and Parasite","floor":22,"turns":5},{"damage":14,"enemies":"Book of Stabbing","floor":24,"turns":5},{"damage":22,"enemies":"Cultist and Chosen","floor":28,"turns":7},{"damage":3,"enemies":"Snake Plant","floor":31,"turns":4},{"damage":38,"enemies":"Automaton","floor":33,"turns":12},{"damage":20,"enemies":"3 Shapes","floor":35,"turns":3},{"damage":21,"enemies":"Flame Bruiser 1 Orb","floor":36,"turns":9},{"damage":3,"floor":38,"turns":7},{"damage":0,"enemies":"Maw","floor":41,"turns":8},{"damage":6,"enemies":"Spire Growth","floor":42,"turns":4},{"damage":4,"enemies":"Sphere and 2 Shapes","floor":44,"turns":6},{"damage":10,"enemies":"4 Shapes","floor":46,"turns":6},{"damage":0,"enemies":"Spire Growth","floor":48,"turns":5},{"damage":45,"enemies":"Time Eater","floor":50,"turns":14}],"seed_played":"5998515729162217518","potions_obtained":[{"floor":4,"key":"SteroidPotion"},{"floor":7,"key":"FocusPotion"},{"floor":13,"key":"FearPotion"},{"floor":14,"key":"FocusPotion"},{"floor":22,"key":"AttackPotion"},{"floor":24,"key":"SteroidPotion"},{"floor":28,"key":"Poison Potion"},{"floor":33,"key":"SteroidPotion"},{"floor":35,"key":"Block Potion"},{"floor":38,"key":"SpeedPotion"},{"floor":41,"key":"EssenceOfSteel"},{"floor":46,"key":"Fire Potion"}],"is_trial":false,"path_per_floor":["M","?","$","M","?","R","E","R","T","R","E","M","M","M","R","B",null,"M","M","?","?","M","R","E","R","T","?","M","R","?","M","R","B",null,"M","M","$","?","T","R","M","M","T","M","$","M","R","M","R","B"],"character_chosen":"DEFECT","items_purchased":["Apotheosis","Amplify","Energy Potion"],"campfire_rested":8,"item_purchase_floors":[37,37,45],"current_hp_per_floor":[67,67,67,61,61,61,15,35,35,55,24,24,24,22,42,20,56,50,45,29,29,1,21,7,27,27,27,12,32,54,58,68,37,60,40,26,26,30,30,50,64,68,68,68,68,68,68,68,68,30],"gold":72,"neow_bonus":"THREE_RARE_CARDS","is_prod":false,"is_daily":false,"chose_seed":false,"campfire_upgraded":3,"win_rate":0,"timestamp":1532295491,"path_taken":["M","?","$","?","?","R","E","R","T","R","E","M","M","M","R","BOSS","M","M","?","?","?","R","E","R","T","?","M","R","?","M","R","BOSS","M","M","$","?","?","R","?","M","T","M","$","M","R","M","R","BOSS"],"build_version":"2018-07-19v2","purchased_purges":1,"victory":true,"max_hp_per_floor":[68,68,68,68,68,68,68,68,68,68,68,68,68,68,68,68,68,68,68,68,68,68,68,68,68,68,68,68,68,68,68,68,68,68,68,68,68,68,68,68,68,68,68,68,68,68,68,68,68,68],"card_choices":[{"not_picked":["Machine Learning","Amplify"],"picked":"Creative AI","floor":0},{"not_picked":["Rebound","Steam"],"picked":"Hologram","floor":1},{"not_picked":["Go for the Eyes","Redo"],"picked":"Blizzard","floor":4},{"not_picked":["Rebound","Chaos"],"picked":"Auto Shields","floor":7},{"not_picked":["Tempest","Rainbow"],"picked":"Cold Snap","floor":11},{"not_picked":["Loop","Hologram"],"picked":"Stack","floor":12},{"not_picked":["Double Energy","Auto Shields"],"picked":"Conserve Battery","floor":13},{"not_picked":["Turbo","Melter"],"picked":"Redo","floor":14},{"not_picked":["Seek","Creative AI"],"picked":"Buffer","floor":16},{"not_picked":["Conserve Battery","Skim+1"],"picked":"Rip and Tear+1","floor":18},{"not_picked":["Compile Driver","Beam Cell"],"picked":"Cold Snap","floor":19},{"not_picked":["Doom and Gloom","Hologram"],"picked":"Beam Cell+1","floor":22},{"not_picked":["Lockon","Rainbow"],"picked":"Self Repair","floor":24},{"not_picked":["Gash+1","Steam"],"picked":"Coolheaded","floor":28},{"not_picked":["Barrage","Auto Shields+1"],"picked":"Leap+1","floor":31},{"not_picked":["Meteor Strike","All For One"],"picked":"Echo Form","floor":33},{"not_picked":["Barrage+1","Ball Lightning"],"picked":"Coolheaded+1","floor":35},{"not_picked":["Scrape","Rebound","Hologram"],"picked":"SKIP","floor":36},{"not_picked":["Beam Cell","Blizzard"],"picked":"Go for the Eyes","floor":38},{"not_picked":["Skim","Leap+1"],"picked":"Defragment+1","floor":41},{"not_picked":["Compile Driver","Leap"],"picked":"Buffer","floor":42},{"not_picked":["Auto Shields+1","Ball Lightning","Gash+1"],"picked":"SKIP","floor":44},{"not_picked":["Barrage","Steam"],"picked":"Leap","floor":46},{"not_picked":["Reprogram+1","Redo+1"],"picked":"Glacier+1","floor":48}],"player_experience":469934,"relics_obtained":[{"floor":7,"key":"Mummified Hand"},{"floor":9,"key":"Turnip"},{"floor":11,"key":"Bag of Marbles"},{"floor":20,"key":"Enchiridion"},{"floor":24,"key":"Ancient Tea Set"},{"floor":26,"key":"Centennial Puzzle"},{"floor":38,"key":"Du-Vu Doll"},{"floor":39,"key":"Oddly Smooth Stone"},{"floor":43,"key":"Blue Candle"}],"event_choices":[{"event_name":"Accursed Blacksmith","player_choice":"Rummage","floor":2,"damage_taken":0},{"event_name":"World of Goop","player_choice":"Left","floor":5,"damage_taken":0},{"event_name":"Cursed Tome","player_choice":"Obtained Book","floor":20,"damage_taken":0},{"event_name":"Purifier","player_choice":"One Purge","floor":21,"damage_taken":0},{"event_name":"Addict","player_choice":"Obtained Relic","floor":27,"damage_taken":0},{"event_name":"The Library","player_choice":"Heal","floor":30,"damage_taken":0},{"event_name":"MindBloom","player_choice":"Fight","floor":38,"damage_taken":0}],"is_beta":false,"boss_relics":[{"not_picked":["Runic Pyramid","Lizard Tail"],"picked":"Pandora\u0027s Box"},{"not_picked":["Snecko Eye","Philosopher\u0027s Stone"],"picked":"FrozenCore"}],"items_purged_floors":[3],"is_endless":false,"potions_floor_spawned":[4,7,13,14,22,24,28,33,35,38,41,46],"ascension_level":7}