{"gold_per_floor":[111,121,121,121,140,140,156,156,156,156,166,195,195,55,55,150,150,164,263,280,293,309,341,353,399,437,258,277,477,477,488,488,591,591,611,628,628,647,587,587,53,66,120,132,132,151,180,140,140,140],"floor_reached":51,"playtime":1561,"items_purged":["Strike_B"],"score":744,"play_id":"23277112-67b8-4258-87b2-2cfec0d3e557","local_time":"20181123204359","is_ascension_mode":false,"campfire_choices":[{"data":"Zap","floor":6.0,"key":"SMITH"},{"data":"Go for the Eyes","floor":8.0,"key":"SMITH"},{"data":"Strike_B","floor":10.0,"key":"SMITH"},{"data":"Ball Lightning","floor":13.0,"key":"SMITH"},{"data":"Electrodynamics","floor":15.0,"key":"SMITH"},{"floor":24.0,"key":"REST"},{"data":"Capacitor","floor":32.0,"key":"SMITH"},{"floor":40.0,"key":"REST"},{"floor":45,"key":"REST"},{"floor":49,"key":"REST"}],"neow_cost":"NONE","seed_source_timestamp":518016805588151,"circlet_count":0,"master_deck":["Strike_B+1","Defend_B","Defend_B","Defend_B","Zap+1","Dualcast+1","Conserve Battery","Go for the Eyes+1","Ball Lightning+1","Electrodynamics+1","Conserve Battery","Cold Snap","Capacitor+1","Undo","Capacitor+1","Echo Form","Steam Power+1","Go for the Eyes+1","Static Discharge+1","Ball Lightning+1","Madness","Madness","Stack+1","Defragment","Loop","Hello World","Self Repair","Electrodynamics","Defragment+1","Hello World","Defragment","Consume+1","Rainbow","Force Field+1"],"special_seed":0,"relics":["Cracked Core","Mummified Hand","Blood Vial","Regal Pillow","Sozu","MawBank","The Courier","Ancient Tea Set","Lee\u0027s Waffle","Astrolabe","Potion Belt","Matryoshka"],"potions_floor_usage":[50,50,50],"damage_taken":[{"damage":0.0,"enemies":"2 Louse","floor":1.0,"turns":3.0},{"damage":1.0,"enemies":"Jaw Worm","floor":2.0,"turns":3.0},{"damage":0.0,"enemies":"Cultist","floor":5.0,"turns":3.0},{"damage":2.0,"enemies":"Blue Slaver","floor":7.0,"turns":3.0},{"damage":0.0,"enemies":"Red Slaver","floor":11.0,"turns":3.0},{"damage":9.0,"enemies":"3 Sentries","floor":12.0,"turns":6.0},{"damage":6.0,"enemies":"Slime Boss","floor":16.0,"turns":6.0},{"damage":4.0,"enemies":"Shell Parasite","floor":18.0,"turns":5.0},{"damage":5.0,"enemies":"3 Byrds","floor":20.0,"turns":3.0},{"damage":5.0,"enemies":"Snecko","floor":21.0,"turns":6.0},{"damage":14.0,"enemies":"Shelled Parasite and Fungi","floor":22.0,"turns":4.0},{"damage":31.0,"enemies":"Book of Stabbing","floor":23.0,"turns":7.0},{"damage":14.0,"enemies":"Slavers","floor":25.0,"turns":3.0},{"damage":11.0,"enemies":"Snake Plant","floor":28.0,"turns":5.0},{"damage":0.0,"enemies":"Chosen and Byrds","floor":31.0,"turns":4.0},{"damage":54.0,"enemies":"Automaton","floor":33.0,"turns":11.0},{"damage":7.0,"enemies":"3 Darklings","floor":35.0,"turns":3.0},{"damage":3.0,"enemies":"3 Shapes","floor":36.0,"turns":4.0},{"damage":38.0,"enemies":"Transient","floor":38.0,"turns":5.0},{"damage":23,"enemies":"4 Shapes","floor":42,"turns":3},{"damage":24,"enemies":"Jaw Worm Horde","floor":44,"turns":3},{"damage":1,"enemies":"Sphere and 2 Shapes","floor":46,"turns":2},{"damage":19,"enemies":"Giant Head","floor":47,"turns":6},{"damage":60,"enemies":"Time Eater","floor":50,"turns":9}],"seed_played":"6144902881462230613","potions_obtained":[{"floor":1.0,"key":"GamblersBrew"},{"floor":2.0,"key":"Weak Potion"},{"floor":16.0,"key":"Fire Potion"}],"is_trial":false,"path_per_floor":["M","M","?","?","M","R","M","R","T","R","M","E","R","$","R","B",null,"M","?","M","M","M","E","R","E","T","$","M","?","$","M","R","B",null,"M","M","?","M","$","R","$","M","T","M","R","M","E","?","R","B",null],"character_chosen":"DEFECT","items_purchased":["Electrodynamics","Capacitor","Lee\u0027s Waffle","Defragment","Loop","Hello World","Self Repair","Electrodynamics","Defragment","Hello World","Defragment"],"campfire_rested":4,"item_purchase_floors":[14,27,27,41,41,41,41,41,41,41,41],"current_hp_per_floor":[75,74,49,49,49,49,47,47,47,47,49,42,42,42,42,38,75,71,71,68,65,53,24,61,49,49,82,71,71,71,73,73,21,82,75,74,64,28,28,67,67,53,53,31,70,71,54,54,82,22],"gold":140,"neow_bonus":"THREE_CARDS","is_prod":false,"is_daily":false,"chose_seed":false,"campfire_upgraded":6,"win_rate":0,"timestamp":1543005839,"path_taken":["M","M","?","?","M","R","M","R","T","R","M","E","R","$","R","BOSS","M","?","M","M","M","E","R","E","T","$","M","?","$","M","R","BOSS","M","M","?","M","$","R","$","M","T","M","R","M","E","?","R","BOSS"],"build_version":"2018-11-15","purchased_purges":1,"victory":true,"max_hp_per_floor":[75,75,75,75,75,75,75,75,75,75,75,75,75,75,75,75,75,75,75,75,75,75,75,75,75,75,82,82,82,82,82,82,82,82,82,82,82,82,82,82,82,82,82,82,82,82,82,82,82,82],"card_choices":[{"not_picked":["Sweeping Beam","Compile Driver"],"picked":"Conserve Battery","floor":0.0},{"not_picked":["Loop","Barrage","Double Energy"],"picked":"SKIP","floor":1.0},{"not_picked":["Compile Driver","Coolheaded"],"picked":"Go for the Eyes","floor":2.0},{"not_picked":["Stack","Amplify","Fusion"],"picked":"SKIP","floor":5.0},{"not_picked":["Go for the Eyes","Force Field","Redo"],"picked":"SKIP","floor":7.0},{"not_picked":["Barrage","Compile Driver"],"picked":"Ball Lightning","floor":11.0},{"not_picked":["Self Repair","Sunder","Gash"],"picked":"SKIP","floor":12.0},{"not_picked":["White Noise+1","Rip and Tear","Heatsinks"],"picked":"SKIP","floor":18.0},{"not_picked":["Chaos","Leap+1"],"picked":"Conserve Battery","floor":20.0},{"not_picked":["Rebound","Hologram"],"picked":"Cold Snap","floor":21.0},{"not_picked":["Gash","Machine Learning","Compile Driver"],"picked":"SKIP","floor":22.0},{"not_picked":["Streamline+1","Go for the Eyes","Creative AI"],"picked":"SKIP","floor":23.0},{"not_picked":["Biased Cognition","Compile Driver+1","Rebound"],"picked":"SKIP","floor":25.0},{"not_picked":["Go for the Eyes","Cold Snap"],"picked":"Undo","floor":28.0},{"not_picked":["Reprogram+1","Hologram"],"picked":"Capacitor","floor":31.0},{"not_picked":["Biased Cognition","All For One"],"picked":"Echo Form","floor":33.0},{"not_picked":["Streamline","Rebound"],"picked":"Ball Lightning+1","floor":35.0},{"not_picked":["Sweeping Beam","Hologram+1","Turbo"],"picked":"SKIP","floor":36.0},{"not_picked":["Redo","Ball Lightning"],"picked":"Stack+1","floor":38.0},{"not_picked":["Consume+1","Undo","Steam"],"picked":"SKIP","floor":42},{"not_picked":["Undo","Steam"],"picked":"Consume+1","floor":42},{"not_picked":["Go for the Eyes+1","Compile Driver","Hologram"],"picked":"SKIP","floor":44},{"not_picked":["Blizzard","Turbo+1"],"picked":"Rainbow","floor":46},{"not_picked":["Skim+1","Turbo"],"picked":"Force Field+1","floor":47}],"player_experience":815136,"relics_obtained":[{"floor":9.0,"key":"Blood Vial"},{"floor":12.0,"key":"Regal Pillow"},{"floor":23.0,"key":"MawBank"},{"floor":25.0,"key":"The Courier"},{"floor":26.0,"key":"Ancient Tea Set"},{"floor":43,"key":"Potion Belt"},{"floor":47,"key":"Matryoshka"}],"event_choices":[{"damage_healed":0.0,"max_hp_gain":0.0,"max_hp_loss":0.0,"gold_gain":0.0,"event_name":"Scrap Ooze","player_choice":"Success","floor":3.0,"gold_loss":0.0,"damage_taken":25.0,"relics_obtained":["Mummified Hand"]},{"damage_healed":0.0,"max_hp_gain":0.0,"max_hp_loss":0.0,"gold_gain":0.0,"event_name":"Accursed Blacksmith","player_choice":"Forge","floor":4.0,"gold_loss":0.0,"damage_taken":0.0,"cards_upgraded":["Dualcast"]},{"damage_healed":0.0,"max_hp_gain":0.0,"max_hp_loss":0.0,"gold_gain":99.0,"event_name":"Nest","player_choice":"Stole From Cult","floor":19.0,"gold_loss":0.0,"damage_taken":0.0},{"damage_healed":0.0,"max_hp_gain":0.0,"max_hp_loss":0.0,"gold_gain":250.0,"event_name":"The Joust","player_choice":"Bet on Owner","floor":29.0,"gold_loss":50.0,"damage_taken":0.0},{"damage_healed":0.0,"max_hp_gain":0.0,"max_hp_loss":0.0,"gold_gain":0.0,"event_name":"Winding Halls","player_choice":"Embrace Madness","floor":37.0,"gold_loss":0.0,"damage_taken":10.0,"cards_obtained":["Madness","Madness"]},{"damage_healed":0,"gold_gain":0,"player_choice":"Upgraded Two","damage_taken":0,"max_hp_gain":0,"max_hp_loss":0,"event_name":"Designer","floor":48,"gold_loss":40,"cards_upgraded":["Capacitor","Defragment"]}],"is_beta":false,"boss_relics":[{"not_picked":["Busted Crown","White Beast Statue"],"picked":"Sozu"},{"not_picked":["Coffee Dripper","Pandora\u0027s Box"],"picked":"Astrolabe"}],"items_purged_floors":[39],"is_endless":false,"potions_floor_spawned":[1,2,16,20,22,25,33,38,46],"ascension_level":0}