{"gold_per_floor":[118,133,133,133,133,133,150,133,133,133,147,160,175,186,186,286,286,298,3553,3572,3572,2426,2426,2444,2444,2469,2497,2509,2509,1322,1335,1335,1335],"floor_reached":33,"playtime":2262,"items_purged":["Normality","Strike_G","Strike_G"],"score":311,"play_id":"84f01a83-244c-48e3-9024-7cad7706f4db","local_time":"20190210050818","is_ascension_mode":false,"campfire_choices":[{"floor":6,"key":"RECALL"},{"data":"Neutralize","floor":10,"key":"SMITH"},{"floor":15,"key":"REST"},{"floor":23,"key":"REST"},{"floor":29,"key":"REST"},{"floor":32,"key":"REST"}],"neow_cost":"NONE","seed_source_timestamp":104486582733700,"circlet_count":0,"master_deck":["Defend_G","Defend_G","Defend_G","Defend_G","Defend_G","Strike_G","Strike_G","Strike_G+1","Survivor+1","Neutralize+1","Trip","Prepared","Dagger Spray","Footwork","Dodge and Roll","Blade Dance","Dodge and Roll","Dagger Throw","Quick Slash","A Thousand Cuts","Acrobatics","Blade Dance","Slice","Backflip","Escape Plan","Flying Knee","Dramatic Entrance","Secret Weapon","Accuracy","Storm of Steel+1","Unload","Poisoned Stab+1","Deadly Poison","Venomology","PanicButton","Magnetism","Riddle With Holes","Deadly Poison","PiercingWail","A Thousand Cuts","Acrobatics","Forethought","Infinite Blades","Choke","Metamorphosis","Madness","Caltrops","Outmaneuver","Deflect","Bane","Flying Knee","Poisoned Stab+1"],"relics":["Ring of the Snake","Letter Opener","Strawberry","Orrery","Strange Spoon","Bag of Preparation","Ice Cream","Whetstone","Lantern","Sling","War Paint","Mercury Hourglass","Bag of Marbles","Regal Pillow","OrangePellets"],"potions_floor_usage":[8,16,16,16,20,27,28,31,31,33,33,33],"damage_taken":[{"damage":0,"enemies":"Cultist","floor":1,"turns":4},{"damage":0,"enemies":"2 Louse","floor":2,"turns":2},{"damage":0,"enemies":"Small Slimes","floor":7,"turns":4},{"damage":11,"enemies":"Exordium Thugs","floor":8,"turns":5},{"damage":9,"enemies":"3 Louse","floor":11,"turns":3},{"damage":8,"enemies":"2 Fungi Beasts","floor":12,"turns":4},{"damage":1,"enemies":"Exordium Thugs","floor":13,"turns":7},{"damage":9,"enemies":"Red Slaver","floor":14,"turns":4},{"damage":25,"enemies":"Hexaghost","floor":16,"turns":11},{"damage":27,"enemies":"2 Thieves","floor":18,"turns":5},{"damage":18,"enemies":"Shell Parasite","floor":20,"turns":6},{"damage":2,"enemies":"3 Cultists","floor":24,"turns":4},{"damage":12,"enemies":"Book of Stabbing","floor":27,"turns":7},{"damage":22,"enemies":"Shelled Parasite and Fungi","floor":28,"turns":7},{"damage":21,"enemies":"Snake Plant","floor":31,"turns":5},{"damage":48,"enemies":"Automaton","floor":33,"turns":8}],"seed_played":"-2482445123201139608","potions_obtained":[{"floor":2,"key":"LiquidBronze"},{"floor":11,"key":"LiquidBronze"},{"floor":12,"key":"FearPotion"},{"floor":13,"key":"PowerPotion"},{"floor":20,"key":"Weak Potion"}],"is_trial":false,"path_per_floor":["M","M","?","?","?","R","M","M","T","R","M","M","M","M","R","B",null,"M","$","M","?","$","R","M","?","T","E","M","R","$","M","R","B"],"character_chosen":"THE_SILENT","items_purchased":["Dramatic Entrance","Secret Weapon","Accuracy","Storm of Steel","Unload","Poisoned Stab","Deadly Poison","Strange Spoon","Bag of Preparation","Ice Cream","EssenceOfSteel","SkillPotion","SteroidPotion","Whetstone","Lantern","Sling","PanicButton","Magnetism","Riddle With Holes","Deadly Poison","PiercingWail","A Thousand Cuts","Bag of Marbles","Regal Pillow","OrangePellets","Metamorphosis","Madness","Caltrops","Outmaneuver","Deflect","Bane","Flying Knee","Energy Potion"],"campfire_rested":4,"item_purchase_floors":[19,19,19,19,19,19,19,19,19,19,19,19,19,22,22,22,22,22,22,22,22,22,30,30,30,30,30,30,30,30,30,30,30],"current_hp_per_floor":[70,70,58,65,65,65,65,54,54,54,45,37,36,27,50,25,77,50,50,32,18,18,42,40,40,40,28,6,30,30,9,48,0],"gold":1335,"neow_bonus":"RANDOM_COLORLESS","is_prod":false,"is_daily":false,"chose_seed":false,"campfire_upgraded":1,"win_rate":0,"timestamp":1549746498,"path_taken":["M","M","?","?","?","R","M","M","T","R","M","M","M","?","R","BOSS","M","$","M","?","$","R","M","?","T","E","?","R","?","M","R","BOSS"],"build_version":"2019-01-23","purchased_purges":3,"victory":false,"max_hp_per_floor":[70,70,70,77,77,77,77,77,77,77,77,77,77,77,77,77,77,77,77,77,82,82,82,82,82,82,82,82,82,82,82,82,82],"card_choices":[{"not_picked":["Skewer","Calculated Gamble"],"picked":"Prepared","floor":1},{"not_picked":["Noxious Fumes","Skewer"],"picked":"Dagger Spray","floor":2},{"not_picked":["Well Laid Plans","Dagger Throw"],"picked":"Footwork","floor":7},{"not_picked":["Deflect","Finisher"],"picked":"Dodge and Roll","floor":8},{"not_picked":["Distraction","Underhanded Strike"],"picked":"Blade Dance","floor":11},{"not_picked":["Deadly Poison","Acrobatics"],"picked":"Dodge and Roll","floor":12},{"not_picked":["Eviscerate","Footwork"],"picked":"Dagger Throw","floor":13},{"not_picked":["Bane","Prepared"],"picked":"Quick Slash","floor":14},{"not_picked":["Tools of the Trade","Bullet Time"],"picked":"A Thousand Cuts","floor":16},{"not_picked":["Slice","Prepared"],"picked":"Acrobatics","floor":17},{"not_picked":["Bane","Crippling Poison"],"picked":"Blade Dance","floor":17},{"not_picked":["Masterful Stab","Quick Slash"],"picked":"Slice","floor":17},{"not_picked":["Deadly Poison","All Out Attack"],"picked":"Backflip","floor":17},{"not_picked":["Dash","All Out Attack"],"picked":"Escape Plan","floor":17},{"not_picked":["Backflip","Sucker Punch"],"picked":"Flying Knee","floor":18},{"not_picked":["Bane","Prepared"],"picked":"Venomology","floor":20},{"not_picked":["PiercingWail+1","Riddle With Holes"],"picked":"Acrobatics","floor":24},{"not_picked":["Dodge and Roll","Sucker Punch+1"],"picked":"Infinite Blades","floor":27},{"not_picked":["Bouncing Flask","Envenom"],"picked":"Choke","floor":28},{"not_picked":["Masterful Stab","Quick Slash"],"picked":"Poisoned Stab+1","floor":31}],"player_experience":36129,"relics_obtained":[{"floor":26,"key":"War Paint"},{"floor":27,"key":"Mercury Hourglass"}],"event_choices":[{"damage_healed":0,"gold_gain":0,"player_choice":"Success","damage_taken":12,"relics_obtained":["Letter Opener"],"max_hp_gain":0,"max_hp_loss":0,"event_name":"Scrap Ooze","floor":3,"gold_loss":0},{"damage_healed":0,"gold_gain":0,"player_choice":"Box","damage_taken":0,"relics_obtained":["Strawberry"],"max_hp_gain":0,"max_hp_loss":0,"event_name":"Big Fish","floor":4,"gold_loss":0,"cards_obtained":["Regret"]},{"damage_healed":0,"gold_gain":0,"cards_transformed":["Regret"],"player_choice":"Transformed","damage_taken":0,"max_hp_gain":0,"max_hp_loss":0,"event_name":"Transmorgrifier","floor":5,"gold_loss":0,"cards_obtained":["Normality"]},{"damage_healed":0,"gold_gain":0,"player_choice":"Shed Blood","damage_taken":19,"max_hp_gain":5,"max_hp_loss":0,"event_name":"Forgotten Altar","floor":21,"gold_loss":0},{"damage_healed":0,"gold_gain":0,"player_choice":"1 cards matched","damage_taken":0,"max_hp_gain":0,"max_hp_loss":0,"event_name":"Match and Keep!","floor":25,"gold_loss":0,"cards_obtained":["Forethought"]}],"is_beta":false,"boss_relics":[{"not_picked":["Philosopher\u0027s Stone","Calling Bell"],"picked":"Orrery"}],"items_purged_floors":[19,22,30],"is_endless":false,"potions_floor_spawned":[2,11,12,13,20],"killed_by":"Automaton","ascension_level":0}