{"gold_per_floor":[117,134,152,152,327,327,344,344,344,374,394,404,404],"floor_reached":13,"playtime":304,"items_purged":[],"score":148,"play_id":"b656597a-2c9b-43a6-b534-b955521b6e82","local_time":"20190210224308","is_ascension_mode":true,"campfire_choices":[{"data":"Bash","floor":6,"key":"SMITH"},{"data":"Sword Boomerang","floor":8,"key":"SMITH"}],"neow_cost":"NONE","seed_source_timestamp":22509374284300,"circlet_count":0,"master_deck":["AscendersBane","Strike_R","Strike_R+1","Strike_R","Strike_R+1","Strike_R","Defend_R","Defend_R","Defend_R","Defend_R","Bash+1","Shrug It Off","Sword Boomerang+1","Doubt","Clothesline+1","Anger+1"],"relics":["Burning Blood","Molten Egg 2","Whetstone","Pen Nib"],"potions_floor_usage":[13,13],"damage_taken":[{"damage":14,"enemies":"Jaw Worm","floor":1,"turns":3},{"damage":6,"enemies":"Cultist","floor":2,"turns":4},{"damage":10,"enemies":"Small Slimes","floor":3,"turns":4},{"damage":8,"enemies":"2 Fungi Beasts","floor":7,"turns":6},{"damage":51,"enemies":"Lagavulin","floor":10,"turns":7},{"damage":2,"enemies":"Red Slaver","floor":11,"turns":3},{"damage":3,"enemies":"Looter","floor":12,"turns":3},{"damage":17,"enemies":"3 Sentries","floor":13,"turns":3}],"seed_played":"-5612160952161020128","potions_obtained":[{"floor":10,"key":"FearPotion"},{"floor":11,"key":"Explosive Potion"}],"is_trial":false,"path_per_floor":["M","M","M","?","?","R","M","R","T","E","M","M","E"],"character_chosen":"IRONCLAD","items_purchased":[],"campfire_rested":0,"item_purchase_floors":[],"current_hp_per_floor":[67,67,63,56,56,56,54,54,54,9,13,16,0],"gold":404,"neow_bonus":"TEN_PERCENT_HP_BONUS","is_prod":false,"is_daily":false,"chose_seed":false,"campfire_upgraded":2,"win_rate":0,"timestamp":1549831388,"path_taken":["M","M","M","?","?","R","?","R","T","E","?","M","E"],"build_version":"2019-01-23","purchased_purges":0,"victory":false,"max_hp_per_floor":[82,82,82,82,82,82,82,82,82,82,82,82,82],"card_choices":[{"not_picked":["Heavy Blade","Armaments","Sever Soul"],"picked":"SKIP","floor":1},{"not_picked":["Pommel Strike","Flex"],"picked":"Shrug It Off","floor":2},{"not_picked":["Clash","Rage"],"picked":"Sword Boomerang","floor":3},{"not_picked":["Wild Strike+1","Burning Pact"],"picked":"Clothesline+1","floor":7},{"not_picked":["Feel No Pain","Bloodletting"],"picked":"Anger+1","floor":10},{"not_picked":["Twin Strike+1","Rupture","Barricade"],"picked":"SKIP","floor":11},{"not_picked":["Sever Soul+1","Corruption","Headbutt+1"],"picked":"SKIP","floor":12}],"player_experience":707240,"relics_obtained":[{"floor":9,"key":"Whetstone"},{"floor":10,"key":"Pen Nib"}],"event_choices":[{"damage_healed":0,"gold_gain":0,"player_choice":"Success","damage_taken":7,"relics_obtained":["Molten Egg 2"],"max_hp_gain":0,"max_hp_loss":0,"event_name":"Scrap Ooze","floor":4,"gold_loss":0},{"damage_healed":0,"gold_gain":175,"player_choice":"AGREE","damage_taken":0,"max_hp_gain":0,"max_hp_loss":0,"event_name":"Liars Game","floor":5,"gold_loss":0,"cards_obtained":["Doubt"]}],"is_beta":false,"boss_relics":[],"items_purged_floors":[],"is_endless":false,"potions_floor_spawned":[10,11,12],"killed_by":"3 Sentries","ascension_level":14}