{"gold_per_floor":[110,124,124,134,99,99,130,130,177,196,196,228,228,262,262,340,340,354,354,372,422,35,35,49,49,49,59,92,111,11,25,25,25],"floor_reached":33,"playtime":1074,"items_purged":["Writhe","Strike_B"],"score":513,"play_id":"eae91bae-595b-4b15-9b1a-87053977ff8c","local_time":"20190112101823","is_ascension_mode":true,"campfire_choices":[{"data":"Zap","floor":6,"key":"SMITH"},{"data":"Capacitor","floor":8,"key":"SMITH"},{"data":"Biased Cognition","floor":11,"key":"SMITH"},{"data":"Go for the Eyes","floor":15,"key":"SMITH"},{"data":"Defragment","floor":23,"key":"SMITH"},{"floor":25,"key":"REST"},{"floor":32,"key":"REST"}],"neow_cost":"NONE","seed_source_timestamp":212669801680200,"circlet_count":0,"master_deck":["AscendersBane","Strike_B","Strike_B","Strike_B","Defend_B","Defend_B","Defend_B","Defend_B","Zap+1","Dualcast","Electrodynamics+1","Coolheaded","Leap","Capacitor+1","Steam","Biased Cognition+1","Go for the Eyes+1","Echo Form","Hologram","Defragment+1","Cold Snap","Ball Lightning","Conserve Battery+1","Steam+1","Turbo"],"relics":["Cracked Core","Bronze Scales","Happy Flower","Boot","DataDisk","Black Star","Sundial","Bag of Marbles","Dodecahedron","Centennial Puzzle","Anchor"],"potions_floor_usage":[7],"damage_taken":[{"damage":4,"enemies":"Jaw Worm","floor":1,"turns":4},{"damage":3,"enemies":"2 Louse","floor":2,"turns":2},{"damage":3,"enemies":"Small Slimes","floor":4,"turns":3},{"damage":11,"enemies":"Lagavulin","floor":7,"turns":5},{"damage":0,"enemies":"3 Louse","floor":10,"turns":3},{"damage":18,"enemies":"3 Sentries","floor":12,"turns":5},{"damage":7,"enemies":"Lagavulin","floor":14,"turns":6},{"damage":6,"enemies":"The Guardian","floor":16,"turns":9},{"damage":1,"enemies":"Spheric Guardian","floor":18,"turns":3},{"damage":4,"enemies":"Chosen","floor":20,"turns":5},{"damage":47,"enemies":"Shelled Parasite and Fungi","floor":24,"turns":5},{"damage":10,"enemies":"Chosen and Byrds","floor":27,"turns":3},{"damage":19,"enemies":"Slavers","floor":28,"turns":4},{"damage":0,"enemies":"3 Cultists","floor":29,"turns":2},{"damage":5,"enemies":"Centurion and Healer","floor":31,"turns":4},{"damage":22,"enemies":"Collector","floor":33,"turns":3}],"seed_played":"-7083171774312964132","potions_obtained":[{"floor":2,"key":"GamblersBrew"},{"floor":4,"key":"FocusPotion"},{"floor":7,"key":"Fire Potion"}],"is_trial":false,"path_per_floor":["M","M","?","M","?","R","E","R","T","M","R","E","?","E","R","B",null,"M","?","M","?","$","R","M","R","T","M","E","M","$","M","R","B"],"character_chosen":"DEFECT","items_purchased":["Bag of Marbles","Defragment","Cold Snap"],"campfire_rested":2,"item_purchase_floors":[22,22,22],"current_hp_per_floor":[60,57,57,54,71,71,60,60,60,60,60,42,65,58,58,52,66,65,65,61,61,61,61,14,35,35,25,6,6,6,1,22,0],"gold":25,"neow_bonus":"ONE_RANDOM_RARE_CARD","is_prod":false,"is_daily":false,"chose_seed":false,"campfire_upgraded":5,"win_rate":0,"timestamp":1547317103,"path_taken":["M","M","?","M","?","R","E","R","T","M","R","E","?","E","R","BOSS","M","?","M","?","?","R","M","R","T","?","E","M","$","M","R","BOSS"],"build_version":"2019-01-10","purchased_purges":2,"victory":false,"max_hp_per_floor":[71,71,71,71,71,71,71,71,71,71,71,71,71,71,71,71,71,71,71,71,71,71,71,71,71,71,71,71,71,71,71,71,71],"card_choices":[{"not_picked":["Gash","Sweeping Beam"],"picked":"Coolheaded","floor":1},{"not_picked":["Melter","Blizzard"],"picked":"Leap","floor":2},{"not_picked":["BootSequence","Aggregate"],"picked":"Capacitor","floor":4},{"not_picked":["Redo","Reprogram"],"picked":"Steam","floor":7},{"not_picked":["Redo","Compile Driver"],"picked":"Biased Cognition","floor":10},{"not_picked":["Beam Cell","Force Field"],"picked":"Go for the Eyes","floor":12},{"not_picked":["Sweeping Beam","Steam","Consume"],"picked":"SKIP","floor":14},{"not_picked":["Hyperbeam","Rainbow"],"picked":"Echo Form","floor":16},{"not_picked":["Coolheaded","Barrage"],"picked":"Hologram","floor":18},{"not_picked":["Sweeping Beam","Redo","Chaos"],"picked":"SKIP","floor":20},{"not_picked":["Steam","Stack"],"picked":"Ball Lightning","floor":24},{"not_picked":["Double Energy","Compile Driver"],"picked":"Conserve Battery+1","floor":27},{"not_picked":["Streamline","Multi-Cast"],"picked":"Steam+1","floor":28},{"not_picked":["Capacitor","Go for the Eyes","Aggregate"],"picked":"SKIP","floor":29},{"not_picked":["Beam Cell+1","Go for the Eyes+1"],"picked":"Turbo","floor":31}],"player_experience":1063891,"relics_obtained":[{"floor":7,"key":"Bronze Scales"},{"floor":9,"key":"Happy Flower"},{"floor":12,"key":"Boot"},{"floor":14,"key":"DataDisk"},{"floor":26,"key":"Dodecahedron"},{"floor":28,"key":"Centennial Puzzle"},{"floor":28,"key":"Anchor"}],"event_choices":[{"damage_healed":0,"gold_gain":0,"player_choice":"Grow","damage_taken":0,"max_hp_gain":0,"max_hp_loss":0,"event_name":"Living Wall","floor":3,"gold_loss":0,"cards_upgraded":["Electrodynamics"]},{"damage_healed":17,"gold_gain":0,"player_choice":"Healed","damage_taken":0,"max_hp_gain":0,"max_hp_loss":0,"event_name":"The Cleric","floor":5,"gold_loss":35},{"damage_healed":23,"gold_gain":0,"player_choice":"Banana","damage_taken":0,"max_hp_gain":0,"max_hp_loss":0,"event_name":"Big Fish","floor":13,"gold_loss":0},{"damage_healed":0,"gold_gain":0,"player_choice":"Opened","damage_taken":0,"relics_obtained":["Sundial"],"max_hp_gain":0,"max_hp_loss":0,"event_name":"The Mausoleum","floor":19,"gold_loss":0,"cards_obtained":["Writhe"]},{"damage_healed":0,"gold_gain":50,"player_choice":"Stole From Cult","damage_taken":0,"max_hp_gain":0,"max_hp_loss":0,"event_name":"Nest","floor":21,"gold_loss":0}],"is_beta":false,"boss_relics":[{"not_picked":["Coffee Dripper","Astrolabe"],"picked":"Black Star"}],"items_purged_floors":[22,30],"is_endless":false,"potions_floor_spawned":[2,4,7,12,27,29,31],"killed_by":"Collector","ascension_level":16}