{"gold_per_floor":[113,127,202,76,95,125,200,200,200,200,200,212,212,68,68,168,168,184,184,184,204,124,124,153,163,163,163,177,98,110,129,129,225,225,236,256,273,50,63,77,87,87,87,87,99,99,99,99,99,99],"floor_reached":51,"playtime":1947,"items_purged":["Strike_B"],"score":794,"play_id":"b5792171-0e5d-4ea9-a704-000e0df65db2","local_time":"20181205192252","is_ascension_mode":false,"campfire_choices":[{"data":"Dualcast","floor":8,"key":"SMITH"},{"data":"Zap","floor":11,"key":"SMITH"},{"data":"Melter","floor":13,"key":"SMITH"},{"data":"Defragment","floor":15,"key":"SMITH"},{"data":"Defragment","floor":23,"key":"SMITH"},{"data":"Blizzard","floor":27,"key":"SMITH"},{"data":"Capacitor","floor":32,"key":"SMITH"},{"data":"Echo Form","floor":42,"key":"SMITH"},{"data":"Buffer","floor":47,"key":"SMITH"},{"floor":49,"key":"REST"}],"neow_cost":"NONE","seed_source_timestamp":590071741376094,"circlet_count":0,"master_deck":["Strike_B","Defend_B","Zap+1","Dualcast+1","Chill","Ball Lightning","Auto Shields","Defragment+1","Glacier","Buffer+1","Coolheaded+1","Reprogram","FTL","Conserve Battery","Defragment+1","Blizzard+1","Blizzard+1","Capacitor+1","Cold Snap","Echo Form+1","Force Field+1","Electrodynamics+1","Coolheaded+1","Defragment+1","Defragment+1","Amplify","Madness+1","Madness+1"],"special_seed":0,"relics":["FrozenCore","Ginger","FossilizedHelix","Bottled Tornado","Boot","Astrolabe","Darkstone Periapt","Toxic Egg 2"],"potions_floor_usage":[50,50,50],"damage_taken":[{"damage":0.0,"enemies":"Small Slimes","floor":1.0,"turns":3.0},{"damage":0.0,"enemies":"Cultist","floor":2.0,"turns":3.0},{"damage":1,"enemies":"Jaw Worm","floor":5,"turns":3},{"damage":23,"enemies":"Lagavulin","floor":6,"turns":7},{"damage":0,"enemies":"Large Slime","floor":12,"turns":4},{"damage":0,"enemies":"The Guardian","floor":16,"turns":8},{"damage":14,"enemies":"3 Byrds","floor":18,"turns":6},{"damage":0,"enemies":"Colosseum Slavers","floor":20,"turns":5},{"damage":4,"enemies":"2 Thieves","floor":21,"turns":5},{"damage":18,"enemies":"Gremlin Leader","floor":24,"turns":10},{"damage":0,"enemies":"Centurion and Healer","floor":25,"turns":12},{"damage":0,"enemies":"Snecko","floor":28,"turns":7},{"damage":0,"enemies":"Snake Plant","floor":30,"turns":5},{"damage":0,"enemies":"Centurion and Healer","floor":31,"turns":7},{"damage":0,"enemies":"Collector","floor":33,"turns":9},{"damage":6,"enemies":"Orb Walker","floor":35,"turns":6},{"damage":0,"enemies":"3 Darklings","floor":36,"turns":5},{"damage":0,"enemies":"Maw","floor":37,"turns":7},{"damage":2,"enemies":"Transient","floor":39,"turns":5},{"damage":0,"enemies":"Jaw Worm Horde","floor":40,"turns":3},{"damage":0,"enemies":"4 Shapes","floor":41,"turns":3},{"damage":0,"enemies":"Spire Growth","floor":45,"turns":8},{"damage":14,"enemies":"Awakened One","floor":50,"turns":12}],"seed_played":"-995917164507319769","potions_obtained":[{"floor":1.0,"key":"FocusPotion"},{"floor":6,"key":"SteroidPotion"},{"floor":31,"key":"Weak Potion"},{"floor":45,"key":"Strength Potion"}],"is_trial":false,"path_per_floor":["M","M","?","$","M","E","?","R","T","?","R","M","R","$","R","B",null,"M","?","?","M","$","R","E","M","T","R","M","$","M","M","R","B",null,"M","M","M","$","M","M","M","R","T","T","M","?","R","?","R","B",null],"character_chosen":"DEFECT","items_purchased":["FocusPotion","Ball Lightning","Defragment","Glacier","Defragment","Capacitor","Amplify"],"campfire_rested":1,"item_purchase_floors":[4,4,14,14,22,29,38],"current_hp_per_floor":[82,82,74,74,73,50,39,39,39,44,44,44,44,44,44,44,87,73,73,73,69,69,69,51,51,51,51,51,51,51,51,51,51,87,81,81,81,81,79,79,79,79,79,79,79,68,68,68,87,73],"gold":99,"neow_bonus":"TEN_PERCENT_HP_BONUS","is_prod":false,"is_daily":false,"chose_seed":false,"campfire_upgraded":9,"win_rate":0,"timestamp":1544037772,"path_taken":["M","M","?","$","?","E","?","R","T","?","R","M","R","$","R","BOSS","M","?","?","M","$","R","E","M","T","R","M","?","M","M","R","BOSS","M","M","M","$","M","M","M","R","T","?","M","?","R","?","R","BOSS"],"build_version":"2018-11-15","purchased_purges":1,"victory":true,"max_hp_per_floor":[82,82,82,82,82,82,82,82,82,87,87,87,87,87,87,87,87,87,87,87,87,87,87,87,87,87,87,87,87,87,87,87,87,87,87,87,87,87,87,87,87,87,87,87,87,87,87,87,87,87],"card_choices":[{"not_picked":["Gash","Stack"],"picked":"Chill","floor":1.0},{"not_picked":["Darkness","Barrage","Turbo"],"picked":"SKIP","floor":2.0},{"not_picked":["Cold Snap","Consume"],"picked":"Auto Shields","floor":5},{"not_picked":["Cold Snap","Hello World"],"picked":"Melter","floor":6},{"not_picked":["Hologram","Steam","Gash"],"picked":"SKIP","floor":12},{"not_picked":["Machine Learning","Multi-Cast"],"picked":"Buffer","floor":16},{"not_picked":["Lockon","Steam"],"picked":"Coolheaded+1","floor":18},{"not_picked":["Reinforced Body","Storm"],"picked":"Conserve Battery","floor":21},{"not_picked":["Leap","Steam Power","Consume"],"picked":"SKIP","floor":24},{"not_picked":["Go for the Eyes","Conserve Battery+1"],"picked":"Blizzard","floor":25},{"not_picked":["Doom and Gloom","Cold Snap"],"picked":"Blizzard+1","floor":28},{"not_picked":["Steam","Streamline","Stack"],"picked":"SKIP","floor":30},{"not_picked":["Conserve Battery","Undo"],"picked":"Cold Snap","floor":31},{"not_picked":["Rainbow","Thunder Strike"],"picked":"Echo Form","floor":33},{"not_picked":["Gash+1","Capacitor+1"],"picked":"Defragment+1","floor":35},{"not_picked":["Genetic Algorithm+1","Leap+1","Stack"],"picked":"SKIP","floor":36},{"not_picked":["Redo","Conserve Battery"],"picked":"Defragment+1","floor":37},{"not_picked":["Stack","Auto Shields","Hologram+1"],"picked":"SKIP","floor":39},{"not_picked":["Rebound","Streamline+1","Doom and Gloom+1"],"picked":"SKIP","floor":40},{"not_picked":["Steam","Compile Driver+1","Barrage+1"],"picked":"SKIP","floor":41},{"not_picked":["Sweeping Beam","Streamline","Rebound+1"],"picked":"SKIP","floor":45}],"player_experience":856951,"relics_obtained":[{"floor":6,"key":"Ginger"},{"floor":9,"key":"FossilizedHelix"},{"floor":24,"key":"Bottled Tornado"},{"floor":26,"key":"Boot"},{"floor":43,"key":"Darkstone Periapt"},{"floor":44,"key":"Toxic Egg 2"}],"event_choices":[{"damage_healed":0,"gold_gain":75,"player_choice":"Touch","damage_taken":8,"max_hp_gain":0,"max_hp_loss":0,"event_name":"FaceTrader","floor":3,"gold_loss":0},{"damage_healed":0,"gold_gain":75,"player_choice":"Gather Gold","damage_taken":11,"max_hp_gain":0,"max_hp_loss":0,"event_name":"World of Goop","floor":7,"gold_loss":0},{"damage_healed":0,"gold_gain":0,"player_choice":"Donut","damage_taken":0,"max_hp_gain":5,"max_hp_loss":0,"event_name":"Big Fish","floor":10,"gold_loss":0},{"damage_healed":0,"gold_gain":0,"cards_transformed":["Strike_B","Defend_B"],"player_choice":"Became Test Subject","damage_taken":0,"max_hp_gain":0,"max_hp_loss":0,"event_name":"Drug Dealer","floor":19,"gold_loss":0,"cards_obtained":["Reprogram","FTL"]},{"damage_healed":0,"gold_gain":0,"player_choice":"Fight","damage_taken":0,"max_hp_gain":0,"max_hp_loss":0,"event_name":"Colosseum","floor":20,"gold_loss":0},{"damage_healed":0,"gold_gain":0,"player_choice":"Fled From Nobs","damage_taken":0,"max_hp_gain":0,"max_hp_loss":0,"event_name":"Colosseum","floor":20,"gold_loss":0},{"damage_healed":0,"gold_gain":0,"player_choice":"Embrace Madness","damage_taken":11,"max_hp_gain":0,"max_hp_loss":0,"event_name":"Winding Halls","floor":46,"gold_loss":0,"cards_obtained":["Madness","Madness"]},{"cards_removed":["Melter"],"damage_healed":0,"gold_gain":0,"player_choice":"Removed Attack","damage_taken":0,"max_hp_gain":0,"max_hp_loss":0,"event_name":"Falling","floor":48,"gold_loss":0}],"is_beta":false,"boss_relics":[{"not_picked":["Velvet Choker","Busted Crown"],"picked":"FrozenCore"},{"not_picked":["Lizard Tail","Calling Bell"],"picked":"Astrolabe"}],"items_purged_floors":[38],"is_endless":false,"potions_floor_spawned":[1,6,12,24,25,28,31,35,40,45],"ascension_level":0}