{"gold_per_floor":[115,115,115,133,133,133,133,147,147,172,172,188,211,211],"floor_reached":14,"playtime":465,"items_purged":[],"score":94,"play_id":"64bb9bcc-019a-4918-bfd6-c0e1fedb96e8","local_time":"20181220022159","is_ascension_mode":true,"campfire_choices":[{"data":"Survivor","floor":6,"key":"SMITH"},{"data":"Infinite Blades","floor":11,"key":"SMITH"}],"neow_cost":"TEN_PERCENT_HP_LOSS","seed_source_timestamp":480807112361369,"circlet_count":0,"master_deck":["Defend_G","Defend_G","Defend_G","Defend_G","Defend_G","Strike_G","Strike_G","Strike_G","Strike_G","Strike_G","Survivor+1","Neutralize+1","Quick Slash","Acrobatics","Leg Sweep","Infinite Blades+1","Backflip","Quick Slash"],"relics":["Ring of the Snake","Tough Bandages","Golden Idol","Gambling Chip","Bag of Preparation"],"potions_floor_usage":[],"damage_taken":[{"damage":2,"enemies":"Jaw Worm","floor":1,"turns":5},{"damage":8,"enemies":"Small Slimes","floor":4,"turns":4},{"damage":0,"enemies":"2 Louse","floor":8,"turns":3},{"damage":0,"enemies":"Blue Slaver","floor":10,"turns":5},{"damage":21,"enemies":"Gremlin Gang","floor":12,"turns":7},{"damage":11,"enemies":"Large Slime","floor":13,"turns":10},{"damage":0,"enemies":"Gremlin Nob","floor":14,"turns":1}],"seed_played":"-4931712372910328277","potions_obtained":[{"floor":10,"key":"FearPotion"},{"floor":13,"key":"AttackPotion"}],"is_trial":false,"path_per_floor":["M","?","?","M","?","R","?","M","T","M","R","M","M","E"],"character_chosen":"THE_SILENT","items_purchased":[],"campfire_rested":0,"item_purchase_floors":[],"current_hp_per_floor":[61,66,66,58,58,58,33,33,33,33,33,12,1,1],"gold":211,"neow_bonus":"ONE_RARE_RELIC","is_prod":false,"is_daily":false,"chose_seed":false,"campfire_upgraded":2,"win_rate":0,"timestamp":1545243719,"path_taken":["M","?","?","M","?","R","?","M","T","?","R","?","M","E"],"build_version":"2018-12-13","purchased_purges":0,"victory":false,"max_hp_per_floor":[63,68,68,68,63,63,63,63,63,63,63,63,63,63],"card_choices":[{"not_picked":["Blade Dance","Backflip"],"picked":"Quick Slash","floor":1},{"not_picked":["Deflect","Prepared"],"picked":"Acrobatics","floor":4},{"not_picked":["Bane","Acrobatics"],"picked":"Leg Sweep","floor":8},{"not_picked":["Tactician","Corpse Explosion"],"picked":"Infinite Blades","floor":10},{"not_picked":["Blade Dance","Choke"],"picked":"Backflip","floor":12},{"not_picked":["Underhanded Strike","Catalyst"],"picked":"Quick Slash","floor":13}],"player_experience":67001,"relics_obtained":[{"floor":9,"key":"Bag of Preparation"}],"event_choices":[{"damage_healed":0,"gold_gain":0,"player_choice":"Donut","damage_taken":0,"max_hp_gain":5,"max_hp_loss":0,"event_name":"Big Fish","floor":2,"gold_loss":0},{"damage_healed":0,"gold_gain":0,"player_choice":"Grow","damage_taken":0,"max_hp_gain":0,"max_hp_loss":0,"event_name":"Living Wall","floor":3,"gold_loss":0,"cards_upgraded":["Neutralize"]},{"damage_healed":0,"gold_gain":0,"player_choice":"Lose Max HP","damage_taken":0,"relics_obtained":["Golden Idol"],"max_hp_gain":0,"max_hp_loss":5,"event_name":"Golden Idol","floor":5,"gold_loss":0},{"damage_healed":0,"gold_gain":0,"player_choice":"Success","damage_taken":25,"relics_obtained":["Gambling Chip"],"max_hp_gain":0,"max_hp_loss":0,"event_name":"Scrap Ooze","floor":7,"gold_loss":0}],"is_beta":false,"boss_relics":[],"items_purged_floors":[],"is_endless":false,"potions_floor_spawned":[10,13],"killed_by":"Gremlin Nob","ascension_level":3}