{"gold_per_floor":[118,133,14,14,14,14,26,26,110,142,155,181,256,274,274,350,350,366,345,345,345],"floor_reached":21,"playtime":1528,"items_purged":["Strike_R"],"score":350,"play_id":"b5c9166a-6274-42a4-95d2-b01921bb52c6","local_time":"20190206093432","is_ascension_mode":true,"campfire_choices":[{"data":"Inflame","floor":6,"key":"SMITH"},{"data":"Inflame","floor":8,"key":"SMITH"},{"data":"Armaments","floor":15,"key":"SMITH"}],"neow_cost":"NONE","seed_source_timestamp":83278791323500,"circlet_count":0,"master_deck":["AscendersBane","Strike_R","Strike_R","Strike_R","Strike_R","Defend_R","Defend_R","Defend_R","Defend_R","Bash","Pommel Strike","Twin Strike","Inflame+1","Inflame+1","Armaments+1","Uppercut","Shrug It Off","Limit Break","Battle Trance","Ghostly Armor","True Grit","Fiend Fire","Shockwave","Decay"],"relics":["Burning Blood","Juzu Bracelet","Tiny Chest","Lantern","Thread and Needle","Orrery"],"potions_floor_usage":[12,18],"damage_taken":[{"damage":11,"enemies":"Jaw Worm","floor":1,"turns":5},{"damage":3,"enemies":"2 Louse","floor":2,"turns":4},{"damage":3,"enemies":"Small Slimes","floor":7,"turns":3},{"damage":20,"enemies":"Lagavulin","floor":10,"turns":7},{"damage":1,"enemies":"2 Fungi Beasts","floor":11,"turns":4},{"damage":15,"enemies":"3 Sentries","floor":12,"turns":6},{"damage":0,"enemies":"Blue Slaver","floor":14,"turns":4},{"damage":11,"enemies":"The Guardian","floor":16,"turns":12},{"damage":56,"enemies":"3 Byrds","floor":18,"turns":7},{"damage":18,"enemies":"2 Thieves","floor":19,"turns":4},{"damage":9,"enemies":"Colosseum Slavers","floor":21,"turns":1}],"seed_played":"-4436572318522537457","potions_obtained":[{"floor":0,"key":"Fire Potion"},{"floor":0,"key":"GamblersBrew"},{"floor":2,"key":"SpeedPotion"},{"floor":7,"key":"Explosive Potion"},{"floor":14,"key":"AttackPotion"}],"is_trial":false,"path_per_floor":["M","M","$","?","?","R","M","R","T","E","M","E","?","M","R","B",null,"M","M","?","?"],"character_chosen":"IRONCLAD","items_purchased":["Inflame"],"campfire_rested":0,"item_purchase_floors":[3],"current_hp_per_floor":[63,66,66,55,60,60,63,63,63,49,54,45,34,40,40,35,69,19,7,7,0],"gold":345,"neow_bonus":"THREE_SMALL_POTIONS","is_prod":false,"is_daily":false,"chose_seed":false,"campfire_upgraded":3,"win_rate":0,"timestamp":1549442072,"path_taken":["M","M","$","?","?","R","M","R","T","E","M","E","?","M","R","BOSS","M","M","?","?"],"build_version":"2019-01-23","purchased_purges":1,"victory":false,"max_hp_per_floor":[75,75,75,75,80,80,80,80,80,80,80,80,80,80,80,80,80,80,80,80,80],"card_choices":[{"not_picked":["Body Slam","Wild Strike"],"picked":"Pommel Strike","floor":1},{"not_picked":["Blood for Blood","Combust"],"picked":"Twin Strike","floor":2},{"not_picked":["Second Wind","Dropkick"],"picked":"Inflame","floor":7},{"not_picked":["Uppercut","Warcry"],"picked":"Armaments","floor":10},{"not_picked":["Body Slam","Perfected Strike"],"picked":"Uppercut","floor":11},{"not_picked":["Wild Strike","Heavy Blade","Sentinel"],"picked":"SKIP","floor":12},{"not_picked":["Warcry","Hemokinesis"],"picked":"Shrug It Off","floor":14},{"not_picked":["Demon Form","Reaper"],"picked":"Limit Break","floor":16},{"not_picked":["Bloodletting","Power Through"],"picked":"Battle Trance","floor":17},{"not_picked":["Perfected Strike","Cleave"],"picked":"Ghostly Armor","floor":17},{"not_picked":["Wild Strike","Thunderclap"],"picked":"True Grit","floor":17},{"not_picked":["Heavy Blade","Anger"],"picked":"Fiend Fire","floor":18},{"not_picked":["Warcry","Power Through"],"picked":"Shockwave","floor":19}],"player_experience":433737,"relics_obtained":[{"floor":9,"key":"Tiny Chest"},{"floor":10,"key":"Lantern"},{"floor":12,"key":"Thread and Needle"}],"event_choices":[{"damage_healed":0,"gold_gain":0,"player_choice":"Success","damage_taken":11,"relics_obtained":["Juzu Bracelet"],"max_hp_gain":0,"max_hp_loss":0,"event_name":"Scrap Ooze","floor":4,"gold_loss":0},{"damage_healed":0,"gold_gain":0,"player_choice":"Donut","damage_taken":0,"max_hp_gain":5,"max_hp_loss":0,"event_name":"Big Fish","floor":5,"gold_loss":0},{"damage_healed":0,"gold_gain":75,"player_choice":"Gather Gold","damage_taken":11,"max_hp_gain":0,"max_hp_loss":0,"event_name":"World of Goop","floor":13,"gold_loss":0},{"damage_healed":0,"gold_gain":0,"player_choice":"Smashed Altar","damage_taken":0,"max_hp_gain":0,"max_hp_loss":0,"event_name":"Forgotten Altar","floor":20,"gold_loss":0,"cards_obtained":["Decay"]},{"damage_healed":0,"gold_gain":0,"player_choice":"Fight","damage_taken":0,"max_hp_gain":0,"max_hp_loss":0,"event_name":"Colosseum","floor":21,"gold_loss":0}],"is_beta":false,"boss_relics":[{"not_picked":["Fusion Hammer","Black Star"],"picked":"Orrery"}],"items_purged_floors":[3],"is_endless":false,"potions_floor_spawned":[2,7,14],"killed_by":"Colosseum Slavers","ascension_level":17}