{"gold_per_floor":[112,112,112,112,122,154,154,184,211,211,55,55],"floor_reached":12,"playtime":911,"items_purged":[],"score":134,"play_id":"32d1127e-d93b-439f-8628-c9a006d2d349","local_time":"20190112104933","is_ascension_mode":true,"campfire_choices":[{"data":"Clothesline","floor":7,"key":"SMITH"},{"data":"Metallicize","floor":10,"key":"SMITH"}],"neow_cost":"NONE","seed_source_timestamp":214703195844800,"circlet_count":0,"master_deck":["AscendersBane","Strike_R","Strike_R+1","Strike_R","Strike_R","Defend_R","Defend_R+1","Defend_R+1","Defend_R","Bash","Clothesline+1","Decay","Ghostly Armor","Metallicize+1","Shrug It Off+1"],"relics":["Burning Blood","Art of War","Bottled Flame","Paper Frog","War Paint","Bag of Marbles"],"potions_floor_usage":[8],"damage_taken":[{"damage":8,"enemies":"Jaw Worm","floor":1,"turns":4},{"damage":2,"enemies":"Small Slimes","floor":5,"turns":3},{"damage":33,"enemies":"3 Sentries","floor":6,"turns":11},{"damage":22,"enemies":"Gremlin Nob","floor":8,"turns":5},{"damage":29,"enemies":"Lagavulin","floor":12,"turns":10}],"seed_played":"1435539752153266271","potions_obtained":[{"floor":5,"key":"Swift Potion"},{"floor":6,"key":"Regen Potion"}],"is_trial":false,"path_per_floor":["M","?","?","?","M","E","R","E","T","R","$","E"],"character_chosen":"IRONCLAD","items_purchased":["Bag of Marbles"],"campfire_rested":0,"item_purchase_floors":[11],"current_hp_per_floor":[70,54,51,51,55,28,28,26,26,26,26,0],"gold":55,"neow_bonus":"REMOVE_CARD","is_prod":false,"is_daily":false,"chose_seed":false,"campfire_upgraded":2,"win_rate":0,"timestamp":1547318973,"path_taken":["M","?","?","?","M","E","R","E","T","R","$","E"],"build_version":"2019-01-10","purchased_purges":0,"victory":false,"max_hp_per_floor":[80,80,80,80,80,80,80,80,80,80,80,80],"card_choices":[{"not_picked":["Flex","Infernal Blade"],"picked":"Clothesline","floor":1},{"not_picked":["Flex","Power Through"],"picked":"Ghostly Armor","floor":5},{"not_picked":["Rage","Perfected Strike"],"picked":"Metallicize","floor":6},{"not_picked":["Iron Wave","Bludgeon"],"picked":"Shrug It Off","floor":8}],"player_experience":1065731,"relics_obtained":[{"floor":6,"key":"Bottled Flame"},{"floor":8,"key":"Paper Frog"},{"floor":9,"key":"War Paint"}],"event_choices":[{"damage_healed":0,"gold_gain":0,"player_choice":"Entered Light","damage_taken":16,"max_hp_gain":0,"max_hp_loss":0,"event_name":"Shining Light","floor":2,"gold_loss":0,"cards_upgraded":["Strike_R","Defend_R"]},{"damage_healed":0,"gold_gain":0,"player_choice":"Success","damage_taken":3,"relics_obtained":["Art of War"],"max_hp_gain":0,"max_hp_loss":0,"event_name":"Scrap Ooze","floor":3,"gold_loss":0},{"damage_healed":0,"gold_gain":0,"player_choice":"Cursed","damage_taken":0,"max_hp_gain":0,"max_hp_loss":0,"event_name":"Wheel of Change","floor":4,"gold_loss":0,"cards_obtained":["Decay"]}],"is_beta":false,"boss_relics":[],"items_purged_floors":[],"is_endless":false,"potions_floor_spawned":[5,6],"killed_by":"Lagavulin","ascension_level":12}