{"gold_per_floor":[114,114,128,53,53,53,53,93,93,93,93,107,147,162,162,162],"floor_reached":16,"playtime":775,"items_purged":["Strike_G"],"score":108,"play_id":"60b4eae8-bbe3-4718-8e19-7408a49ccee2","local_time":"20190209215134","is_ascension_mode":false,"campfire_choices":[{"data":"Well Laid Plans","floor":7,"key":"SMITH"},{"data":"Footwork","floor":10,"key":"SMITH"},{"data":"After Image","floor":15,"key":"SMITH"}],"neow_cost":"NONE","seed_source_timestamp":707663739539565,"circlet_count":0,"master_deck":["Defend_G","Defend_G","Defend_G","Defend_G","Defend_G","Strike_G","Strike_G","Strike_G","Strike_G","Survivor","Neutralize","Well Laid Plans+1","Footwork+1","After Image+1","Backflip+1","Riddle With Holes","Prepared+1"],"relics":["Ring of the Snake","Bag of Preparation","Golden Idol","Blue Candle","Toxic Egg 2","Bag of Marbles"],"potions_floor_usage":[16,16,16],"damage_taken":[{"damage":0,"enemies":"2 Louse","floor":1,"turns":3},{"damage":0,"enemies":"Small Slimes","floor":3,"turns":4},{"damage":15,"enemies":"3 Sentries","floor":8,"turns":18},{"damage":0,"enemies":"Cultist","floor":12,"turns":5},{"damage":21,"enemies":"Gremlin Nob","floor":13,"turns":7},{"damage":8,"enemies":"Looter","floor":14,"turns":3},{"damage":26,"enemies":"Hexaghost","floor":16,"turns":21}],"seed_played":"-8576009783426098585","potions_obtained":[{"floor":1,"key":"FearPotion"},{"floor":11,"key":"Block Potion"},{"floor":11,"key":"SneckoOil"},{"floor":13,"key":"Explosive Potion"}],"is_trial":false,"path_per_floor":["M","?","M","$","?","?","R","E","T","R","?","M","E","M","R","B"],"character_chosen":"THE_SILENT","items_purchased":[],"campfire_rested":0,"item_purchase_floors":[],"current_hp_per_floor":[70,70,70,70,53,70,70,55,55,55,55,55,34,26,26,0],"gold":162,"neow_bonus":"RANDOM_COMMON_RELIC","is_prod":false,"is_daily":false,"chose_seed":false,"campfire_upgraded":3,"win_rate":0,"timestamp":1549720294,"path_taken":["M","?","M","$","?","?","R","E","T","R","?","M","E","M","R","BOSS"],"build_version":"2019-01-23","purchased_purges":1,"victory":false,"max_hp_per_floor":[70,70,70,70,70,70,70,70,70,70,70,70,70,70,70,70],"card_choices":[{"not_picked":["Skewer","Sucker Punch"],"picked":"Well Laid Plans","floor":1},{"not_picked":["Finisher","Flying Knee"],"picked":"Footwork","floor":3},{"not_picked":["Flying Knee","Prepared"],"picked":"After Image","floor":8},{"not_picked":["Quick Slash","Poisoned Stab"],"picked":"Backflip+1","floor":12},{"not_picked":["Underhanded Strike","Bullet Time+1"],"picked":"Riddle With Holes","floor":13},{"not_picked":["Backflip+1","Concentrate+1"],"picked":"Prepared+1","floor":14}],"player_experience":214873,"relics_obtained":[{"floor":8,"key":"Blue Candle"},{"floor":9,"key":"Toxic Egg 2"},{"floor":13,"key":"Bag of Marbles"}],"event_choices":[{"damage_healed":0,"gold_gain":0,"player_choice":"Ignored","damage_taken":0,"max_hp_gain":0,"max_hp_loss":0,"event_name":"Shining Light","floor":2,"gold_loss":0},{"damage_healed":0,"gold_gain":0,"player_choice":"Take Damage","damage_taken":17,"relics_obtained":["Golden Idol"],"max_hp_gain":0,"max_hp_loss":0,"event_name":"Golden Idol","floor":5,"gold_loss":0},{"damage_healed":23,"gold_gain":0,"player_choice":"Banana","damage_taken":0,"max_hp_gain":0,"max_hp_loss":0,"event_name":"Big Fish","floor":6,"gold_loss":0},{"damage_healed":0,"gold_gain":0,"player_choice":"Got Potions","damage_taken":0,"max_hp_gain":0,"max_hp_loss":0,"event_name":"Lab","floor":11,"gold_loss":0}],"is_beta":false,"boss_relics":[],"items_purged_floors":[4],"is_endless":false,"potions_floor_spawned":[1,13,14],"killed_by":"Hexaghost","ascension_level":0}