{"gold_per_floor":[112,131,131,306,4,4,20,52,52,52,79,79,89,89,89,183,183,208,229,139,153,53,91,91,124,147,160,203,224,224,247,247,343,343,359,108,131,152,167,201,201,326,351,351,351,375,399,442,442,442],"floor_reached":51,"playtime":33379,"items_purged":["Doubt","Strike_R","Strike_R"],"score":1346,"play_id":"c3bee32c-9bb6-4c6c-b81d-b48dcf5e5cdc","local_time":"20190202225505","is_ascension_mode":true,"campfire_choices":[{"data":"Pommel Strike","floor":6,"key":"SMITH"},{"data":"Flame Barrier","floor":10,"key":"SMITH"},{"data":"Body Slam","floor":12,"key":"SMITH"},{"data":"Cleave","floor":15,"key":"SMITH"},{"data":"Heavy Blade","floor":24,"key":"SMITH"},{"data":"Spot Weakness","floor":30,"key":"SMITH"},{"data":"Disarm","floor":32,"key":"SMITH"},{"floor":41,"key":"REST"},{"data":"Offering","floor":45,"key":"SMITH"},{"data":"Demon Form","floor":49,"key":"SMITH"}],"neow_cost":"NONE","seed_source_timestamp":59712594539300,"circlet_count":0,"master_deck":["AscendersBane","Strike_R","Strike_R","Defend_R","Defend_R","Defend_R","Defend_R","Bash+1","Cleave+1","Flame Barrier+1","Headbutt","Corruption+1","Pommel Strike+1","Anger","Disarm+1","Body Slam+1","Spot Weakness+1","Impervious","Heavy Blade+1","Warcry+1","Warcry+1","Spot Weakness","Metallicize","Shrug It Off","Demon Form","Combust+1","Offering+1","Combust","Shrug It Off","Flame Barrier","Demon Form+1","Shrug It Off+1","Parasite"],"relics":["Burning Blood","Mercury Hourglass","Lantern","Mummified Hand","Golden Idol","Snecko Eye","Matryoshka","Oddly Smooth Stone","Orichalcum","Centennial Puzzle","Ancient Tea Set","Runic Cube","Pocketwatch","Bird Faced Urn","Meat on the Bone","Bronze Scales","Regal Pillow"],"potions_floor_usage":[8,16,23,29,40,50,50],"damage_taken":[{"damage":14,"enemies":"Small Slimes","floor":1,"turns":5},{"damage":0,"enemies":"2 Louse","floor":2,"turns":3},{"damage":0,"enemies":"Cultist","floor":7,"turns":2},{"damage":16,"enemies":"Gremlin Nob","floor":8,"turns":3},{"damage":23,"enemies":"Lagavulin","floor":11,"turns":5},{"damage":0,"enemies":"Exordium Wildlife","floor":13,"turns":3},{"damage":24,"enemies":"Hexaghost","floor":16,"turns":10},{"damage":0,"enemies":"Spheric Guardian","floor":18,"turns":3},{"damage":5,"enemies":"Shell Parasite","floor":19,"turns":3},{"damage":0,"enemies":"Centurion and Healer","floor":21,"turns":4},{"damage":9,"enemies":"Gremlin Leader","floor":23,"turns":4},{"damage":0,"enemies":"Slavers","floor":25,"turns":4},{"damage":10,"enemies":"Chosen and Byrds","floor":27,"turns":5},{"damage":7,"enemies":"Gremlin Leader","floor":28,"turns":4},{"damage":0,"enemies":"3 Cultists","floor":29,"turns":4},{"damage":0,"enemies":"Centurion and Healer","floor":31,"turns":3},{"damage":24,"enemies":"Champ","floor":33,"turns":12},{"damage":7,"enemies":"3 Darklings","floor":35,"turns":3},{"damage":0,"enemies":"3 Shapes","floor":37,"turns":3},{"damage":10,"enemies":"Sphere and 2 Shapes","floor":38,"turns":3},{"damage":37,"enemies":"Transient","floor":39,"turns":5},{"damage":15,"enemies":"Giant Head","floor":40,"turns":6},{"damage":5,"enemies":"Mind Bloom Boss Battle","floor":42,"turns":5},{"damage":12,"enemies":"Jaw Worm Horde","floor":46,"turns":2},{"damage":3,"enemies":"Writhing Mass","floor":47,"turns":5},{"damage":6,"enemies":"Nemesis","floor":48,"turns":5},{"damage":19,"enemies":"Time Eater","floor":50,"turns":7}],"seed_played":"-8904404374219600051","potions_obtained":[{"floor":1,"key":"LiquidBronze"},{"floor":7,"key":"Fire Potion"},{"floor":11,"key":"Poison Potion"},{"floor":19,"key":"SpeedPotion"},{"floor":28,"key":"SteroidPotion"},{"floor":29,"key":"FearPotion"},{"floor":40,"key":"GamblersBrew"},{"floor":42,"key":"EssenceOfSteel"}],"is_trial":false,"path_per_floor":["M","M","?","?","$","R","M","E","T","R","E","R","M","?","R","B",null,"M","M","?","M","$","E","R","E","T","M","E","M","R","M","R","B",null,"M","$","M","M","M","E","R","?","T","?","R","M","M","E","R","B",null],"character_chosen":"IRONCLAD","items_purchased":["Corruption","Pommel Strike","Anger","Fire Potion","Offering","Weak Potion"],"campfire_rested":1,"item_purchase_floors":[5,5,5,5,36,36],"current_hp_per_floor":[60,66,66,66,66,66,72,62,62,62,45,45,51,51,51,33,60,66,67,67,69,69,66,66,69,69,65,64,69,69,69,69,51,65,64,64,69,65,34,25,45,46,46,46,46,48,63,69,69,64],"gold":442,"neow_bonus":"THREE_CARDS","is_prod":false,"is_daily":false,"chose_seed":false,"campfire_upgraded":9,"win_rate":0,"timestamp":1549144505,"path_taken":["M","M","?","?","$","R","M","E","T","R","E","R","M","?","R","BOSS","M","M","?","M","$","E","R","E","T","?","E","M","R","M","R","BOSS","M","$","M","M","M","E","R","?","T","?","R","M","M","E","R","BOSS"],"build_version":"2019-01-23","purchased_purges":3,"victory":true,"max_hp_per_floor":[75,75,75,75,75,75,75,75,75,75,75,75,75,69,69,69,69,69,69,69,69,69,69,69,69,69,69,69,69,69,69,69,69,69,69,69,69,69,69,69,69,69,69,69,69,69,69,69,69,69],"card_choices":[{"not_picked":["Blood for Blood","Wild Strike"],"picked":"Cleave","floor":0},{"not_picked":["Body Slam","Infernal Blade"],"picked":"Flame Barrier","floor":1},{"not_picked":["Cleave","Iron Wave"],"picked":"Headbutt","floor":2},{"not_picked":["Sentinel","Flex","Havoc"],"picked":"SKIP","floor":7},{"not_picked":["Sword Boomerang","Wild Strike"],"picked":"Disarm","floor":8},{"not_picked":["Anger","Fire Breathing"],"picked":"Body Slam","floor":11},{"not_picked":["Armaments","Heavy Blade"],"picked":"Spot Weakness","floor":13},{"not_picked":["Bludgeon","Double Tap"],"picked":"Impervious","floor":16},{"not_picked":["Entrench","Bloodletting"],"picked":"Heavy Blade","floor":18},{"not_picked":["Sentinel","Spot Weakness"],"picked":"Warcry+1","floor":19},{"not_picked":["Clothesline","Sword Boomerang"],"picked":"Warcry+1","floor":21},{"not_picked":["Rage","Thunderclap+1","Heavy Blade"],"picked":"SKIP","floor":23},{"not_picked":["Combust","Armaments"],"picked":"Spot Weakness","floor":25},{"not_picked":["Twin Strike","Wild Strike","Cleave"],"picked":"SKIP","floor":27},{"not_picked":["Perfected Strike","Wild Strike+1"],"picked":"Metallicize","floor":28},{"not_picked":["Pummel","Flex","Twin Strike"],"picked":"SKIP","floor":29},{"not_picked":["Dropkick","Body Slam"],"picked":"Shrug It Off","floor":31},{"not_picked":["Immolate","Offering"],"picked":"Demon Form","floor":33},{"not_picked":["Hemokinesis","Armaments"],"picked":"Combust+1","floor":35},{"not_picked":["Evolve","Bloodletting"],"picked":"Combust","floor":37},{"not_picked":["Bloodletting","Flex"],"picked":"Shrug It Off","floor":38},{"not_picked":["Twin Strike+1","Heavy Blade","Fire Breathing+1"],"picked":"SKIP","floor":39},{"not_picked":["Fire Breathing","Cleave"],"picked":"Flame Barrier","floor":40},{"not_picked":["Dropkick","Perfected Strike"],"picked":"Shrug It Off+1","floor":46},{"not_picked":["Pommel Strike","Iron Wave+1","Corruption"],"picked":"SKIP","floor":47},{"not_picked":["Cleave","True Grit","Flex+1"],"picked":"SKIP","floor":48}],"player_experience":297870,"relics_obtained":[{"floor":8,"key":"Mercury Hourglass"},{"floor":9,"key":"Lantern"},{"floor":11,"key":"Mummified Hand"},{"floor":23,"key":"Matryoshka"},{"floor":25,"key":"Oddly Smooth Stone"},{"floor":26,"key":"Orichalcum"},{"floor":26,"key":"Centennial Puzzle"},{"floor":28,"key":"Ancient Tea Set"},{"floor":40,"key":"Pocketwatch"},{"floor":42,"key":"Bird Faced Urn"},{"floor":43,"key":"Meat on the Bone"},{"floor":43,"key":"Bronze Scales"},{"floor":48,"key":"Regal Pillow"}],"event_choices":[{"damage_healed":0,"gold_gain":0,"player_choice":"Grow","damage_taken":0,"max_hp_gain":0,"max_hp_loss":0,"event_name":"Living Wall","floor":3,"gold_loss":0,"cards_upgraded":["Bash"]},{"damage_healed":0,"gold_gain":175,"player_choice":"AGREE","damage_taken":0,"max_hp_gain":0,"max_hp_loss":0,"event_name":"Liars Game","floor":4,"gold_loss":0,"cards_obtained":["Doubt"]},{"damage_healed":0,"gold_gain":0,"player_choice":"Lose Max HP","damage_taken":0,"relics_obtained":["Golden Idol"],"max_hp_gain":0,"max_hp_loss":6,"event_name":"Golden Idol","floor":14,"gold_loss":0},{"cards_removed":["Strike_R"],"damage_healed":0,"gold_gain":0,"player_choice":"Upgrade and Remove","damage_taken":0,"max_hp_gain":0,"max_hp_loss":0,"event_name":"Designer","floor":20,"gold_loss":90,"cards_upgraded":["Corruption"]},{"damage_healed":0,"gold_gain":0,"player_choice":"Fight","damage_taken":0,"max_hp_gain":0,"max_hp_loss":0,"event_name":"MindBloom","floor":42,"gold_loss":0},{"damage_healed":0,"gold_gain":0,"player_choice":"Copied","damage_taken":0,"max_hp_gain":0,"max_hp_loss":0,"event_name":"Duplicator","floor":44,"gold_loss":0,"cards_obtained":["Demon Form"]}],"is_beta":false,"boss_relics":[{"not_picked":["Tiny House","White Beast Statue"],"picked":"Snecko Eye"},{"not_picked":["Fusion Hammer","Coffee Dripper"],"picked":"Runic Cube"}],"items_purged_floors":[5,22,36],"is_endless":false,"potions_floor_spawned":[1,7,11,19,28,29,33,38,39,40,42,46],"ascension_level":14}