{"gold_per_floor":[112,132,147,20,37,37,70,70,70,84,84,110,124,153,153,228,228,244,159,171,42,42,75,75,109,109,109],"floor_reached":27,"playtime":1892,"items_purged":["Strike_R"],"score":457,"play_id":"491e517a-d195-4b08-a335-e4cf5287befe","local_time":"20190204105218","is_ascension_mode":true,"campfire_choices":[{"data":"Inflame","floor":6,"key":"SMITH"},{"data":"Fiend Fire","floor":8,"key":"SMITH"},{"data":"Bash","floor":11,"key":"SMITH"},{"data":"Flame Barrier","floor":15,"key":"SMITH"},{"floor":24,"key":"REST"}],"neow_cost":"TEN_PERCENT_HP_LOSS","seed_source_timestamp":220523148912900,"circlet_count":0,"master_deck":["AscendersBane","Strike_R","Strike_R","Defend_R","Defend_R","Defend_R","Defend_R","Bash+1","Twin Strike","Sword Boomerang","Inflame+1","Flame Barrier+1","Fiend Fire+1","Spot Weakness","Dropkick","Cleave","Immolate","Ghostly Armor+1","True Grit","Necronomicurse","Shrug It Off","Barricade"],"relics":["Burning Blood","WingedGreaves","Ice Cream","Unceasing Top","Odd Mushroom","Philosopher\u0027s Stone","Dream Catcher","Necronomicon","Vajra","Thread and Needle","Toxic Egg 2"],"potions_floor_usage":[5,5,12,13,18,20,25],"damage_taken":[{"damage":6,"enemies":"Cultist","floor":1,"turns":4},{"damage":0,"enemies":"Small Slimes","floor":2,"turns":3},{"damage":4,"enemies":"Jaw Worm","floor":3,"turns":3},{"damage":0,"enemies":"Large Slime","floor":5,"turns":4},{"damage":29,"enemies":"Gremlin Nob","floor":7,"turns":4},{"damage":6,"enemies":"Looter","floor":10,"turns":3},{"damage":10,"enemies":"Lagavulin","floor":12,"turns":5},{"damage":10,"enemies":"Lots of Slimes","floor":13,"turns":6},{"damage":16,"enemies":"The Mushroom Lair","floor":14,"turns":3},{"damage":21,"enemies":"Hexaghost","floor":16,"turns":6},{"damage":12,"enemies":"3 Byrds","floor":18,"turns":3},{"damage":6,"enemies":"Shell Parasite","floor":20,"turns":3},{"damage":24,"enemies":"Book of Stabbing","floor":23,"turns":3},{"damage":11,"enemies":"Gremlin Leader","floor":25,"turns":4},{"damage":32,"enemies":"Slavers","floor":27,"turns":3}],"seed_played":"-5385206965498669526","potions_obtained":[{"floor":1,"key":"PowerPotion"},{"floor":10,"key":"FearPotion"},{"floor":12,"key":"Dexterity Potion"},{"floor":13,"key":"SteroidPotion"},{"floor":18,"key":"Block Potion"},{"floor":23,"key":"AttackPotion"}],"is_trial":false,"path_per_floor":["M","M","M","$","M","R","E","R","T","M","R","E","M","?","R","B",null,"M","?","M","$","?","E","R","E","T","E"],"character_chosen":"IRONCLAD","items_purchased":["Inflame","Strength Potion","True Grit"],"campfire_rested":1,"item_purchase_floors":[4,4,21],"current_hp_per_floor":[68,68,68,68,68,68,45,45,45,45,45,41,37,27,27,12,54,48,48,48,48,27,9,29,24,24,0],"gold":109,"neow_bonus":"REMOVE_TWO","is_prod":false,"is_daily":false,"chose_seed":false,"campfire_upgraded":4,"win_rate":0,"timestamp":1549273938,"path_taken":["M","M","?","$","M","R","E","R","T","?","R","E","M","?","R","BOSS","M","?","M","$","?","E","R","E","T","E"],"build_version":"2019-01-23","purchased_purges":1,"victory":false,"max_hp_per_floor":[68,68,68,68,68,68,68,68,68,68,68,68,68,68,68,68,68,68,68,68,68,68,68,68,68,68,68],"card_choices":[{"not_picked":["Intimidate","Clothesline"],"picked":"Twin Strike","floor":1},{"not_picked":["Twin Strike","Cleave"],"picked":"Sword Boomerang","floor":2},{"not_picked":["Rage","Seeing Red","Flex"],"picked":"SKIP","floor":3},{"not_picked":["Wild Strike","Pommel Strike"],"picked":"Flame Barrier","floor":5},{"not_picked":["Sword Boomerang","Sever Soul"],"picked":"Fiend Fire","floor":7},{"not_picked":["Flex","Rage"],"picked":"Spot Weakness","floor":10},{"not_picked":["Burning Pact","Warcry"],"picked":"Dropkick","floor":12},{"not_picked":["Body Slam","Heavy Blade"],"picked":"Cleave","floor":13},{"not_picked":["Impervious","Demon Form"],"picked":"Immolate","floor":16},{"not_picked":["Sword Boomerang","Clash","Armaments"],"picked":"SKIP","floor":18},{"not_picked":["Pummel","Metallicize"],"picked":"Ghostly Armor+1","floor":20},{"not_picked":["Thunderclap","Pommel Strike","Rampage+1"],"picked":"SKIP","floor":23},{"not_picked":["Dual Wield","Clash"],"picked":"Shrug It Off","floor":24},{"not_picked":["Intimidate+1","Combust"],"picked":"Barricade","floor":25}],"player_experience":375988,"relics_obtained":[{"floor":7,"key":"WingedGreaves"},{"floor":9,"key":"Ice Cream"},{"floor":12,"key":"Unceasing Top"},{"floor":14,"key":"Odd Mushroom"},{"floor":22,"key":"Necronomicon"},{"floor":23,"key":"Vajra"},{"floor":25,"key":"Thread and Needle"},{"floor":26,"key":"Toxic Egg 2"}],"event_choices":[{"damage_healed":0,"gold_gain":0,"player_choice":"Fought Mushrooms","damage_taken":0,"max_hp_gain":0,"max_hp_loss":0,"event_name":"Mushrooms","floor":14,"gold_loss":0},{"damage_healed":0,"gold_gain":0,"player_choice":"Obtained Relic","damage_taken":0,"relics_obtained":["Dream Catcher"],"max_hp_gain":0,"max_hp_loss":0,"event_name":"Addict","floor":19,"gold_loss":85},{"damage_healed":0,"gold_gain":0,"player_choice":"Obtained Book","damage_taken":21,"max_hp_gain":0,"max_hp_loss":0,"event_name":"Cursed Tome","floor":22,"gold_loss":0}],"is_beta":false,"boss_relics":[{"not_picked":["Sozu","Orrery"],"picked":"Philosopher\u0027s Stone"}],"items_purged_floors":[21],"is_endless":false,"potions_floor_spawned":[1,10,12,13,18,23],"killed_by":"Slavers","ascension_level":15}