{"gold_per_floor":[113,128,145,156,156,156,172,172,172,189,209,1,26,46,46,147,147,166,166,181,106,117,152,152,185,185,185,105,124,124,124,124,220,270,286,186,186,40,50,77,77,88,88,10,21,21,38,58,58,58],"floor_reached":51,"playtime":1890,"items_purged":["Strike_B","Strike_B"],"score":746,"play_id":"3685c736-14d0-4c9f-859b-0229c3ecd8df","local_time":"20190111224300","is_ascension_mode":false,"campfire_choices":[{"data":"Defragment","floor":6.0,"key":"SMITH"},{"data":"Dualcast","floor":8.0,"key":"SMITH"},{"data":"Zap","floor":15.0,"key":"SMITH"},{"floor":24.0,"key":"REST"},{"data":"Apotheosis","floor":32,"key":"SMITH"},{"data":"Rainbow","floor":41,"key":"SMITH"},{"data":"Hologram","floor":46,"key":"SMITH"},{"floor":49,"key":"REST"}],"neow_cost":"NONE","seed_source_timestamp":1564824257135433,"circlet_count":0,"master_deck":["Strike_B","Strike_B+1","Defend_B","Defend_B","Defend_B","Defend_B","Zap+1","Dualcast+1","Defragment+1","Conserve Battery","Hologram+1","Ball Lightning+1","BootSequence","Apotheosis+1","Capacitor","Glacier","Rainbow+1","Conserve Battery","Electrodynamics","Coolheaded","Capacitor+1","Undo","Seek+1","Defragment+1","Barrage+1"],"special_seed":0,"relics":["Cracked Core","Ancient Tea Set","Anchor","Dream Catcher","Philosopher\u0027s Stone","Sundial","Frozen Egg 2","Pantograph","Du-Vu Doll","Happy Flower","Tiny House","Whetstone","Kunai","Bag of Marbles"],"potions_floor_usage":[25,25,50,50,50],"damage_taken":[{"damage":0.0,"enemies":"Cultist","floor":1.0,"turns":4.0},{"damage":2.0,"enemies":"Small Slimes","floor":2.0,"turns":4.0},{"damage":7.0,"enemies":"Jaw Worm","floor":3.0,"turns":4.0},{"damage":11.0,"enemies":"Exordium Thugs","floor":4.0,"turns":5.0},{"damage":0.0,"enemies":"Blue Slaver","floor":7.0,"turns":2.0},{"damage":3.0,"enemies":"Lots of Slimes","floor":10.0,"turns":4.0},{"damage":5.0,"enemies":"Looter","floor":11.0,"turns":3.0},{"damage":1.0,"enemies":"3 Sentries","floor":13.0,"turns":7.0},{"damage":0.0,"enemies":"Exordium Wildlife","floor":14.0,"turns":2.0},{"damage":35.0,"enemies":"The Guardian","floor":16.0,"turns":10.0},{"damage":16.0,"enemies":"Spheric Guardian","floor":18.0,"turns":4.0},{"damage":2.0,"enemies":"Shell Parasite","floor":20.0,"turns":5.0},{"damage":0.0,"enemies":"Shelled Parasite and Fungi","floor":22.0,"turns":9.0},{"damage":20.0,"enemies":"Slavers","floor":23.0,"turns":4.0},{"damage":7,"enemies":"Gremlin Leader","floor":25,"turns":8},{"damage":0,"enemies":"Centurion and Healer","floor":29,"turns":7},{"damage":13,"enemies":"Automaton","floor":33,"turns":10},{"damage":0,"enemies":"Orb Walker","floor":35,"turns":5},{"damage":12,"enemies":"3 Darklings","floor":39,"turns":5},{"damage":1,"enemies":"Nemesis","floor":40,"turns":7},{"damage":1,"enemies":"Spire Growth","floor":42,"turns":7},{"damage":29,"enemies":"Writhing Mass","floor":45,"turns":6},{"damage":22,"enemies":"Jaw Worm Horde","floor":47,"turns":3},{"damage":8,"enemies":"3 Darklings","floor":48,"turns":5},{"damage":5,"enemies":"Time Eater","floor":50,"turns":15}],"seed_played":"-5900549424238473113","potions_obtained":[{"floor":2.0,"key":"Strength Potion"},{"floor":3.0,"key":"SpeedPotion"},{"floor":10.0,"key":"SteroidPotion"},{"floor":16.0,"key":"SkillPotion"},{"floor":18.0,"key":"SkillPotion"},{"floor":23.0,"key":"Block Potion"},{"floor":29,"key":"SteroidPotion"},{"floor":33,"key":"GamblersBrew"},{"floor":34,"key":"Ancient Potion"},{"floor":45,"key":"PowerPotion"}],"is_trial":false,"path_per_floor":["M","M","M","M","$","R","M","R","T","M","M","$","E","M","R","B",null,"M","?","M","$","M","E","R","E","T","?","$","M","T","?","R","B",null,"M","$","?","$","M","E","R","M","T","$","M","R","M","M","R","B",null],"character_chosen":"DEFECT","items_purchased":["Apotheosis","Capacitor","Capacitor+1","Whetstone","FocusPotion"],"campfire_rested":2,"item_purchase_floors":[12,12,28,38,44],"current_hp_per_floor":[75,73,66,55,55,55,55,55,55,52,47,47,46,46,46,11,75,59,59,57,57,57,37,59,52,52,52,52,52,52,52,52,62,80,80,80,80,80,68,67,67,66,66,66,37,37,15,7,31,51],"gold":58,"neow_bonus":"RANDOM_COMMON_RELIC","is_prod":false,"is_daily":false,"chose_seed":false,"campfire_upgraded":6,"win_rate":0,"timestamp":1547246580,"path_taken":["M","?","M","M","?","R","M","R","T","M","M","$","E","?","R","BOSS","M","?","M","$","M","E","R","E","T","?","$","?","?","?","R","BOSS","M","?","?","?","M","E","R","M","T","$","M","R","M","M","R","BOSS"],"build_version":"2019-01-10","purchased_purges":2,"victory":true,"max_hp_per_floor":[75,75,75,75,75,75,75,75,75,75,75,75,75,75,75,75,75,75,75,75,75,75,75,75,75,75,75,75,75,75,75,75,75,80,80,80,80,80,80,80,80,80,80,80,80,80,80,80,80,80],"card_choices":[{"not_picked":["Cold Snap","Compile Driver","Fusion"],"picked":"SKIP","floor":1.0},{"not_picked":["Gash","Scrape"],"picked":"Defragment","floor":2.0},{"not_picked":["Chaos","Go for the Eyes"],"picked":"Conserve Battery","floor":3.0},{"not_picked":["Turbo","Self Repair"],"picked":"Hologram","floor":4.0},{"not_picked":["Sunder","Genetic Algorithm"],"picked":"Ball Lightning","floor":7.0},{"not_picked":["Loop","Cold Snap","Compile Driver"],"picked":"SKIP","floor":10.0},{"not_picked":["Auto Shields","Fusion"],"picked":"BootSequence","floor":11.0},{"not_picked":["Recycle","Aggregate","Biased Cognition"],"picked":"SKIP","floor":13.0},{"not_picked":["Gash","Rebound"],"picked":"Glacier","floor":14.0},{"not_picked":["Multi-Cast","Buffer"],"picked":"Rainbow","floor":16.0},{"not_picked":["Darkness","Double Energy"],"picked":"Conserve Battery","floor":18.0},{"not_picked":["Steam","Redo","Sweeping Beam"],"picked":"SKIP","floor":20.0},{"not_picked":["Coolheaded","Conserve Battery+1"],"picked":"Electrodynamics","floor":22.0},{"not_picked":["Redo","Force Field","Rebound"],"picked":"SKIP","floor":23.0},{"not_picked":["FTL+1","Biased Cognition","Streamline"],"picked":"SKIP","floor":25},{"not_picked":["Steam","BootSequence"],"picked":"Undo","floor":29},{"not_picked":["Meteor Strike","Fission"],"picked":"Seek","floor":33},{"not_picked":["Turbo","Genetic Algorithm"],"picked":"Defragment+1","floor":34},{"not_picked":["Steam","Leap","Steam Power+1"],"picked":"SKIP","floor":35},{"not_picked":["Compile Driver","Aggregate","Streamline"],"picked":"SKIP","floor":39},{"not_picked":["Redo+1","Leap","Scrape"],"picked":"SKIP","floor":40},{"not_picked":["Double Energy+1","Ball Lightning+1"],"picked":"Barrage+1","floor":42},{"not_picked":["Gash+1","Turbo+1","Force Field+1"],"picked":"SKIP","floor":45},{"not_picked":["Consume+1","Go for the Eyes","Lockon+1"],"picked":"SKIP","floor":47},{"not_picked":["Steam+1","FTL","Hello World+1"],"picked":"SKIP","floor":48}],"player_experience":963778,"relics_obtained":[{"floor":9.0,"key":"Anchor"},{"floor":13.0,"key":"Dream Catcher"},{"floor":23.0,"key":"Sundial"},{"floor":25,"key":"Frozen Egg 2"},{"floor":26,"key":"Pantograph"},{"floor":30,"key":"Du-Vu Doll"},{"floor":31,"key":"Happy Flower"},{"floor":40,"key":"Kunai"},{"floor":43,"key":"Bag of Marbles"}],"event_choices":[{"damage_healed":0.0,"max_hp_gain":0.0,"max_hp_loss":0.0,"gold_gain":0.0,"event_name":"Vampires","player_choice":"Ignored","floor":19.0,"gold_loss":0.0,"damage_taken":0.0},{"damage_healed":0,"gold_gain":0,"player_choice":"Read","damage_taken":0,"max_hp_gain":0,"max_hp_loss":0,"event_name":"The Library","floor":27,"gold_loss":0,"cards_obtained":["Coolheaded"]},{"damage_healed":0,"gold_gain":0,"player_choice":"Relic","damage_taken":0,"max_hp_gain":0,"max_hp_loss":0,"event_name":"Wheel of Change","floor":31,"gold_loss":0},{"damage_healed":0,"gold_gain":0,"player_choice":"Ignored","damage_taken":0,"max_hp_gain":0,"max_hp_loss":0,"event_name":"Mysterious Sphere","floor":37,"gold_loss":0}],"is_beta":false,"boss_relics":[{"not_picked":["Pandora\u0027s Box","FrozenCore"],"picked":"Philosopher\u0027s Stone"},{"not_picked":["Runic Pyramid","Black Star"],"picked":"Tiny House"}],"items_purged_floors":[21,36],"is_endless":false,"potions_floor_spawned":[2,3,10,16,18,23,29,33,45,47],"ascension_level":0}