{"gold_per_floor":[111,111,123,133,147,147,147,147,147,147,172,191,202,202,202,307,307,326,251,266,266,266,266,283,38,38,52,52,52,52,69,69,164,164,177,102,117,135,235,235,254,254,254,272,272,272,272,287,287,287],"floor_reached":51,"playtime":1569,"items_purged":["Ball Lightning"],"score":749,"play_id":"99c92342-716a-4504-a453-c3efaeadb228","local_time":"20181210223018","is_ascension_mode":false,"campfire_choices":[{"data":"Dualcast","floor":6.0,"key":"SMITH"},{"data":"Zap","floor":8.0,"key":"SMITH"},{"data":"Blind","floor":10.0,"key":"SMITH"},{"data":"Ball Lightning","floor":15.0,"key":"SMITH"},{"data":"Rainbow","floor":23.0,"key":"SMITH"},{"data":"Defragment","floor":29.0,"key":"SMITH"},{"data":"Barrage","floor":32.0,"key":"SMITH"},{"data":"Electrodynamics","floor":40.0,"key":"SMITH"},{"data":"Capacitor","floor":46,"key":"SMITH"},{"data":"Buffer","floor":49,"key":"SMITH"}],"neow_cost":"NONE","seed_source_timestamp":1033669959737224,"circlet_count":0,"master_deck":["Zap+1","Dualcast+1","Blind+1","Conserve Battery","Undo","Ball Lightning+1","BootSequence","Conserve Battery","Rainbow+1","Barrage+1","Turbo","Ball Lightning","Coolheaded","Defragment+1","Chill","Chill","Leap+1","Buffer+1","Capacitor+1","Auto Shields","Glacier+1","Electrodynamics+1","Parasite"],"special_seed":0,"relics":["Cracked Core","Happy Flower","Pear","FaceOfCleric","Pandora\u0027s Box","Runic Capacitor","Kunai","Meat on the Bone","Orrery"],"potions_floor_usage":[50,50,50],"damage_taken":[{"damage":0.0,"enemies":"Cultist","floor":1.0,"turns":4.0},{"damage":1.0,"enemies":"2 Louse","floor":3.0,"turns":3.0},{"damage":0.0,"enemies":"Jaw Worm","floor":4.0,"turns":3.0},{"damage":0.0,"enemies":"3 Louse","floor":5.0,"turns":4.0},{"damage":6.0,"enemies":"Lagavulin","floor":11.0,"turns":9.0},{"damage":0.0,"enemies":"Exordium Wildlife","floor":12.0,"turns":4.0},{"damage":1.0,"enemies":"Large Slime","floor":13.0,"turns":5.0},{"damage":42.0,"enemies":"Hexaghost","floor":16.0,"turns":12.0},{"damage":0.0,"enemies":"Chosen","floor":18.0,"turns":4.0},{"damage":1.0,"enemies":"2 Thieves","floor":20.0,"turns":3.0},{"damage":13.0,"enemies":"Sentry and Sphere","floor":24.0,"turns":4.0},{"damage":5.0,"enemies":"3 Cultists","floor":27.0,"turns":4.0},{"damage":11.0,"enemies":"Snake Plant","floor":31.0,"turns":3.0},{"damage":4.0,"enemies":"Champ","floor":33.0,"turns":8.0},{"damage":0.0,"enemies":"3 Darklings","floor":35.0,"turns":6.0},{"damage":0.0,"enemies":"Orb Walker","floor":37.0,"turns":6.0},{"damage":0.0,"enemies":"3 Darklings","floor":38.0,"turns":8.0},{"damage":0.0,"enemies":"Writhing Mass","floor":41.0,"turns":6.0},{"damage":0,"enemies":"Sphere and 2 Shapes","floor":44,"turns":6},{"damage":17,"enemies":"Jaw Worm Horde","floor":48,"turns":3},{"damage":0,"enemies":"Donu and Deca","floor":50,"turns":7}],"seed_played":"-8887930459720672585","potions_obtained":[{"floor":2.0,"key":"FocusPotion"},{"floor":2.0,"key":"Weak Potion"},{"floor":2.0,"key":"FocusPotion"},{"floor":13.0,"key":"FocusPotion"}],"is_trial":false,"path_per_floor":["M","?","M","M","M","R","$","R","T","R","E","M","M","?","R","B",null,"M","?","M","?","?","R","M","$","T","M","?","R","T","M","R","B",null,"M","$","M","M","?","R","M","?","T","M","?","R","?","M","R","B",null],"character_chosen":"DEFECT","items_purchased":["Defragment","Runic Capacitor"],"campfire_rested":0,"item_purchase_floors":[25,25],"current_hp_per_floor":[75,75,74,74,74,74,74,74,74,74,78,78,77,77,77,36,86,87,87,87,70,70,70,58,58,58,54,54,54,54,56,56,53,97,98,98,99,100,100,100,101,101,101,102,102,102,97,81,81,82],"gold":287,"neow_bonus":"RANDOM_COLORLESS","is_prod":false,"is_daily":false,"chose_seed":false,"campfire_upgraded":10,"win_rate":0,"timestamp":1544481018,"path_taken":["M","?","M","M","?","R","?","R","T","R","E","?","M","?","R","BOSS","M","?","M","?","?","R","M","$","T","?","?","R","?","M","R","BOSS","M","$","M","M","?","R","?","?","T","M","?","R","?","M","R","BOSS"],"build_version":"2018-12-06","purchased_purges":1,"victory":true,"max_hp_per_floor":[75,75,75,75,75,75,75,75,75,75,85,85,85,85,85,86,86,87,87,88,93,93,93,94,94,94,95,95,95,95,96,96,97,97,98,98,99,100,100,100,101,101,101,102,102,102,97,98,98,99],"card_choices":[{"not_picked":["Reinforced Body","Gash"],"picked":"Conserve Battery","floor":1.0},{"not_picked":["Gash","Turbo","Leap"],"picked":"SKIP","floor":3.0},{"not_picked":["Stack","Static Discharge","Hello World"],"picked":"SKIP","floor":4.0},{"not_picked":["Compile Driver","Hologram"],"picked":"Undo","floor":5.0},{"not_picked":["Compile Driver","Skim"],"picked":"Ball Lightning","floor":11.0},{"not_picked":["Turbo","Barrage"],"picked":"BootSequence","floor":12.0},{"not_picked":["Blizzard","Darkness"],"picked":"Conserve Battery","floor":13.0},{"not_picked":["Machine Learning","Biased Cognition"],"picked":"Rainbow","floor":16.0},{"not_picked":["Barrage","Sweeping Beam","Compile Driver"],"picked":"SKIP","floor":18.0},{"not_picked":["Melter","Steam","Hologram"],"picked":"SKIP","floor":20.0},{"not_picked":["Conserve Battery","Turbo","Ball Lightning"],"picked":"SKIP","floor":24.0},{"not_picked":["Leap","Hello World","Reboot"],"picked":"SKIP","floor":27.0},{"not_picked":["Chill","Compile Driver"],"picked":"Leap+1","floor":31.0},{"not_picked":["Rainbow","Fission"],"picked":"Buffer","floor":33.0},{"not_picked":["Hologram+1","Coolheaded"],"picked":"Capacitor","floor":34.0},{"not_picked":["Blizzard","Creative AI"],"picked":"Auto Shields","floor":34.0},{"not_picked":["Chill+1","Stack+1"],"picked":"Hologram+1","floor":34.0},{"not_picked":["Chill","Stack"],"picked":"Glacier+1","floor":35.0},{"not_picked":["Darkness","Stack+1","Doom and Gloom"],"picked":"SKIP","floor":37.0},{"not_picked":["Coolheaded+1","Turbo+1"],"picked":"Electrodynamics","floor":38.0},{"not_picked":["Compile Driver+1","Turbo","Doom and Gloom+1"],"picked":"SKIP","floor":41.0},{"not_picked":["Hologram","Beam Cell","Conserve Battery"],"picked":"SKIP","floor":44},{"not_picked":["Conserve Battery","Melter","BootSequence"],"picked":"SKIP","floor":48}],"player_experience":871857,"relics_obtained":[{"floor":9.0,"key":"Happy Flower"},{"floor":11.0,"key":"Pear"},{"floor":26.0,"key":"Kunai"},{"floor":30.0,"key":"Meat on the Bone"}],"event_choices":[{"damage_healed":0.0,"max_hp_gain":0.0,"max_hp_loss":0.0,"gold_gain":0.0,"event_name":"Lab","player_choice":"Got Potions","floor":2.0,"gold_loss":0.0,"damage_taken":0.0},{"damage_healed":0.0,"max_hp_gain":0.0,"max_hp_loss":0.0,"gold_gain":0.0,"event_name":"FaceTrader","player_choice":"Trade","floor":14.0,"gold_loss":0.0,"damage_taken":0.0,"relics_obtained":["FaceOfCleric"]},{"cards_removed":["Streamline"],"damage_healed":0.0,"max_hp_gain":0.0,"max_hp_loss":0.0,"gold_gain":0.0,"event_name":"Beggar","player_choice":"Gave Gold","floor":19.0,"gold_loss":75.0,"damage_taken":0.0},{"damage_healed":0.0,"max_hp_gain":5.0,"max_hp_loss":0.0,"gold_gain":0.0,"event_name":"Forgotten Altar","player_choice":"Shed Blood","floor":21.0,"gold_loss":0.0,"damage_taken":22.0},{"damage_healed":0.0,"max_hp_gain":0.0,"max_hp_loss":0.0,"gold_gain":0.0,"event_name":"The Mausoleum","player_choice":"Ignored","floor":22.0,"gold_loss":0.0,"damage_taken":0.0},{"damage_healed":0.0,"max_hp_gain":0.0,"max_hp_loss":0.0,"gold_gain":0.0,"cards_transformed":["Recycle","Streamline"],"event_name":"Drug Dealer","player_choice":"Became Test Subject","floor":28.0,"gold_loss":0.0,"damage_taken":0.0,"cards_obtained":["Chill","Chill"]},{"damage_healed":0.0,"max_hp_gain":0.0,"max_hp_loss":0.0,"gold_gain":100.0,"event_name":"Golden Shrine","player_choice":"Pray","floor":39.0,"gold_loss":0.0,"damage_taken":0.0},{"damage_healed":0.0,"max_hp_gain":0.0,"max_hp_loss":0.0,"gold_gain":0.0,"event_name":"SensoryStone","player_choice":"Memory 1","floor":42.0,"gold_loss":0.0,"damage_taken":0.0},{"cards_removed":["Hologram"],"damage_healed":0,"gold_gain":0,"player_choice":"Removed Skill","damage_taken":0,"max_hp_gain":0,"max_hp_loss":0,"event_name":"Falling","floor":45,"gold_loss":0},{"damage_healed":0,"gold_gain":0,"player_choice":"Max HP","damage_taken":0,"max_hp_gain":0,"max_hp_loss":5,"event_name":"Winding Halls","floor":47,"gold_loss":0}],"is_beta":false,"boss_relics":[{"not_picked":["Runic Pyramid","Empty Cage"],"picked":"Pandora\u0027s Box"},{"not_picked":["White Beast Statue","Lizard Tail"],"picked":"Orrery"}],"items_purged_floors":[36],"is_endless":false,"potions_floor_spawned":[3,12,13,16,18,41,44,48],"ascension_level":0}