{"gold_per_floor":[116,116,134,41,57,57,92,92,92,111,140,65,75,91,91,190,240,251,100,111,111,125,152,152,164,164,39,112,128,145,155,155,259,259,271,271,271,41,57,57,77,77,77,77,88,105,105,120,120,120],"floor_reached":51,"playtime":1516,"items_purged":["Strike_B","Strike_B","Strike_B"],"score":733,"play_id":"4911aac5-5a87-4479-9d8a-f5616ce6aa22","local_time":"20190208143551","is_ascension_mode":false,"campfire_choices":[{"data":"Defragment","floor":6.0,"key":"SMITH"},{"data":"Dualcast","floor":8.0,"key":"SMITH"},{"data":"Zap","floor":15.0,"key":"SMITH"},{"data":"Buffer","floor":24.0,"key":"SMITH"},{"data":"Defragment","floor":32.0,"key":"SMITH"},{"floor":40.0,"key":"REST"},{"floor":42.0,"key":"REST"},{"floor":44.0,"key":"RECALL"},{"floor":47,"key":"REST"},{"floor":49,"key":"REST"}],"neow_cost":"NONE","seed_source_timestamp":3955039845148436,"circlet_count":0,"master_deck":["Strike_B+1","Defend_B","Defend_B+1","Defend_B","Defend_B","Zap+1","Dualcast+1","Ball Lightning+1","Defragment+1","Ball Lightning","Ball Lightning+1","FTL+1","Conserve Battery","Buffer+1","Glacier","Conserve Battery","Hologram+1","Defragment+1","BootSequence","Glacier","Thunder Strike+1","Stack+1","Madness","Madness","Steam+1","White Noise+1"],"special_seed":0,"relics":["Cracked Core","Bronze Scales","Cables","Molten Egg 2","Art of War","Tiny House","Dodecahedron","Meat on the Bone","Matryoshka","Fusion Hammer","Whetstone","Pen Nib","Frozen Egg 2"],"potions_floor_usage":[50,50,50],"damage_taken":[{"damage":1.0,"enemies":"Jaw Worm","floor":1.0,"turns":3.0},{"damage":0.0,"enemies":"Cultist","floor":3.0,"turns":3.0},{"damage":0.0,"enemies":"Small Slimes","floor":5.0,"turns":2.0},{"damage":18.0,"enemies":"3 Sentries","floor":7.0,"turns":5.0},{"damage":10.0,"enemies":"Exordium Thugs","floor":10.0,"turns":2.0},{"damage":18.0,"enemies":"Lagavulin","floor":11.0,"turns":4.0},{"damage":6.0,"enemies":"3 Louse","floor":13.0,"turns":2.0},{"damage":0.0,"enemies":"Large Slime","floor":14.0,"turns":2.0},{"damage":18.0,"enemies":"The Guardian","floor":16.0,"turns":7.0},{"damage":0.0,"enemies":"3 Byrds","floor":18.0,"turns":2.0},{"damage":6.0,"enemies":"Shell Parasite","floor":20.0,"turns":5.0},{"damage":1.0,"enemies":"Centurion and Healer","floor":22.0,"turns":6.0},{"damage":9.0,"enemies":"Gremlin Leader","floor":23.0,"turns":6.0},{"damage":0.0,"enemies":"Sentry and Sphere","floor":25.0,"turns":4.0},{"damage":7.0,"enemies":"Snake Plant","floor":29.0,"turns":3.0},{"damage":10.0,"enemies":"3 Cultists","floor":30.0,"turns":4.0},{"damage":7.0,"enemies":"Centurion and Healer","floor":31.0,"turns":6.0},{"damage":13.0,"enemies":"Champ","floor":33.0,"turns":11.0},{"damage":0.0,"enemies":"Orb Walker","floor":35.0,"turns":3.0},{"damage":31.0,"enemies":"3 Darklings","floor":39.0,"turns":5.0},{"damage":0.0,"enemies":"Sphere and 2 Shapes","floor":41.0,"turns":5.0},{"damage":2.0,"enemies":"Maw","floor":45.0,"turns":7.0},{"damage":18,"enemies":"4 Shapes","floor":46,"turns":7},{"damage":0,"enemies":"Transient","floor":48,"turns":5},{"damage":0,"enemies":"Time Eater","floor":50,"turns":7}],"seed_played":"-9083685237718039626","potions_obtained":[{"floor":1.0,"key":"Weak Potion"},{"floor":2.0,"key":"SteroidPotion"},{"floor":2.0,"key":"Energy Potion"},{"floor":2.0,"key":"GamblersBrew"},{"floor":3.0,"key":"FocusPotion"},{"floor":20.0,"key":"PowerPotion"}],"is_trial":false,"path_per_floor":["M","?","M","$","M","R","E","R","T","M","E","$","M","M","R","B",null,"M","$","M","?","M","E","R","M","T","$","T","M","M","M","R","B",null,"M","?","?","$","M","R","M","R","T","R","M","M","R","M","R","B",null],"character_chosen":"DEFECT","items_purchased":["Defragment","Ball Lightning","Conserve Battery","Whetstone","FocusPotion"],"campfire_rested":4,"item_purchase_floors":[4,4,19,38,38],"current_hp_per_floor":[74,74,74,74,74,74,56,56,56,46,28,28,22,22,22,4,80,80,80,74,74,73,64,64,64,64,64,64,57,47,52,52,51,80,80,80,70,70,51,75,75,80,80,80,78,60,80,80,80,80],"gold":120,"neow_bonus":"RANDOM_COMMON_RELIC","is_prod":false,"is_daily":false,"chose_seed":false,"campfire_upgraded":5,"win_rate":0,"timestamp":1549636551,"path_taken":["M","?","M","?","M","R","E","R","T","M","E","$","?","M","R","BOSS","M","$","M","?","M","E","R","M","T","$","?","M","?","M","R","BOSS","M","?","?","$","M","R","M","R","T","R","M","M","R","M","R","BOSS"],"build_version":"2019-01-23","purchased_purges":3,"victory":true,"max_hp_per_floor":[75,75,75,75,75,75,75,75,75,75,75,75,75,75,75,75,80,80,80,80,80,80,80,80,80,80,80,80,80,80,80,80,80,80,80,80,80,80,80,80,80,80,80,80,80,80,80,80,80,80],"card_choices":[{"not_picked":["Reprogram","Stack","Hologram"],"picked":"SKIP","floor":1.0},{"not_picked":["Redo","Stack"],"picked":"Ball Lightning","floor":3.0},{"not_picked":["Sweeping Beam","Scrape","Barrage"],"picked":"SKIP","floor":5.0},{"not_picked":["Stack","Hyperbeam","Steam"],"picked":"SKIP","floor":7.0},{"not_picked":["Hello World","Force Field"],"picked":"Ball Lightning+1","floor":10.0},{"not_picked":["Genetic Algorithm","Turbo"],"picked":"FTL+1","floor":11.0},{"not_picked":["Hologram","Turbo","Redo"],"picked":"SKIP","floor":13.0},{"not_picked":["Cold Snap+1","Chill"],"picked":"Conserve Battery","floor":14.0},{"not_picked":["Reboot","Seek"],"picked":"Buffer","floor":16.0},{"not_picked":["Turbo","Reinforced Body"],"picked":"Glacier","floor":17.0},{"not_picked":["Barrage+1","FTL+1","Sweeping Beam+1"],"picked":"SKIP","floor":18.0},{"not_picked":["Streamline+1","Steam Power"],"picked":"Hologram+1","floor":20.0},{"not_picked":["Darkness","Machine Learning","Leap"],"picked":"SKIP","floor":22.0},{"not_picked":["Ball Lightning+1","Aggregate","Compile Driver+1"],"picked":"SKIP","floor":23.0},{"not_picked":["Barrage+1","Leap+1"],"picked":"Defragment","floor":25.0},{"not_picked":["Gash+1","Reprogram"],"picked":"BootSequence","floor":29.0},{"not_picked":["Melter+1","Gash+1","Static Discharge"],"picked":"SKIP","floor":30.0},{"not_picked":["Compile Driver+1","Consume+1"],"picked":"Glacier","floor":31.0},{"not_picked":["Hyperbeam+1","Echo Form"],"picked":"Thunder Strike+1","floor":33.0},{"not_picked":["Turbo","Melter+1"],"picked":"Stack+1","floor":35.0},{"not_picked":["Streamline+1","Compile Driver+1"],"picked":"Steam+1","floor":39.0},{"not_picked":["Steam Power","Heatsinks+1"],"picked":"White Noise+1","floor":41.0},{"not_picked":["Aggregate","Redo","Self Repair+1"],"picked":"SKIP","floor":45.0},{"not_picked":["Gash+1","Barrage+1","Auto Shields"],"picked":"SKIP","floor":46},{"not_picked":["Rip and Tear+1","Stack","Heatsinks+1"],"picked":"SKIP","floor":48}],"player_experience":1022370,"relics_obtained":[{"floor":7.0,"key":"Cables"},{"floor":9.0,"key":"Molten Egg 2"},{"floor":11.0,"key":"Art of War"},{"floor":23.0,"key":"Dodecahedron"},{"floor":26.0,"key":"Meat on the Bone"},{"floor":28.0,"key":"Matryoshka"},{"floor":43.0,"key":"Pen Nib"},{"floor":43.0,"key":"Frozen Egg 2"}],"event_choices":[{"damage_healed":0.0,"max_hp_gain":0.0,"max_hp_loss":0.0,"gold_gain":0.0,"event_name":"Lab","player_choice":"Got Potions","floor":2.0,"gold_loss":0.0,"damage_taken":0.0},{"damage_healed":0.0,"max_hp_gain":0.0,"max_hp_loss":0.0,"gold_gain":0.0,"event_name":"WeMeetAgain","player_choice":"Ignored","floor":21.0,"gold_loss":0.0,"damage_taken":0.0},{"damage_healed":0.0,"max_hp_gain":0.0,"max_hp_loss":0.0,"gold_gain":0.0,"event_name":"Mysterious Sphere","player_choice":"Ignored","floor":36.0,"gold_loss":0.0,"damage_taken":0.0},{"damage_healed":0.0,"max_hp_gain":0.0,"max_hp_loss":0.0,"gold_gain":0.0,"event_name":"Winding Halls","player_choice":"Embrace Madness","floor":37.0,"gold_loss":0.0,"damage_taken":10.0,"cards_obtained":["Madness","Madness"]}],"is_beta":false,"boss_relics":[{"not_picked":["Nuclear Battery","Empty Cage"],"picked":"Tiny House"},{"not_picked":["Pandora\u0027s Box","Eternal Feather"],"picked":"Fusion Hammer"}],"items_purged_floors":[12,19,27],"is_endless":false,"potions_floor_spawned":[1,3,10,11,14,18,20,29,35,45,48],"ascension_level":0}