{"gold_per_floor":[115,127,145,160,179,179,208,208],"floor_reached":8,"playtime":438,"items_purged":[],"score":93,"play_id":"23739548-83a7-4ec1-9d66-09388a4c21d8","local_time":"20190203165544","is_ascension_mode":true,"campfire_choices":[{"data":"Static Discharge","floor":6,"key":"SMITH"}],"neow_cost":"NONE","seed_source_timestamp":179183731454283,"circlet_count":0,"master_deck":["AscendersBane","Strike_B","Strike_B","Strike_B","Strike_B","Defend_B","Defend_B","Defend_B","Defend_B","Zap+1","Dualcast","Steam","Loop","Static Discharge+1","Coolheaded","Coolheaded"],"relics":["Cracked Core","Odd Mushroom"],"potions_floor_usage":[5,8],"damage_taken":[{"damage":3,"enemies":"Small Slimes","floor":1,"turns":2},{"damage":1,"enemies":"Cultist","floor":2,"turns":3},{"damage":0,"enemies":"2 Louse","floor":3,"turns":2},{"damage":26,"enemies":"Exordium Wildlife","floor":4,"turns":7},{"damage":5,"enemies":"Lots of Slimes","floor":5,"turns":4},{"damage":11,"enemies":"The Mushroom Lair","floor":7,"turns":3},{"damage":19,"enemies":"3 Sentries","floor":8,"turns":4}],"seed_played":"-2344376762711662594","potions_obtained":[{"floor":2,"key":"Energy Potion"},{"floor":3,"key":"Fire Potion"}],"is_trial":false,"path_per_floor":["M","M","M","M","M","R","?","E"],"character_chosen":"DEFECT","items_purchased":[],"campfire_rested":0,"item_purchase_floors":[],"current_hp_per_floor":[61,60,60,34,29,29,18,0],"gold":208,"neow_bonus":"UPGRADE_CARD","is_prod":false,"is_daily":false,"chose_seed":false,"campfire_upgraded":1,"win_rate":0,"timestamp":1549241744,"path_taken":["M","M","M","M","M","R","?","E"],"build_version":"2019-01-23","purchased_purges":0,"victory":false,"max_hp_per_floor":[71,71,71,71,71,71,71,71],"card_choices":[{"not_picked":["Rebound","Redo","Go for the Eyes"],"picked":"SKIP","floor":1},{"not_picked":["Redo","Steam Power"],"picked":"Steam","floor":2},{"not_picked":["Sweeping Beam","Sunder"],"picked":"Loop","floor":3},{"not_picked":["Blizzard","Steam"],"picked":"Static Discharge","floor":4},{"not_picked":["FTL","Sweeping Beam"],"picked":"Coolheaded","floor":5},{"not_picked":["Gash","Hologram"],"picked":"Coolheaded","floor":7}],"player_experience":491833,"relics_obtained":[{"floor":7,"key":"Odd Mushroom"}],"event_choices":[{"damage_healed":0,"gold_gain":0,"player_choice":"Fought Mushrooms","damage_taken":0,"max_hp_gain":0,"max_hp_loss":0,"event_name":"Mushrooms","floor":7,"gold_loss":0}],"is_beta":false,"boss_relics":[],"items_purged_floors":[],"is_endless":false,"potions_floor_spawned":[2,3],"killed_by":"3 Sentries","ascension_level":17}