{"gold_per_floor":[114,133,133,151,170,170,170,170,241,241,260,270,280,294,294,294],"floor_reached":16,"playtime":511,"items_purged":[],"score":96,"play_id":"b711c124-c717-4149-9e12-6bbf6537beb0","local_time":"20181008005408","is_ascension_mode":false,"campfire_choices":[{"floor":6,"key":"REST"},{"data":"Infinite Blades","floor":8,"key":"SMITH"},{"data":"Neutralize","floor":10,"key":"SMITH"},{"floor":15,"key":"REST"}],"neow_cost":"CURSE","seed_source_timestamp":1324955487695601,"circlet_count":0,"master_deck":["Defend_G","Defend_G","Defend_G","Defend_G","Defend_G","Strike_G","Strike_G","Strike_G","Strike_G","Strike_G","Survivor","Neutralize+1","Shame","Sucker Punch","Infinite Blades+1","Prepared","Quick Slash","Flying Knee","Well Laid Plans","Leg Sweep+1"],"relics":["Ring of the Snake","Unceasing Top","Toxic Egg 2"],"potions_floor_usage":[],"damage_taken":[{"damage":5,"enemies":"Small Slimes","floor":1,"turns":5},{"damage":6,"enemies":"Cultist","floor":2,"turns":4},{"damage":0,"enemies":"2 Louse","floor":4,"turns":3},{"damage":31,"enemies":"Exordium Thugs","floor":5,"turns":7},{"damage":0,"enemies":"3 Louse","floor":11,"turns":3},{"damage":8,"enemies":"Gremlin Gang","floor":12,"turns":6},{"damage":9,"enemies":"Red Slaver","floor":13,"turns":3},{"damage":14,"enemies":"Exordium Thugs","floor":14,"turns":5},{"damage":38,"enemies":"Slime Boss","floor":16,"turns":5}],"seed_played":"-7577567645354288347","potions_obtained":[{"floor":2,"key":"AttackPotion"},{"floor":5,"key":"Ancient Potion"},{"floor":11,"key":"SneckoOil"},{"floor":13,"key":"Regen Potion"}],"is_trial":false,"path_per_floor":["M","M","?","M","M","R","?","R","T","R","M","M","M","M","R"],"character_chosen":"THE_SILENT","items_purchased":[],"campfire_rested":2,"item_purchase_floors":[],"current_hp_per_floor":[65,59,52,52,21,42,42,42,42,42,42,34,25,11,32,0],"gold":294,"neow_bonus":"ONE_RARE_RELIC","is_prod":false,"is_daily":false,"chose_seed":false,"campfire_upgraded":2,"win_rate":0,"timestamp":1538931248,"path_taken":["M","M","?","M","M","R","?","R","T","R","?","M","M","M","R","BOSS"],"build_version":"2018-10-04v2","purchased_purges":0,"victory":false,"max_hp_per_floor":[70,70,70,70,70,70,70,70,70,70,70,70,70,70,70,70],"card_choices":[{"not_picked":["Crippling Poison","Backflip"],"picked":"Sucker Punch","floor":1},{"not_picked":["Finisher","Masterful Stab","Deadly Poison"],"picked":"SKIP","floor":2},{"not_picked":["Acrobatics","Well Laid Plans"],"picked":"Infinite Blades","floor":4},{"not_picked":["Blur","Masterful Stab"],"picked":"Prepared","floor":5},{"not_picked":["Calculated Gamble+1","Sucker Punch"],"picked":"Quick Slash","floor":11},{"not_picked":["Bouncing Flask+1","Deflect+1"],"picked":"Flying Knee","floor":12},{"not_picked":["Burst+1","Quick Slash"],"picked":"Well Laid Plans","floor":13},{"not_picked":["Caltrops","Outmaneuver+1"],"picked":"Leg Sweep+1","floor":14}],"player_experience":16453,"relics_obtained":[{"floor":9,"key":"Toxic Egg 2"}],"event_choices":[{"event_name":"Wheel of Change","player_choice":"Damage","floor":3,"damage_taken":0},{"event_name":"The Woman in Blue","player_choice":"Bought 0 Potions","floor":7,"damage_taken":0}],"is_beta":false,"boss_relics":[],"items_purged_floors":[],"is_endless":false,"potions_floor_spawned":[2,5,11,13,14],"killed_by":"Slime Boss","ascension_level":0}