{"gold_per_floor":[14,29,29,42,60,60,76,76,102,52,63,63,76,76,76,180,180,197,212,225,150,161,161,161,161],"floor_reached":25,"playtime":623,"items_purged":["Strike_R"],"score":197,"play_id":"01f56e76-0310-4c7c-b598-807f60db22f1","local_time":"20180921173518","is_ascension_mode":false,"campfire_choices":[{"data":"Cleave","floor":6,"key":"SMITH"},{"data":"Flex","floor":8,"key":"SMITH"},{"floor":12,"key":"REST"},{"floor":15,"key":"REST"},{"data":"Whirlwind","floor":23,"key":"SMITH"}],"neow_cost":"NO_GOLD","seed_source_timestamp":1118219849929293,"circlet_count":0,"master_deck":["Strike_R+1","Strike_R+1","Defend_R","Bash","Cleave+1","Double Tap","Flex+1","True Grit+1","Whirlwind+1","J.A.X."],"relics":["Burning Blood","Smiling Mask","Empty Cage"],"potions_floor_usage":[22,25],"damage_taken":[{"damage":7,"enemies":"2 Louse","floor":1,"turns":3},{"damage":17,"enemies":"Small Slimes","floor":2,"turns":3},{"damage":0,"enemies":"Cultist","floor":4,"turns":2},{"damage":9,"enemies":"2 Fungi Beasts","floor":5,"turns":3},{"damage":19,"enemies":"Blue Slaver","floor":7,"turns":3},{"damage":16,"enemies":"Large Slime","floor":11,"turns":2},{"damage":10,"enemies":"Looter","floor":13,"turns":2},{"damage":56,"enemies":"Slime Boss","floor":16,"turns":8},{"damage":25,"enemies":"2 Thieves","floor":18,"turns":3},{"damage":15,"enemies":"Spheric Guardian","floor":19,"turns":4},{"damage":24,"enemies":"Snecko","floor":20,"turns":5},{"damage":19,"enemies":"Sentry and Sphere","floor":22,"turns":4},{"damage":39,"enemies":"Centurion and Healer","floor":25,"turns":4}],"seed_played":"3747483794163720756","potions_obtained":[{"floor":2,"key":"Regen Potion"},{"floor":4,"key":"SpeedPotion"},{"floor":7,"key":"SpeedPotion"}],"is_trial":false,"path_per_floor":["M","M","?","M","M","R","M","R","T","$","M","R","M","?","R","B",null,"M","M","M","?","M","R","?"],"character_chosen":"IRONCLAD","items_purchased":[],"campfire_rested":2,"item_purchase_floors":[],"current_hp_per_floor":[79,68,52,58,55,55,42,42,42,42,32,56,52,52,76,26,80,61,52,34,34,33,33,33,0],"gold":161,"neow_bonus":"REMOVE_TWO","is_prod":false,"is_daily":false,"chose_seed":false,"campfire_upgraded":3,"win_rate":0,"timestamp":1537565718,"path_taken":["M","M","?","M","M","R","M","R","T","$","?","R","M","?","R","BOSS","M","M","M","?","M","R","?","M"],"build_version":"2018-09-20","purchased_purges":1,"victory":false,"max_hp_per_floor":[80,80,80,80,80,80,80,80,80,80,80,80,80,80,80,80,80,80,80,80,80,80,80,80,80],"card_choices":[{"not_picked":["Headbutt","Iron Wave"],"picked":"Cleave","floor":1},{"not_picked":["Armaments","Infernal Blade","Body Slam"],"picked":"SKIP","floor":2},{"not_picked":["Heavy Blade","True Grit","Body Slam"],"picked":"SKIP","floor":4},{"not_picked":["Heavy Blade","Havoc"],"picked":"Double Tap","floor":5},{"not_picked":["Blood for Blood","Rage"],"picked":"Flex","floor":7},{"not_picked":["Headbutt","Wild Strike","Shrug It Off"],"picked":"SKIP","floor":11},{"not_picked":["Blood for Blood","Sword Boomerang","Dropkick"],"picked":"SKIP","floor":13},{"not_picked":["Armaments","Anger"],"picked":"True Grit+1","floor":18},{"not_picked":["Searing Blow+1","Dropkick+1"],"picked":"Whirlwind","floor":19},{"not_picked":["Sentinel","Perfected Strike","Pommel Strike"],"picked":"SKIP","floor":20},{"not_picked":["Havoc","Shrug It Off","Fire Breathing"],"picked":"SKIP","floor":22}],"player_experience":2804575,"relics_obtained":[{"floor":9,"key":"Smiling Mask"}],"event_choices":[{"event_name":"Shining Light","player_choice":"Entered Light","floor":3,"damage_taken":0},{"event_name":"Liars Game","player_choice":"disagreed","floor":14,"damage_taken":0},{"event_name":"Beggar","player_choice":"Gave Gold","floor":21,"damage_taken":0},{"event_name":"Drug Dealer","player_choice":"Got JAX","floor":24,"damage_taken":0}],"is_beta":false,"boss_relics":[{"not_picked":["Ectoplasm","Astrolabe"],"picked":"Empty Cage"}],"items_purged_floors":[10],"is_endless":false,"potions_floor_spawned":[2,4,7,20],"killed_by":"Centurion and Healer","ascension_level":0}