{"gold_per_floor":[109,109,177,111,111,111,122,149,149,149,159,159,133,151,151,253,253,264,280,3961,3961,3971,3971,3989,4001,4027,4027,4027,4357,4368,3825,3825,3929,3929,3944,3955,3361,3361,2918,2918,2918,2933,2933,2933,2943,2351,2351,2362,2362,2362],"floor_reached":51,"playtime":3852,"items_purged":["Regret","Shame","Parasite","Writhe"],"score":740,"play_id":"79dfc6cc-aacb-412a-b981-801e424f55ca","local_time":"20190209014231","is_ascension_mode":false,"campfire_choices":[{"floor":6,"key":"REST"},{"data":"Infernal Blade","floor":10,"key":"SMITH"},{"data":"Carnage","floor":15,"key":"SMITH"},{"data":"Metamorphosis","floor":23,"key":"SMITH"},{"data":"Seeing Red","floor":28,"key":"SMITH"},{"data":"Mind Blast","floor":32,"key":"SMITH"},{"data":"Dramatic Entrance","floor":40,"key":"SMITH"},{"data":"Secret Weapon","floor":49,"key":"SMITH"}],"neow_cost":"PERCENT_DAMAGE","seed_source_timestamp":4124587667099,"circlet_count":0,"master_deck":["Strike_R","Strike_R","Strike_R","Strike_R","Strike_R","Defend_R","Defend_R","Defend_R","Defend_R","Bash","Flame Barrier","Metallicize","Good Instincts","Headbutt","Carnage+1","Violence","Warcry","Bash","Good Instincts","Infernal Blade+1","Pommel Strike","Pommel Strike","Shrug It Off+1","Double Tap+1","Heavy Blade","Thunderclap","Swift Strike","Metamorphosis+1","Berserk","Flex","Twin Strike","RitualDagger","Seeing Red+1","True Grit+1","Disarm+1","Iron Wave+1","Mind Blast+1","Chrysalis","Flex","Fiend Fire","True Grit","Rampage+1","Battle Trance","Dropkick","Anger+1","Warcry","Fire Breathing+1","Blind","Power Through","Violence","Blind","Secret Weapon+1","Dramatic Entrance+1","Transmutation","Jack Of All Trades","Sever Soul","Flame Barrier","Warcry+1","Power Through+1","Sadistic Nature","Swift Strike","Infernal Blade","Shockwave","Quick Slash+1"],"relics":["Burning Blood","Bird Faced Urn","Self Forming Clay","Mummified Hand","Paper Frog","Lantern","Medical Kit","Meat on the Bone","Calipers","Letter Opener","Calling Bell","War Paint","Question Card","Nunchaku","Charon\u0027s Ashes","Vajra","Membership Card","Happy Flower","Old Coin","OrangePellets","Incense Burner","Juzu Bracelet","Orrery","Strawberry","Unceasing Top","Frozen Eye","Orichalcum","Regal Pillow","Lee\u0027s Waffle","Ornamental Fan","GremlinMask","Torii","Shuriken","PrismaticShard"],"potions_floor_usage":[8,22,22,25,27,33,33,50,50],"damage_taken":[{"damage":11,"enemies":"2 Louse","floor":1,"turns":3},{"damage":0,"enemies":"Jaw Worm","floor":7,"turns":4},{"damage":14,"enemies":"Lagavulin","floor":8,"turns":5},{"damage":0,"enemies":"Small Slimes","floor":11,"turns":3},{"damage":0,"enemies":"Gremlin Gang","floor":14,"turns":2},{"damage":22,"enemies":"Slime Boss","floor":16,"turns":13},{"damage":8,"enemies":"3 Byrds","floor":18,"turns":5},{"damage":17,"enemies":"Shell Parasite","floor":19,"turns":4},{"damage":10,"enemies":"Centurion and Healer","floor":22,"turns":3},{"damage":0,"enemies":"Snecko","floor":24,"turns":3},{"damage":10,"enemies":"Cultist and Chosen","floor":25,"turns":4},{"damage":18,"enemies":"Book of Stabbing","floor":29,"turns":4},{"damage":3,"enemies":"3 Cultists","floor":30,"turns":4},{"damage":41,"enemies":"Automaton","floor":33,"turns":8},{"damage":3,"enemies":"Orb Walker","floor":35,"turns":3},{"damage":6,"enemies":"3 Darklings","floor":36,"turns":5},{"damage":12,"enemies":"Jaw Worm Horde","floor":42,"turns":3},{"damage":14,"enemies":"4 Shapes","floor":45,"turns":4},{"damage":1,"enemies":"Sphere and 2 Shapes","floor":48,"turns":3},{"damage":53,"enemies":"Awakened One","floor":50,"turns":11}],"seed_played":"-5758089053184767245","potions_obtained":[{"floor":8,"key":"Energy Potion"},{"floor":11,"key":"SneckoOil"},{"floor":16,"key":"BloodPotion"},{"floor":19,"key":"Poison Potion"},{"floor":22,"key":"Regen Potion"},{"floor":27,"key":"Fruit Juice"},{"floor":27,"key":"GamblersBrew"},{"floor":27,"key":"Energy Potion"},{"floor":29,"key":"Ancient Potion"},{"floor":36,"key":"SkillPotion"}],"is_trial":false,"path_per_floor":["M","?","T","$","?","R","M","E","T","R","M","T","?","M","R","B",null,"M","M","$","?","M","R","M","M","T","?","R","E","M","$","R","B",null,"M","M","$","?","$","R","?","M","T","?","M","$","?","M","R","B",null],"character_chosen":"IRONCLAD","items_purchased":["Metallicize","Good Instincts","Headbutt","Carnage","Violence","Paper Frog","Lantern","Medical Kit","EssenceOfSteel","Warcry","Swift Strike","Metamorphosis","Charon\u0027s Ashes","Vajra","Membership Card","Berserk","Flex","Twin Strike","OrangePellets","Incense Burner","Juzu Bracelet","Mind Blast","Chrysalis","Flex","Strawberry","Unceasing Top","Blind","Power Through","PowerPotion","Violence","Frozen Eye","Orichalcum","Regal Pillow","Lee\u0027s Waffle","Transmutation","Jack Of All Trades","Sever Soul","Fire Potion","Torii","Shuriken","PrismaticShard","Regen Potion","Sadistic Nature","Swift Strike","Infernal Blade","Shockwave"],"campfire_rested":1,"item_purchase_floors":[4,4,4,4,4,4,4,4,4,4,20,20,20,20,20,20,20,20,31,31,31,31,31,31,37,37,37,37,37,37,37,39,39,39,39,39,39,39,46,46,46,46,46,46,46,46],"current_hp_per_floor":[51,51,51,51,51,75,80,74,74,74,80,80,80,80,80,64,80,78,69,69,63,69,69,75,80,80,85,85,73,78,78,78,55,82,82,82,89,79,96,96,96,90,90,90,88,88,88,95,95,71],"gold":2362,"neow_bonus":"ONE_RARE_RELIC","is_prod":false,"is_daily":false,"chose_seed":false,"campfire_upgraded":7,"win_rate":0.0,"timestamp":1549647751,"path_taken":["M","?","?","$","?","R","M","E","T","R","?","?","?","M","R","BOSS","M","M","$","?","M","R","M","M","T","?","R","E","?","$","R","BOSS","M","M","$","?","$","R","?","M","T","?","M","$","?","M","R","BOSS"],"build_version":"2019-01-23","purchased_purges":4,"victory":true,"max_hp_per_floor":[80,80,80,80,80,80,80,80,80,80,80,80,80,80,80,80,80,80,80,80,80,80,80,80,80,80,85,85,85,85,82,82,82,82,82,82,89,89,96,96,96,96,96,96,96,96,96,96,96,96],"card_choices":[{"not_picked":["Anger","Sever Soul"],"picked":"Flame Barrier","floor":1},{"not_picked":["Inflame","Sever Soul"],"picked":"Infernal Blade","floor":7},{"not_picked":["Anger","True Grit"],"picked":"Pommel Strike","floor":8},{"not_picked":["Offering","Body Slam"],"picked":"Pommel Strike","floor":11},{"not_picked":["Rupture","Iron Wave"],"picked":"Shrug It Off","floor":14},{"not_picked":["Brutality","Juggernaut"],"picked":"Double Tap","floor":16},{"not_picked":["Sword Boomerang+1","Carnage","Anger"],"picked":"Heavy Blade","floor":18},{"not_picked":["Pummel+1","Ghostly Armor","Clothesline"],"picked":"Thunderclap","floor":19},{"not_picked":["Perfected Strike","Clash","Shrug It Off"],"picked":"Cleave","floor":22},{"not_picked":["Brutality","Carnage","Entrench"],"picked":"Seeing Red","floor":24},{"not_picked":["Sword Boomerang","Warcry","Feel No Pain"],"picked":"True Grit+1","floor":25},{"not_picked":["Flex","Pommel Strike","Iron Wave"],"picked":"Disarm+1","floor":29},{"not_picked":["Bloodletting","Burning Pact+1","Cleave+1"],"picked":"Iron Wave+1","floor":30},{"not_picked":["Brutality","Juggernaut","Double Tap"],"picked":"Fiend Fire","floor":33},{"not_picked":["Thunderclap","Reckless Charge","Warcry"],"picked":"True Grit","floor":34},{"not_picked":["Clash","Pommel Strike","Sword Boomerang+1"],"picked":"Rampage+1","floor":34},{"not_picked":["Headbutt","Bloodletting","Pommel Strike"],"picked":"Battle Trance","floor":34},{"not_picked":["Headbutt","Clash","Whirlwind"],"picked":"Dropkick","floor":34},{"not_picked":["Perfected Strike","Clash","Warcry"],"picked":"Anger+1","floor":34},{"not_picked":["Rupture","Reckless Charge","Rampage"],"picked":"Warcry","floor":35},{"not_picked":["Juggernaut","Reckless Charge","Twin Strike+1"],"picked":"Fire Breathing+1","floor":36},{"not_picked":["Finesse","Flash of Steel","Mind Blast"],"picked":"Blind","floor":38},{"not_picked":["Jack Of All Trades","Dark Shackles","Swift Strike"],"picked":"Secret Weapon","floor":38},{"not_picked":["Dark Shackles","Deep Breath","Enlightenment"],"picked":"Dramatic Entrance","floor":38},{"not_picked":["True Grit+1","Pommel Strike","Cleave"],"picked":"Warcry+1","floor":42},{"not_picked":["Spot Weakness+1","Corruption","Thunderclap"],"picked":"Power Through+1","floor":45},{"not_picked":["Compile Driver","Slice+1","Backflip+1"],"picked":"Quick Slash+1","floor":48}],"player_experience":3815,"relics_obtained":[{"floor":3,"key":"Mummified Hand"},{"floor":8,"key":"Meat on the Bone"},{"floor":9,"key":"Calipers"},{"floor":12,"key":"Letter Opener"},{"floor":17,"key":"War Paint"},{"floor":17,"key":"Question Card"},{"floor":17,"key":"Nunchaku"},{"floor":26,"key":"Happy Flower"},{"floor":29,"key":"Old Coin"},{"floor":43,"key":"Ornamental Fan"}],"event_choices":[{"damage_healed":0,"gold_gain":0,"player_choice":"Box","damage_taken":0,"relics_obtained":["Self Forming Clay"],"max_hp_gain":0,"max_hp_loss":0,"event_name":"Big Fish","floor":2,"gold_loss":0,"cards_obtained":["Regret"]},{"damage_healed":0,"gold_gain":0,"player_choice":"2 cards matched","damage_taken":0,"max_hp_gain":0,"max_hp_loss":0,"event_name":"Match and Keep!","floor":5,"gold_loss":0,"cards_obtained":["Bash","Good Instincts"]},{"damage_healed":0,"gold_gain":0,"player_choice":"Left Gold","damage_taken":0,"max_hp_gain":0,"max_hp_loss":0,"event_name":"World of Goop","floor":13,"gold_loss":26},{"damage_healed":0,"gold_gain":0,"player_choice":"Joined the Cult","damage_taken":6,"max_hp_gain":0,"max_hp_loss":0,"event_name":"Nest","floor":21,"gold_loss":0,"cards_obtained":["RitualDagger"]},{"damage_healed":0,"gold_gain":0,"player_choice":"Got Potions","damage_taken":0,"max_hp_gain":0,"max_hp_loss":0,"event_name":"Lab","floor":27,"gold_loss":0},{"damage_healed":0,"gold_gain":0,"player_choice":"Memory 3","damage_taken":10,"max_hp_gain":0,"max_hp_loss":0,"event_name":"SensoryStone","floor":38,"gold_loss":0},{"damage_healed":0,"gold_gain":0,"cards_transformed":["Cleave"],"player_choice":"Transformed","damage_taken":0,"max_hp_gain":0,"max_hp_loss":0,"event_name":"Transmorgrifier","floor":41,"gold_loss":0,"cards_obtained":["Flame Barrier"]},{"damage_healed":0,"gold_gain":0,"player_choice":"Trade","damage_taken":0,"relics_obtained":["GremlinMask"],"max_hp_gain":0,"max_hp_loss":0,"event_name":"FaceTrader","floor":44,"gold_loss":0},{"damage_healed":0,"gold_gain":0,"player_choice":"Ignored","damage_taken":0,"max_hp_gain":0,"max_hp_loss":0,"event_name":"SecretPortal","floor":47,"gold_loss":0}],"is_beta":false,"boss_relics":[{"not_picked":["Tiny House","White Beast Statue"],"picked":"Calling Bell"},{"not_picked":["Black Blood","Snecko Eye"],"picked":"Orrery"}],"items_purged_floors":[4,20,31,37],"is_endless":false,"potions_floor_spawned":[8,11,16,19,22,29,36,45],"ascension_level":0}