{"gold_per_floor":[110,110,110,36,54,54,72,99,99,274,274,294,54,69,69,164,164,147,160,160,160,160,186,186,238,238,238,248,258,258,65,65,164,164,180,196,46,46,46,46],"floor_reached":40,"playtime":1192,"items_purged":[],"score":462,"play_id":"3b2566ce-fbf6-41bd-87b6-32ddabc7efbe","local_time":"20181220030008","is_ascension_mode":true,"campfire_choices":[{"data":"Noxious Fumes","floor":6,"key":"SMITH"},{"data":"Footwork","floor":15,"key":"SMITH"},{"floor":24,"key":"REST"},{"floor":27,"key":"REST"},{"floor":32,"key":"REST"}],"neow_cost":"NONE","seed_source_timestamp":482367909831856,"circlet_count":0,"master_deck":["Defend_G","Defend_G","Defend_G","Defend_G","Strike_G","Strike_G","Strike_G","Strike_G","Survivor","Neutralize","Sucker Punch","Noxious Fumes+1","Flying Knee","Envenom","Doubt","Well Laid Plans","Footwork+1","Corpse Explosion","Terror+1","Riddle With Holes","Decay","Necronomicurse","Sucker Punch","Backflip+1","Flying Knee","Phantasmal Killer","Footwork","Discovery"],"relics":["Sozu","Pear","Anchor","Du-Vu Doll","Paper Crane","Philosopher\u0027s Stone","Necronomicon","Pantograph","Blood Vial","Omamori","Bird Faced Urn","PrismaticShard","Fusion Hammer","Bag of Preparation","WarpedTongs"],"potions_floor_usage":[],"damage_taken":[{"damage":1,"enemies":"2 Louse","floor":1,"turns":3},{"damage":7,"enemies":"Small Slimes","floor":5,"turns":3},{"damage":2,"enemies":"Jaw Worm","floor":7,"turns":3},{"damage":30,"enemies":"3 Sentries","floor":8,"turns":8},{"damage":1,"enemies":"Blue Slaver","floor":12,"turns":4},{"damage":0,"enemies":"3 Louse","floor":14,"turns":4},{"damage":33,"enemies":"Slime Boss","floor":16,"turns":12},{"damage":10,"enemies":"2 Thieves","floor":18,"turns":4},{"damage":16,"enemies":"Shell Parasite","floor":19,"turns":5},{"damage":37,"enemies":"Book of Stabbing","floor":23,"turns":5},{"damage":24,"enemies":"Centurion and Healer","floor":28,"turns":4},{"damage":12,"enemies":"Snake Plant","floor":29,"turns":4},{"damage":54,"enemies":"Automaton","floor":33,"turns":8},{"damage":42,"enemies":"3 Darklings","floor":35,"turns":5},{"damage":7,"enemies":"Orb Walker","floor":36,"turns":3},{"damage":66,"enemies":"Reptomancer","floor":40,"turns":4}],"seed_played":"-1760380123551028185","potions_obtained":[],"is_trial":false,"path_per_floor":["M","?","?","$","M","R","M","E","T","?","?","M","$","M","R","B",null,"M","M","?","?","?","E","R","T","T","R","M","M","?","$","R","B",null,"M","M","$","?","?","E"],"character_chosen":"THE_SILENT","items_purchased":["Noxious Fumes","Paper Crane","PrismaticShard","Bag of Preparation"],"campfire_rested":3,"item_purchase_floors":[4,13,31,37],"current_hp_per_floor":[69,76,76,76,69,69,67,37,37,37,63,62,62,62,62,29,80,70,54,54,54,38,1,25,25,25,49,27,17,17,17,41,22,80,44,49,49,49,49,0],"gold":46,"neow_bonus":"BOSS_RELIC","is_prod":false,"is_daily":false,"chose_seed":false,"campfire_upgraded":2,"win_rate":0,"timestamp":1545246008,"path_taken":["M","?","?","$","M","R","M","E","T","?","?","M","$","M","R","BOSS","M","M","?","?","?","E","R","?","T","R","M","M","?","$","R","BOSS","M","M","$","?","?","E"],"build_version":"2018-12-13","purchased_purges":0,"victory":false,"max_hp_per_floor":[70,80,80,80,80,80,80,80,80,80,80,80,80,80,80,80,80,80,80,80,80,80,80,80,80,80,80,80,80,80,80,80,80,80,80,80,80,80,80,80],"card_choices":[{"not_picked":["Outmaneuver","Catalyst"],"picked":"Sucker Punch","floor":1},{"not_picked":["Concentrate","Terror"],"picked":"Flying Knee","floor":5},{"not_picked":["Underhanded Strike","PiercingWail","Outmaneuver"],"picked":"SKIP","floor":7},{"not_picked":["Finisher","Deflect"],"picked":"Envenom","floor":8},{"not_picked":["Setup","PiercingWail"],"picked":"Well Laid Plans","floor":12},{"not_picked":["Infinite Blades","Well Laid Plans"],"picked":"Footwork","floor":14},{"not_picked":["Adrenaline","Night Terror"],"picked":"Corpse Explosion","floor":16},{"not_picked":["Deflect","All Out Attack+1"],"picked":"Terror+1","floor":18},{"not_picked":["Quick Slash+1","Concentrate+1"],"picked":"Riddle With Holes","floor":19},{"not_picked":["Deflect","Night Terror"],"picked":"Sucker Punch","floor":23},{"not_picked":["Quick Slash","Deadly Poison"],"picked":"Backflip+1","floor":28},{"not_picked":["Well Laid Plans","Deflect"],"picked":"Flying Knee","floor":29},{"not_picked":["Transmutation","Doppelganger"],"picked":"Phantasmal Killer","floor":33},{"not_picked":["Poisoned Stab","Seeing Red"],"picked":"Footwork","floor":35},{"not_picked":["Cloak And Dagger+1","Blood for Blood"],"picked":"Discovery","floor":36}],"player_experience":68545,"relics_obtained":[{"floor":8,"key":"Anchor"},{"floor":9,"key":"Du-Vu Doll"},{"floor":22,"key":"Necronomicon"},{"floor":23,"key":"Pantograph"},{"floor":25,"key":"Blood Vial"},{"floor":26,"key":"Omamori"}],"event_choices":[{"damage_healed":0,"gold_gain":0,"player_choice":"Success","damage_taken":3,"relics_obtained":["Pear"],"max_hp_gain":0,"max_hp_loss":0,"event_name":"Scrap Ooze","floor":2,"gold_loss":0},{"damage_healed":0,"gold_gain":0,"player_choice":"Ignored","damage_taken":0,"max_hp_gain":0,"max_hp_loss":0,"event_name":"Shining Light","floor":3,"gold_loss":0},{"damage_healed":0,"gold_gain":175,"player_choice":"AGREE","damage_taken":0,"max_hp_gain":0,"max_hp_loss":0,"event_name":"Liars Game","floor":10,"gold_loss":0,"cards_obtained":["Doubt"]},{"damage_healed":26,"gold_gain":0,"player_choice":"Banana","damage_taken":0,"max_hp_gain":0,"max_hp_loss":0,"event_name":"Big Fish","floor":11,"gold_loss":0},{"cards_removed":["Strike_G"],"damage_healed":0,"gold_gain":0,"player_choice":"Elegance","damage_taken":0,"max_hp_gain":0,"max_hp_loss":0,"event_name":"Back to Basics","floor":20,"gold_loss":0},{"damage_healed":0,"gold_gain":0,"player_choice":"Smashed Altar","damage_taken":0,"max_hp_gain":0,"max_hp_loss":0,"event_name":"Forgotten Altar","floor":21,"gold_loss":0,"cards_obtained":["Decay"]},{"damage_healed":0,"gold_gain":0,"player_choice":"Obtained Book","damage_taken":16,"max_hp_gain":0,"max_hp_loss":0,"event_name":"Cursed Tome","floor":22,"gold_loss":0},{"damage_healed":0,"gold_gain":0,"player_choice":"Stole Relic","damage_taken":0,"relics_obtained":["Bird Faced Urn"],"max_hp_gain":0,"max_hp_loss":0,"event_name":"Addict","floor":30,"gold_loss":0,"cards_obtained":["Shame"]},{"cards_removed":["Defend_G"],"damage_healed":0,"gold_gain":0,"player_choice":"Removed Skill","damage_taken":0,"max_hp_gain":0,"max_hp_loss":0,"event_name":"Falling","floor":38,"gold_loss":0},{"damage_healed":0,"gold_gain":0,"player_choice":"Rummage","damage_taken":0,"relics_obtained":["WarpedTongs"],"max_hp_gain":0,"max_hp_loss":0,"event_name":"Accursed Blacksmith","floor":39,"gold_loss":0,"cards_obtained":["Pain"]}],"is_beta":false,"boss_relics":[{"not_picked":["Empty Cage","Busted Crown"],"picked":"Philosopher\u0027s Stone"},{"not_picked":["Orrery","Coffee Dripper"],"picked":"Fusion Hammer"}],"items_purged_floors":[],"is_endless":false,"potions_floor_spawned":[7,12,16,19,23,28,33,36],"killed_by":"Reptomancer","ascension_level":3}