{"gold_per_floor":[363,88,88,107,119,119,119,119,145,45,78,96,128,139,139,235,235,255,267,192,212,63,63,0,11,36,36],"floor_reached":27,"playtime":1081,"items_purged":["Strike_B","Strike_B","Defend_B"],"score":248,"play_id":"ea74835d-0d6b-4763-b803-3b4caa54b6be","local_time":"20181007204725","is_ascension_mode":false,"campfire_choices":[{"data":"Gash","floor":6,"key":"SMITH"},{"data":"Gash","floor":8,"key":"SMITH"},{"floor":15,"key":"REST"},{"floor":23,"key":"REST"}],"neow_cost":"PERCENT_DAMAGE","seed_source_timestamp":1309571789745057,"circlet_count":0,"master_deck":["Defend_B","Defend_B","Defend_B","Zap","Dualcast","Glacier","Defragment","FTL","Beam Cell","Gash+1","Gash+1","Parasite","Blizzard","Ball Lightning","White Noise","Beam Cell","Creative AI","Beam Cell","Go for the Eyes"],"relics":["Cracked Core","Lantern","Meat on the Bone","Torii","Sozu","Dream Catcher"],"potions_floor_usage":[16],"damage_taken":[{"damage":7,"enemies":"Small Slimes","floor":1,"turns":3},{"damage":0,"enemies":"Cultist","floor":4,"turns":3},{"damage":0,"enemies":"Jaw Worm","floor":5,"turns":4},{"damage":0,"enemies":"3 Sentries","floor":11,"turns":8},{"damage":11,"enemies":"Lots of Slimes","floor":12,"turns":4},{"damage":13,"enemies":"Lagavulin","floor":13,"turns":5},{"damage":0,"enemies":"Looter","floor":14,"turns":2},{"damage":31,"enemies":"The Guardian","floor":16,"turns":11},{"damage":12,"enemies":"Spheric Guardian","floor":18,"turns":5},{"damage":22,"enemies":"Shell Parasite","floor":19,"turns":5},{"damage":38,"enemies":"Snake Plant","floor":21,"turns":5},{"damage":25,"enemies":"Shelled Parasite and Fungi","floor":25,"turns":7},{"damage":32,"enemies":"Cultist and Chosen","floor":27,"turns":5}],"seed_played":"-2258949710932795657","potions_obtained":[{"floor":1,"key":"SkillPotion"},{"floor":4,"key":"Regen Potion"},{"floor":12,"key":"GamblersBrew"},{"floor":16,"key":"Energy Potion"}],"is_trial":false,"path_per_floor":["M","$","?","M","M","R","?","R","T","$","E","M","E","M","R","B",null,"M","M","?","M","$","R","?","M","T"],"character_chosen":"DEFECT","items_purchased":["Defragment","FTL","Beam Cell","Go for the Eyes"],"campfire_rested":2,"item_purchase_floors":[2,2,2,22],"current_hp_per_floor":[47,47,47,47,47,47,65,65,65,65,65,54,41,41,63,44,75,63,41,41,15,15,37,37,24,24,0],"gold":36,"neow_bonus":"TWO_FIFTY_GOLD","is_prod":false,"is_daily":false,"chose_seed":false,"campfire_upgraded":2,"win_rate":0.0,"timestamp":1538916445,"path_taken":["M","$","?","M","?","R","?","R","T","$","E","M","E","M","R","BOSS","M","M","?","M","$","R","?","M","T","M"],"build_version":"2018-10-04v2","purchased_purges":3,"victory":false,"max_hp_per_floor":[75,75,75,75,75,75,75,75,75,75,75,75,75,75,75,75,75,75,75,75,75,75,75,75,75,75,75],"card_choices":[{"not_picked":["Rip and Tear","Hologram"],"picked":"Glacier","floor":1},{"not_picked":["Skim","Tempest"],"picked":"Gash","floor":4},{"not_picked":["Streamline","Consume"],"picked":"Gash","floor":5},{"not_picked":["Streamline","Double Energy"],"picked":"Blizzard","floor":11},{"not_picked":["Reinforced Body","Tempest"],"picked":"Ball Lightning","floor":12},{"not_picked":["Doom and Gloom","Seek"],"picked":"White Noise","floor":13},{"not_picked":["BootSequence","Storm"],"picked":"Beam Cell","floor":14},{"not_picked":["Seek","Rainbow"],"picked":"Creative AI","floor":16},{"not_picked":["Compile Driver","Reinforced Body","Steam"],"picked":"SKIP","floor":18},{"not_picked":["Lockon","Barrage+1"],"picked":"Beam Cell","floor":19},{"not_picked":["Coolheaded","Barrage","Conserve Battery"],"picked":"SKIP","floor":21},{"not_picked":["Cold Snap","Conserve Battery","Capacitor+1"],"picked":"SKIP","floor":25}],"player_experience":11213,"relics_obtained":[{"floor":9,"key":"Lantern"},{"floor":11,"key":"Meat on the Bone"},{"floor":13,"key":"Torii"},{"floor":26,"key":"Dream Catcher"}],"event_choices":[{"event_name":"Bonfire Elementals","player_choice":"BASIC","floor":3,"damage_taken":0},{"event_name":"Mushrooms","player_choice":"Healed and dodged fight","floor":7,"damage_taken":0},{"event_name":"Beggar","player_choice":"Gave Gold","floor":20,"damage_taken":0},{"event_name":"Masked Bandits","player_choice":"Paid Fearfully","floor":24,"damage_taken":0}],"is_beta":false,"boss_relics":[{"not_picked":["Eternal Feather","Nuclear Battery"],"picked":"Sozu"}],"items_purged_floors":[2,10,22],"is_endless":false,"potions_floor_spawned":[1,4,12,16,19,25],"killed_by":"Cultist and Chosen","ascension_level":0}