{"gold_per_floor":[219,231,250,265,69,100,117,146,146,172,172,183,194,194,194,290,340,359,284,383,383,399,399,412,412,412,446,446,446,446,464,464,565,565,581,1,0,0,0,0,16,29,29,129,149,149,163,174,174,174],"floor_reached":51,"playtime":1515,"items_purged":["Strike_B","Defend_B"],"score":714,"play_id":"353338fb-190a-4d35-9045-316baa27028e","local_time":"20190128231201","is_ascension_mode":false,"campfire_choices":[{"data":"Dualcast","floor":11.0,"key":"SMITH"},{"data":"Zap","floor":15.0,"key":"SMITH"},{"data":"Glacier","floor":23.0,"key":"SMITH"},{"data":"Defend_B","floor":25.0,"key":"SMITH"},{"floor":29.0,"key":"REST"},{"data":"Defend_B","floor":32.0,"key":"SMITH"},{"floor":40.0,"key":"RECALL"},{"floor":46,"key":"REST"},{"floor":49,"key":"REST"}],"neow_cost":"NONE","seed_source_timestamp":3035760744933774,"circlet_count":0,"master_deck":["Defend_B+1","Defend_B+1","Zap+1","Dualcast+1","Glacier+1","Melter+1","Electrodynamics+1","Auto Shields+1","Doom and Gloom+1","BootSequence+1","Ball Lightning+1","Tempest+1","FTL+1","Go for the Eyes+1","White Noise+1","Rainbow+1","Glacier+1","Blizzard+1","Cold Snap+1","Blizzard+1","Loop+1","Fusion+1"],"special_seed":0,"relics":["Cracked Core","Runic Capacitor","Pen Nib","Anchor","Molten Egg 2","Toxic Egg 2","Pear","Tiny House","Shuriken","Frozen Egg 2","Astrolabe","Oddly Smooth Stone","Lee\u0027s Waffle","Red Mask","Kunai"],"potions_floor_usage":[50,50,50],"damage_taken":[{"damage":1.0,"enemies":"Cultist","floor":1.0,"turns":3.0},{"damage":0.0,"enemies":"Small Slimes","floor":2.0,"turns":4.0},{"damage":0.0,"enemies":"2 Louse","floor":3.0,"turns":3.0},{"damage":0.0,"enemies":"Red Slaver","floor":4.0,"turns":4.0},{"damage":13.0,"enemies":"Gremlin Nob","floor":6.0,"turns":4.0},{"damage":0.0,"enemies":"Blue Slaver","floor":7.0,"turns":4.0},{"damage":14.0,"enemies":"3 Sentries","floor":8.0,"turns":5.0},{"damage":11.0,"enemies":"Gremlin Nob","floor":10.0,"turns":4.0},{"damage":0.0,"enemies":"Large Slime","floor":12.0,"turns":4.0},{"damage":7.0,"enemies":"Gremlin Gang","floor":13.0,"turns":2.0},{"damage":22.0,"enemies":"Slime Boss","floor":16.0,"turns":5.0},{"damage":0.0,"enemies":"Spheric Guardian","floor":18.0,"turns":1.0},{"damage":0.0,"enemies":"3 Byrds","floor":22.0,"turns":3.0},{"damage":7.0,"enemies":"Snecko","floor":24.0,"turns":4.0},{"damage":12.0,"enemies":"Book of Stabbing","floor":27.0,"turns":5.0},{"damage":0.0,"enemies":"3 Cultists","floor":31.0,"turns":2.0},{"damage":24.0,"enemies":"Champ","floor":33.0,"turns":11.0},{"damage":0.0,"enemies":"3 Darklings","floor":35.0,"turns":3.0},{"damage":0.0,"enemies":"3 Shapes","floor":41.0,"turns":4.0},{"damage":19,"enemies":"Transient","floor":42,"turns":5},{"damage":2,"enemies":"3 Darklings","floor":45,"turns":3},{"damage":2,"enemies":"Maw","floor":47,"turns":7},{"damage":0,"enemies":"4 Shapes","floor":48,"turns":6},{"damage":24,"enemies":"Time Eater","floor":50,"turns":13}],"seed_played":"-3479993262481620712","potions_obtained":[{"floor":1.0,"key":"FearPotion"},{"floor":4.0,"key":"FearPotion"},{"floor":6.0,"key":"SkillPotion"},{"floor":10.0,"key":"Weak Potion"},{"floor":24.0,"key":"Swift Potion"}],"is_trial":false,"path_per_floor":["M","M","M","M","$","E","M","E","T","E","R","M","M","T","R","B",null,"M","$","?","?","M","R","M","R","T","E","?","R","?","M","R","B",null,"M","$","?","?","?","R","M","M","T","?","M","R","M","M","R","B",null],"character_chosen":"DEFECT","items_purchased":["Runic Capacitor","Blizzard+1","Loop+1","Oddly Smooth Stone","Lee\u0027s Waffle"],"campfire_rested":3,"item_purchase_floors":[5,36,36,36,36],"current_hp_per_floor":[74,74,74,74,74,61,61,47,47,36,36,36,29,39,39,17,90,90,90,90,90,90,90,83,83,83,71,53,81,81,81,81,57,95,95,102,102,102,102,102,102,83,83,83,81,102,100,100,102,78],"gold":174,"neow_bonus":"HUNDRED_GOLD","is_prod":false,"is_daily":false,"chose_seed":false,"campfire_upgraded":5,"win_rate":0,"timestamp":1548717121,"path_taken":["M","?","M","M","$","E","M","E","T","E","R","M","M","?","R","BOSS","M","$","?","?","?","R","M","R","T","E","?","R","?","?","R","BOSS","M","$","?","?","?","R","M","M","T","?","?","R","M","M","R","BOSS"],"build_version":"2019-01-23","purchased_purges":2,"victory":true,"max_hp_per_floor":[75,75,75,75,75,75,75,75,75,75,75,75,75,85,85,85,90,90,90,90,90,90,90,90,90,90,90,95,95,95,95,95,95,95,95,102,102,102,102,102,102,102,102,102,102,102,102,102,102,102],"card_choices":[{"not_picked":["Aggregate","Stack"],"picked":"Glacier","floor":1.0},{"not_picked":["Rip and Tear","Turbo","Steam"],"picked":"SKIP","floor":2.0},{"not_picked":["Barrage","Redo"],"picked":"Melter","floor":3.0},{"not_picked":["Rip and Tear","Heatsinks","Turbo"],"picked":"SKIP","floor":4.0},{"not_picked":["Steam","Barrage"],"picked":"Electrodynamics","floor":6.0},{"not_picked":["Double Energy","Force Field","Stack"],"picked":"SKIP","floor":7.0},{"not_picked":["Rebound","Redo","Consume"],"picked":"SKIP","floor":8.0},{"not_picked":["Redo","Genetic Algorithm"],"picked":"Auto Shields","floor":10.0},{"not_picked":["Gash+1","Redo+1"],"picked":"Doom and Gloom+1","floor":12.0},{"not_picked":["Storm","Go for the Eyes+1"],"picked":"BootSequence+1","floor":13.0},{"not_picked":["Hologram+1","Go for the Eyes+1"],"picked":"Ball Lightning+1","floor":17.0},{"not_picked":["Compile Driver+1","Go for the Eyes+1"],"picked":"Tempest+1","floor":18.0},{"not_picked":["Consume+1","Beam Cell+1","Reprogram+1"],"picked":"SKIP","floor":22.0},{"not_picked":["Cold Snap+1","Compile Driver+1"],"picked":"FTL+1","floor":24.0},{"not_picked":["Doom and Gloom+1","Sunder+1"],"picked":"Go for the Eyes+1","floor":27.0},{"not_picked":["Compile Driver+1","Hologram+1"],"picked":"White Noise+1","floor":31.0},{"not_picked":["Biased Cognition+1","Fission+1"],"picked":"Rainbow+1","floor":33.0},{"not_picked":["Barrage+1","Genetic Algorithm+1","Sweeping Beam+1"],"picked":"SKIP","floor":35.0},{"not_picked":["Genetic Algorithm+1","Gash+1","Ball Lightning+1"],"picked":"SKIP","floor":41.0},{"not_picked":["Genetic Algorithm+1","Rebound+1","Storm+1"],"picked":"SKIP","floor":42},{"not_picked":["Sunder+1","Gash+1"],"picked":"Fusion+1","floor":45},{"not_picked":["Aggregate+1","Rebound+1","Tempest+1"],"picked":"SKIP","floor":47},{"not_picked":["Steam+1","Beam Cell+1","Melter+1"],"picked":"SKIP","floor":48}],"player_experience":1004889,"relics_obtained":[{"floor":6.0,"key":"Pen Nib"},{"floor":8.0,"key":"Anchor"},{"floor":9.0,"key":"Molten Egg 2"},{"floor":10.0,"key":"Toxic Egg 2"},{"floor":14.0,"key":"Pear"},{"floor":26.0,"key":"Shuriken"},{"floor":27.0,"key":"Frozen Egg 2"},{"floor":43,"key":"Kunai"}],"event_choices":[{"damage_healed":0.0,"max_hp_gain":0.0,"max_hp_loss":0.0,"gold_gain":99.0,"event_name":"Nest","player_choice":"Stole From Cult","floor":20.0,"gold_loss":0.0,"damage_taken":0.0},{"damage_healed":0.0,"max_hp_gain":0.0,"max_hp_loss":0.0,"gold_gain":0.0,"event_name":"Accursed Blacksmith","player_choice":"Forge","floor":21.0,"gold_loss":0.0,"damage_taken":0.0,"cards_upgraded":["Electrodynamics"]},{"damage_healed":0.0,"max_hp_gain":5.0,"max_hp_loss":0.0,"gold_gain":0.0,"event_name":"Forgotten Altar","player_choice":"Shed Blood","floor":28.0,"gold_loss":0.0,"damage_taken":23.0},{"damage_healed":0.0,"max_hp_gain":0.0,"max_hp_loss":0.0,"gold_gain":0.0,"event_name":"The Woman in Blue","player_choice":"Bought 0 Potions","floor":30.0,"gold_loss":0.0,"damage_taken":0.0},{"damage_healed":0.0,"max_hp_gain":0.0,"max_hp_loss":0.0,"gold_gain":0.0,"event_name":"Tomb of Lord Red Mask","player_choice":"Paid","floor":37.0,"gold_loss":1.0,"damage_taken":0.0,"relics_obtained":["Red Mask"]},{"damage_healed":0.0,"max_hp_gain":0.0,"max_hp_loss":0.0,"gold_gain":0.0,"event_name":"Mysterious Sphere","player_choice":"Ignored","floor":38.0,"gold_loss":0.0,"damage_taken":0.0},{"cards_removed":["Defend_B"],"damage_healed":0.0,"max_hp_gain":0.0,"max_hp_loss":0.0,"gold_gain":0.0,"event_name":"Falling","player_choice":"Removed Skill","floor":39.0,"gold_loss":0.0,"damage_taken":0.0},{"damage_healed":0,"gold_gain":100,"player_choice":"Pray","damage_taken":0,"max_hp_gain":0,"max_hp_loss":0,"event_name":"Golden Shrine","floor":44,"gold_loss":0}],"is_beta":false,"boss_relics":[{"not_picked":["Ectoplasm","Black Star"],"picked":"Tiny House"},{"not_picked":["Runic Dome","Pandora\u0027s Box"],"picked":"Astrolabe"}],"items_purged_floors":[19,36],"is_endless":false,"potions_floor_spawned":[1,4,6,10,16,24,27,45],"ascension_level":0}