{"gold_per_floor":[116,116,127,144,162,197,214,214,214,226,226,255,24,38,38,137,137,154,165,178,13,13,13,47,47,47,81,5,21,21,50,50,50],"floor_reached":33,"playtime":2165,"items_purged":[],"score":576,"play_id":"e5cdc641-b2cb-459d-a8df-87cf805cedb1","local_time":"20181027011539","is_ascension_mode":true,"campfire_choices":[{"floor":11,"key":"REST"},{"floor":15,"key":"REST"},{"floor":23,"key":"REST"},{"floor":30,"key":"REST"},{"floor":32,"key":"REST"}],"neow_cost":"NONE","seed_source_timestamp":98077291367110,"circlet_count":0,"master_deck":["Defend_G","Defend_G","Defend_G","Defend_G","Strike_G","Strike_G","Strike_G","Strike_G","Survivor","Neutralize","Sucker Punch+1","Blade Dance","Riddle With Holes","Backstab","Dodge and Roll","Flying Knee","PiercingWail+1","Dagger Spray","Distraction+1","Escape Plan+1","Tactician+1","Adrenaline+1","Choke","Catalyst+1","Dagger Throw","Adrenaline+1","Outmaneuver+1","Backflip+1","Blade Dance+1","Dodge and Roll+1"],"special_seed":0,"relics":["Empty Cage","The Courier","Bag of Marbles","Toxic Egg 2","Smiling Mask","Vajra","Busted Crown","HandDrill","Molten Egg 2","Gremlin Horn","Bag of Preparation","Red Mask"],"potions_floor_usage":[5,16,19,24,33,33,33],"damage_taken":[{"damage":9,"enemies":"Cultist","floor":1,"turns":6},{"damage":0,"enemies":"2 Louse","floor":3,"turns":4},{"damage":1,"enemies":"Jaw Worm","floor":4,"turns":4},{"damage":7,"enemies":"Red Slaver","floor":5,"turns":3},{"damage":17,"enemies":"Gremlin Nob","floor":6,"turns":4},{"damage":10,"enemies":"Large Slime","floor":7,"turns":6},{"damage":1,"enemies":"Looter","floor":10,"turns":3},{"damage":16,"enemies":"3 Sentries","floor":12,"turns":9},{"damage":0,"enemies":"Blue Slaver","floor":14,"turns":1},{"damage":34,"enemies":"The Guardian","floor":16,"turns":13},{"damage":0,"enemies":"Shell Parasite","floor":18,"turns":4},{"damage":11,"enemies":"2 Thieves","floor":19,"turns":3},{"damage":5,"enemies":"Centurion and Healer","floor":20,"turns":5},{"damage":26,"enemies":"Book of Stabbing","floor":24,"turns":4},{"damage":21,"enemies":"Slavers","floor":27,"turns":4},{"damage":0,"enemies":"Snecko","floor":29,"turns":3},{"damage":0,"enemies":"Masked Bandits","floor":31,"turns":1},{"damage":73,"enemies":"Champ","floor":33,"turns":5}],"seed_played":"7975729038997458914","potions_obtained":[{"floor":3,"key":"SneckoOil"},{"floor":5,"key":"Ancient Potion"},{"floor":10,"key":"Poison Potion"},{"floor":12,"key":"LiquidBronze"},{"floor":18,"key":"Swift Potion"},{"floor":27,"key":"FearPotion"},{"floor":29,"key":"LiquidBronze"},{"floor":31,"key":"Poison Potion"}],"is_trial":false,"path_per_floor":["M","T","M","M","M","E","M","?","T","M","R","E","$","M","R","B",null,"M","M","M","$","$","R","E","?","T","E","$","M","R","?","R"],"character_chosen":"THE_SILENT","items_purchased":["Distraction+1","Escape Plan+1","Vajra","HandDrill","Backflip+1","Poison Potion"],"campfire_rested":5,"item_purchase_floors":[13,13,13,21,28,28],"current_hp_per_floor":[54,54,54,53,46,29,19,19,19,18,39,23,23,23,44,10,55,55,44,39,39,39,60,34,34,34,13,13,13,34,34,55,0],"gold":50,"neow_bonus":"BOSS_RELIC","is_prod":false,"is_daily":false,"chose_seed":false,"campfire_upgraded":0,"win_rate":0,"timestamp":1540628139,"path_taken":["M","?","M","M","M","E","M","?","T","M","R","E","$","M","R","BOSS","M","M","M","?","$","R","E","?","T","E","$","M","R","?","R","BOSS"],"build_version":"2018-10-25v2","purchased_purges":0,"victory":false,"max_hp_per_floor":[70,70,70,70,70,70,70,70,70,70,70,70,70,70,70,70,70,70,70,70,70,70,70,70,70,70,70,70,70,70,70,70,70],"card_choices":[{"not_picked":["Slice","Backflip"],"picked":"Sucker Punch","floor":1},{"not_picked":["Outmaneuver","Deadly Poison"],"picked":"Blade Dance","floor":3},{"not_picked":["Accuracy","PiercingWail"],"picked":"Riddle With Holes","floor":4},{"not_picked":["Prepared","Predator"],"picked":"Backstab","floor":5},{"not_picked":["Noxious Fumes","Deadly Poison"],"picked":"Dodge and Roll","floor":6},{"not_picked":["Deadly Poison","Backflip"],"picked":"Flying Knee","floor":7},{"not_picked":["Heel Hook","Dodge and Roll+1"],"picked":"PiercingWail+1","floor":10},{"not_picked":["Bane","Acrobatics+1"],"picked":"Dagger Spray","floor":12},{"not_picked":["Crippling Poison+1","All Out Attack"],"picked":"Tactician+1","floor":14},{"not_picked":["Die Die Die","Burst+1"],"picked":"Adrenaline+1","floor":16},{"not_picked":[],"picked":"Choke","floor":18},{"not_picked":[],"picked":"Catalyst+1","floor":19},{"not_picked":[],"picked":"Dagger Throw","floor":20},{"not_picked":["Underhanded Strike"],"picked":"SKIP","floor":24},{"not_picked":[],"picked":"Outmaneuver+1","floor":27},{"not_picked":[],"picked":"Blade Dance+1","floor":29},{"not_picked":[],"picked":"Dodge and Roll+1","floor":31}],"player_experience":65995,"relics_obtained":[{"floor":2,"key":"The Courier"},{"floor":6,"key":"Bag of Marbles"},{"floor":9,"key":"Toxic Egg 2"},{"floor":12,"key":"Smiling Mask"},{"floor":24,"key":"Molten Egg 2"},{"floor":26,"key":"Gremlin Horn"},{"floor":27,"key":"Bag of Preparation"},{"floor":31,"key":"Red Mask"}],"event_choices":[{"damage_healed":0,"gold_gain":0,"player_choice":"Upgraded","damage_taken":0,"max_hp_gain":0,"max_hp_loss":0,"event_name":"Upgrade Shrine","floor":8,"gold_loss":0,"cards_upgraded":["Sucker Punch"]},{"damage_healed":0,"gold_gain":0,"player_choice":"Copied","damage_taken":0,"max_hp_gain":0,"max_hp_loss":0,"event_name":"Duplicator","floor":25,"gold_loss":0,"cards_obtained":["Adrenaline"]},{"damage_healed":0,"gold_gain":0,"player_choice":"Fought Bandits","damage_taken":0,"max_hp_gain":0,"max_hp_loss":0,"event_name":"Masked Bandits","floor":31,"gold_loss":0}],"is_beta":false,"boss_relics":[{"not_picked":["HoveringKite","White Beast Statue"],"picked":"Busted Crown"}],"items_purged_floors":[],"is_endless":false,"potions_floor_spawned":[3,5,10,12,18,27,29,31],"killed_by":"Champ","ascension_level":9}