{"gold_per_floor":[116,116,134,153,163,163,197,197,197,197,524,538,557,657,657,760,760,770,785,639,650,670,670,704,704,728,499,533,548,583,600,600,704,704,719,464,464,484,484,484,504,504,504,504,504,379,379,398,398,398],"floor_reached":51,"playtime":1701,"items_purged":["Strike_B","Strike_B","Strike_B"],"score":742,"play_id":"7daff35d-780d-4291-8def-6af4727b8fc1","local_time":"20181215220404","is_ascension_mode":false,"campfire_choices":[{"data":"Dualcast","floor":6.0,"key":"SMITH"},{"data":"Zap","floor":8.0,"key":"SMITH"},{"data":"Go for the Eyes","floor":10.0,"key":"SMITH"},{"data":"Darkness","floor":15,"key":"SMITH"},{"data":"Capacitor","floor":23,"key":"SMITH"},{"floor":25,"key":"REST"},{"floor":32,"key":"REST"},{"data":"Defragment","floor":40,"key":"SMITH"},{"data":"Rainbow","floor":42,"key":"SMITH"},{"data":"Electrodynamics","floor":45,"key":"SMITH"},{"data":"Coolheaded","floor":47,"key":"SMITH"},{"data":"Ball Lightning","floor":49,"key":"SMITH"}],"neow_cost":"NONE","seed_source_timestamp":1464014674316860,"circlet_count":0,"master_deck":["Strike_B","Defend_B","Defend_B","Defend_B","Defend_B+1","Zap+1","Dualcast+1","Undo","Go for the Eyes+1","Cold Snap","Ball Lightning+1","Darkness+1","Capacitor+1","Conserve Battery","Electrodynamics+1","Chill+1","Stack+1","Rainbow+1","Barrage+1","Chill","Defragment+1","Ball Lightning+1","Conserve Battery","Chill","Coolheaded+1","Chaos+1"],"special_seed":0,"relics":["Cracked Core","Omamori","Potion Belt","Molten Egg 2","Old Coin","Cursed Key","Bag of Preparation","War Paint","Bag of Marbles","Pocketwatch","PreservedInsect","Orrery","Strawberry","Boot"],"potions_floor_usage":[28,28,50,50,50,50,50],"damage_taken":[{"damage":2.0,"enemies":"Small Slimes","floor":1.0,"turns":3.0},{"damage":0.0,"enemies":"2 Louse","floor":3.0,"turns":2.0},{"damage":0.0,"enemies":"Cultist","floor":4.0,"turns":3.0},{"damage":8.0,"enemies":"2 Fungi Beasts","floor":5.0,"turns":4.0},{"damage":3.0,"enemies":"Lagavulin","floor":7.0,"turns":8.0},{"damage":18.0,"enemies":"3 Sentries","floor":11.0,"turns":9.0},{"damage":0.0,"enemies":"Looter","floor":12.0,"turns":2.0},{"damage":0,"enemies":"Exordium Thugs","floor":13,"turns":5},{"damage":27,"enemies":"The Guardian","floor":16,"turns":10},{"damage":5,"enemies":"3 Byrds","floor":18,"turns":4},{"damage":3,"enemies":"Shell Parasite","floor":19,"turns":4},{"damage":1,"enemies":"Chosen and Byrds","floor":21,"turns":5},{"damage":22,"enemies":"Sentry and Sphere","floor":22,"turns":4},{"damage":20,"enemies":"Gremlin Leader","floor":24,"turns":6},{"damage":12,"enemies":"Slavers","floor":28,"turns":5},{"damage":10,"enemies":"Cultist and Chosen","floor":29,"turns":5},{"damage":18,"enemies":"Book of Stabbing","floor":30,"turns":6},{"damage":0,"enemies":"Centurion and Healer","floor":31,"turns":6},{"damage":29,"enemies":"Automaton","floor":33,"turns":9},{"damage":0,"enemies":"Orb Walker","floor":35,"turns":3},{"damage":0,"enemies":"3 Darklings","floor":38,"turns":4},{"damage":0,"enemies":"Sphere and 2 Shapes","floor":41,"turns":6},{"damage":0,"enemies":"4 Shapes","floor":48,"turns":3},{"damage":16,"enemies":"Time Eater","floor":50,"turns":10}],"seed_played":"-8624266538399330882","potions_obtained":[{"floor":3.0,"key":"Fire Potion"},{"floor":5.0,"key":"Ancient Potion"},{"floor":7.0,"key":"Explosive Potion"},{"floor":13,"key":"PowerPotion"},{"floor":16,"key":"Ancient Potion"},{"floor":19,"key":"AttackPotion"},{"floor":22,"key":"PowerPotion"},{"floor":28,"key":"LiquidBronze"},{"floor":33,"key":"Explosive Potion"},{"floor":41,"key":"Dexterity Potion"}],"is_trial":false,"path_per_floor":["M","?","M","M","M","R","E","R","T","R","E","M","M","M","?","R","B",null,"M","M","$","M","M","R","E","R","T","$","E","M","E","M","R","B",null,"M","$","?","M","?","R","M","R","T","?","R","$","R","M","R","B",null],"character_chosen":"DEFECT","items_purchased":["Bag of Preparation","Rainbow","Strawberry"],"campfire_rested":2,"item_purchase_floors":[20,27,36],"current_hp_per_floor":[73,78,78,78,70,70,67,67,67,67,49,49,49,49,49,22,80,75,72,72,71,49,49,29,53,53,53,41,31,13,13,37,8,80,80,87,87,87,87,87,87,87,87,87,87,87,87,87,87,71],"gold":398,"neow_bonus":"RANDOM_COMMON_RELIC","is_prod":false,"is_daily":false,"chose_seed":false,"campfire_upgraded":10,"win_rate":0,"timestamp":1544911444,"path_taken":["M","?","M","M","M","R","E","R","T","R","E","M","M","?","R","BOSS","M","M","$","M","M","R","E","R","T","?","E","M","E","M","R","BOSS","M","$","?","M","?","R","M","R","T","?","R","$","R","M","R","BOSS"],"build_version":"2018-12-13","purchased_purges":3,"victory":true,"max_hp_per_floor":[75,80,80,80,80,80,80,80,80,80,80,80,80,80,80,80,80,80,80,80,80,80,80,80,80,80,80,80,80,80,80,80,80,80,80,87,87,87,87,87,87,87,87,87,87,87,87,87,87,87],"card_choices":[{"not_picked":["Streamline","Compile Driver"],"picked":"Undo","floor":1.0},{"not_picked":["Rebound","Reinforced Body"],"picked":"Go for the Eyes","floor":3.0},{"not_picked":["Steam Power","Rebound","Stack"],"picked":"SKIP","floor":4.0},{"not_picked":["Blizzard","Redo"],"picked":"Cold Snap","floor":5.0},{"not_picked":["Reboot","Beam Cell"],"picked":"Ball Lightning","floor":7.0},{"not_picked":["Undo","Static Discharge"],"picked":"Darkness","floor":11.0},{"not_picked":["Coolheaded","Turbo"],"picked":"Capacitor","floor":12},{"not_picked":["Capacitor","Redo"],"picked":"Conserve Battery","floor":13},{"not_picked":["Buffer","Thunder Strike+1"],"picked":"Electrodynamics","floor":16},{"not_picked":["Sweeping Beam+1","Turbo+1"],"picked":"Chill","floor":18},{"not_picked":["Coolheaded","Cold Snap+1"],"picked":"Stack+1","floor":19},{"not_picked":["Coolheaded","Melter+1","Capacitor"],"picked":"SKIP","floor":21},{"not_picked":["Leap+1","Scrape+1","Reprogram+1"],"picked":"SKIP","floor":22},{"not_picked":["All For One+1","Cold Snap+1","Hologram"],"picked":"SKIP","floor":24},{"not_picked":["Static Discharge+1","Steam+1","Compile Driver+1"],"picked":"SKIP","floor":28},{"not_picked":["Reprogram","Hyperbeam+1"],"picked":"Barrage+1","floor":29},{"not_picked":["Compile Driver+1","Rebound+1"],"picked":"Chill","floor":30},{"not_picked":["Reinforced Body+1","Streamline+1"],"picked":"Defragment","floor":31},{"not_picked":["Rebound+1","Lockon+1"],"picked":"Ball Lightning+1","floor":34},{"not_picked":["Turbo","Gash+1"],"picked":"Conserve Battery","floor":34},{"not_picked":["Stack+1","Steam"],"picked":"Chill","floor":34},{"not_picked":["Biased Cognition","Sweeping Beam+1"],"picked":"Coolheaded","floor":34},{"not_picked":["Ball Lightning+1","Hologram","Self Repair+1"],"picked":"SKIP","floor":35},{"not_picked":["Compile Driver+1","Turbo"],"picked":"Chaos+1","floor":38},{"not_picked":["Sweeping Beam+1","BootSequence","Turbo+1"],"picked":"SKIP","floor":41},{"not_picked":["Core Surge+1","Go for the Eyes+1","Steam"],"picked":"SKIP","floor":48}],"player_experience":883829,"relics_obtained":[{"floor":7.0,"key":"Potion Belt"},{"floor":9.0,"key":"Molten Egg 2"},{"floor":11.0,"key":"Old Coin"},{"floor":24,"key":"War Paint"},{"floor":26,"key":"Bag of Marbles"},{"floor":28,"key":"Pocketwatch"},{"floor":30,"key":"PreservedInsect"},{"floor":43,"key":"Boot"}],"event_choices":[{"damage_healed":0.0,"max_hp_gain":5.0,"max_hp_loss":0.0,"gold_gain":0.0,"event_name":"Big Fish","player_choice":"Donut","floor":2.0,"gold_loss":0.0,"damage_taken":0.0},{"damage_healed":0,"gold_gain":100,"player_choice":"Gold","damage_taken":0,"max_hp_gain":0,"max_hp_loss":0,"event_name":"Wheel of Change","floor":14,"gold_loss":0},{"damage_healed":0,"gold_gain":0,"player_choice":"Ignored","damage_taken":0,"max_hp_gain":0,"max_hp_loss":0,"event_name":"Tomb of Lord Red Mask","floor":37,"gold_loss":0},{"damage_healed":0,"gold_gain":0,"player_choice":"Memory 1","damage_taken":0,"max_hp_gain":0,"max_hp_loss":0,"event_name":"SensoryStone","floor":39,"gold_loss":0},{"damage_healed":0,"gold_gain":0,"player_choice":"Ignored","damage_taken":0,"max_hp_gain":0,"max_hp_loss":0,"event_name":"Mysterious Sphere","floor":44,"gold_loss":0}],"is_beta":false,"boss_relics":[{"not_picked":["Snecko Eye","Runic Dome"],"picked":"Cursed Key"},{"not_picked":["Coffee Dripper","Runic Pyramid"],"picked":"Orrery"}],"items_purged_floors":[27,36,46],"is_endless":false,"potions_floor_spawned":[3,5,7,13,16,19,22,28,33,41],"ascension_level":0}