{"gold_per_floor":[119,119,138,154,154,154,154,154,154,167,181,216,216,228,228,302,302,313,313,313,313,332,332,332],"floor_reached":24,"playtime":661,"items_purged":[],"score":388,"play_id":"6080df96-5416-414e-8fad-d4bb72695508","local_time":"20190130222751","is_ascension_mode":true,"campfire_choices":[{"data":"Zap","floor":6,"key":"SMITH"},{"data":"Dualcast","floor":8,"key":"SMITH"},{"floor":13,"key":"REST"},{"floor":15,"key":"REST"},{"data":"Multi-Cast","floor":23,"key":"SMITH"}],"neow_cost":"NONE","seed_source_timestamp":519969354229400,"circlet_count":0,"master_deck":["AscendersBane","Defend_B","Defend_B","Defend_B","Zap+1","Dualcast+1","Conserve Battery","Turbo+1","Sunder+1","Coolheaded","Double Energy","Ball Lightning","Beam Cell","Multi-Cast+1","Darkness+1","Rip and Tear+1","Beam Cell+1","Capacitor","Bite","Bite","Bite","Bite","Bite","Cold Snap"],"relics":["Cracked Core","Matryoshka","Bag of Marbles","Astrolabe","MutagenicStrength"],"potions_floor_usage":[12,16,16,22,24],"damage_taken":[{"damage":0,"enemies":"Small Slimes","floor":1,"turns":3},{"damage":0,"enemies":"Cultist","floor":3,"turns":4},{"damage":1,"enemies":"2 Louse","floor":4,"turns":2},{"damage":7,"enemies":"Large Slime","floor":10,"turns":6},{"damage":28,"enemies":"Gremlin Gang","floor":11,"turns":5},{"damage":29,"enemies":"3 Sentries","floor":12,"turns":7},{"damage":0,"enemies":"Exordium Thugs","floor":14,"turns":4},{"damage":34,"enemies":"Hexaghost","floor":16,"turns":8},{"damage":7,"enemies":"2 Thieves","floor":18,"turns":3},{"damage":0,"enemies":"Spheric Guardian","floor":22,"turns":3},{"damage":64,"enemies":"Book of Stabbing","floor":24,"turns":4}],"seed_played":"-8266804509483604143","potions_obtained":[{"floor":1,"key":"SpeedPotion"},{"floor":10,"key":"FearPotion"},{"floor":14,"key":"SpeedPotion"},{"floor":18,"key":"Energy Potion"},{"floor":21,"key":"Block Potion"}],"is_trial":false,"path_per_floor":["M","?","M","M","?","R","?","R","T","M","M","E","R","M","R","B",null,"M","?","?","?","M","R","E"],"character_chosen":"DEFECT","items_purchased":[],"campfire_rested":2,"item_purchase_floors":[],"current_hp_per_floor":[71,71,71,70,70,70,70,70,70,63,35,6,29,29,52,18,63,56,54,54,54,54,54,0],"gold":332,"neow_bonus":"TEN_PERCENT_HP_BONUS","is_prod":false,"is_daily":false,"chose_seed":false,"campfire_upgraded":3,"win_rate":0,"timestamp":1548916071,"path_taken":["M","?","?","M","?","R","?","R","T","?","M","E","R","M","R","BOSS","M","?","?","?","?","R","E"],"build_version":"2019-01-23","purchased_purges":0,"victory":false,"max_hp_per_floor":[78,78,78,78,78,78,78,78,78,78,78,78,78,78,78,78,78,78,54,54,54,54,54,54],"card_choices":[{"not_picked":["Melter","Beam Cell"],"picked":"Conserve Battery","floor":1},{"not_picked":["Streamline","Steam Power"],"picked":"Turbo","floor":3},{"not_picked":["Barrage","Blizzard"],"picked":"Sunder","floor":4},{"not_picked":["BootSequence","Conserve Battery"],"picked":"Coolheaded","floor":10},{"not_picked":["Coolheaded","Rebound"],"picked":"Double Energy","floor":11},{"not_picked":["Barrage","Coolheaded"],"picked":"Ball Lightning","floor":12},{"not_picked":["Hologram","Thunder Strike"],"picked":"Beam Cell","floor":14},{"not_picked":["Machine Learning","All For One"],"picked":"Multi-Cast","floor":16},{"not_picked":["Conserve Battery","Sweeping Beam"],"picked":"Capacitor","floor":18},{"not_picked":["Turbo","Chaos"],"picked":"Cold Snap","floor":22}],"player_experience":1216098,"relics_obtained":[{"floor":9,"key":"Matryoshka"},{"floor":12,"key":"Bag of Marbles"}],"event_choices":[{"cards_removed":["Strike_B"],"damage_healed":0,"gold_gain":0,"player_choice":"Purged","damage_taken":0,"max_hp_gain":0,"max_hp_loss":0,"event_name":"Purifier","floor":2,"gold_loss":0},{"damage_healed":0,"gold_gain":0,"player_choice":"Grow","damage_taken":0,"max_hp_gain":0,"max_hp_loss":0,"event_name":"Living Wall","floor":5,"gold_loss":0,"cards_upgraded":["Sunder"]},{"damage_healed":0,"gold_gain":0,"player_choice":"Upgraded","damage_taken":0,"max_hp_gain":0,"max_hp_loss":0,"event_name":"Upgrade Shrine","floor":7,"gold_loss":0,"cards_upgraded":["Turbo"]},{"damage_healed":0,"gold_gain":0,"player_choice":"Became a vampire","damage_taken":0,"max_hp_gain":0,"max_hp_loss":24,"event_name":"Vampires","floor":19,"gold_loss":0,"cards_obtained":["Bite","Bite","Bite","Bite","Bite"]},{"damage_healed":0,"gold_gain":0,"player_choice":"Inject Mutagens","damage_taken":0,"relics_obtained":["MutagenicStrength"],"max_hp_gain":0,"max_hp_loss":0,"event_name":"Drug Dealer","floor":20,"gold_loss":0},{"damage_healed":0,"gold_gain":0,"player_choice":"Got Potions","damage_taken":0,"max_hp_gain":0,"max_hp_loss":0,"event_name":"Lab","floor":21,"gold_loss":0}],"is_beta":false,"boss_relics":[{"not_picked":["Coffee Dripper","Tiny House"],"picked":"Astrolabe"}],"items_purged_floors":[],"is_endless":false,"potions_floor_spawned":[1,10,14,18],"killed_by":"Book of Stabbing","ascension_level":17}