{"gold_per_floor":[112,62,37,53,65,65,93,93,93,20,30,48,61,78,78,175,175,188,201,201,126,126,126,143,171,194,210,240,250,250,265,265,265],"floor_reached":33,"playtime":3204,"items_purged":["Strike_R"],"score":291,"play_id":"3467e077-3a6d-443f-b4f4-dcaef2fd98a7","local_time":"20190203150854","is_ascension_mode":false,"campfire_choices":[{"data":"Whirlwind","floor":6,"key":"SMITH"},{"data":"Seeing Red","floor":8,"key":"SMITH"},{"data":"Fiend Fire","floor":15,"key":"SMITH"},{"data":"Demon Form","floor":23,"key":"SMITH"},{"data":"Heavy Blade","floor":30,"key":"SMITH"},{"data":"Bludgeon","floor":32,"key":"SMITH"}],"neow_cost":"PERCENT_DAMAGE","seed_source_timestamp":250753829514717,"circlet_count":0,"master_deck":["Strike_R","Defend_R","Defend_R","Defend_R","Defend_R","Bash","Whirlwind+1","Seeing Red+1","Shrug It Off","True Grit","Twin Strike","Seeing Red","Fiend Fire+1","Shrug It Off","Demon Form+1","Uppercut","Headbutt","Ghostly Armor","Infernal Blade","Headbutt","Reaper","Clash","Clothesline+1","Heavy Blade+1","Battle Trance","Flex","Bludgeon+1","Pommel Strike+1","Heavy Blade+1","Offering","Heavy Blade+1","Pommel Strike+1"],"relics":["Burning Blood","Prayer Wheel","Eternal Feather","Nloth\u0027s Gift","Strawberry","Centennial Puzzle","Ancient Tea Set"],"potions_floor_usage":[16,24,25,25,29,31],"damage_taken":[{"damage":0,"enemies":"Small Slimes","floor":1,"turns":3},{"damage":0,"enemies":"2 Louse","floor":4,"turns":4},{"damage":0,"enemies":"Cultist","floor":5,"turns":3},{"damage":50,"enemies":"Lagavulin","floor":7,"turns":7},{"damage":0,"enemies":"Large Slime","floor":11,"turns":3},{"damage":0,"enemies":"2 Fungi Beasts","floor":12,"turns":1},{"damage":2,"enemies":"Looter","floor":13,"turns":2},{"damage":0,"enemies":"Lots of Slimes","floor":14,"turns":2},{"damage":8,"enemies":"Slime Boss","floor":16,"turns":6},{"damage":0,"enemies":"Chosen","floor":18,"turns":4},{"damage":15,"enemies":"Spheric Guardian","floor":19,"turns":4},{"damage":8,"enemies":"Shelled Parasite and Fungi","floor":24,"turns":5},{"damage":47,"enemies":"Slavers","floor":25,"turns":7},{"damage":2,"enemies":"Sentry and Sphere","floor":27,"turns":3},{"damage":48,"enemies":"Gremlin Leader","floor":28,"turns":6},{"damage":3,"enemies":"Snake Plant","floor":29,"turns":4},{"damage":28,"enemies":"Centurion and Healer","floor":31,"turns":8},{"damage":70,"enemies":"Automaton","floor":33,"turns":8}],"seed_played":"-2709929350888810154","potions_obtained":[{"floor":7,"key":"Weak Potion"},{"floor":13,"key":"Swift Potion"},{"floor":14,"key":"Strength Potion"},{"floor":16,"key":"FearPotion"},{"floor":19,"key":"Fire Potion"},{"floor":28,"key":"Swift Potion"},{"floor":29,"key":"EssenceOfSteel"}],"is_trial":false,"path_per_floor":["M","?","$","M","M","R","E","R","T","$","M","M","M","M","R","B",null,"M","M","?","$","?","R","M","E","T","M","E","M","R","M","R","B"],"character_chosen":"IRONCLAD","items_purchased":["True Grit","Fiend Fire"],"campfire_rested":0,"item_purchase_floors":[3,10],"current_hp_per_floor":[62,62,62,68,74,74,30,30,30,30,36,42,46,52,52,50,80,80,71,71,71,71,80,78,65,65,69,48,51,69,51,69,0],"gold":265,"neow_bonus":"TRANSFORM_TWO_CARDS","is_prod":false,"is_daily":false,"chose_seed":false,"campfire_upgraded":6,"win_rate":0.0,"timestamp":1549202934,"path_taken":["M","?","$","M","M","R","E","R","T","$","M","M","M","M","R","BOSS","M","M","?","$","?","R","M","E","T","?","E","M","R","M","R","BOSS"],"build_version":"2019-01-23","purchased_purges":1,"victory":false,"max_hp_per_floor":[80,80,80,80,80,80,80,80,80,80,80,80,80,80,80,80,80,80,80,80,80,80,80,80,87,87,87,87,87,87,87,87,87],"card_choices":[{"not_picked":["Headbutt","Body Slam"],"picked":"Shrug It Off","floor":1},{"not_picked":["Dropkick","Heavy Blade"],"picked":"Twin Strike","floor":4},{"not_picked":["Warcry","Perfected Strike","Body Slam"],"picked":"SKIP","floor":5},{"not_picked":["True Grit","Bloodletting"],"picked":"Seeing Red","floor":7},{"not_picked":["Twin Strike","Armaments"],"picked":"Shrug It Off","floor":11},{"not_picked":["Shrug It Off","Pommel Strike"],"picked":"Demon Form","floor":11},{"not_picked":["Entrench","Body Slam"],"picked":"Uppercut","floor":12},{"not_picked":["Anger","Blood for Blood","Body Slam"],"picked":"SKIP","floor":12},{"not_picked":["Twin Strike","Armaments"],"picked":"Headbutt","floor":13},{"not_picked":["Anger","Armaments"],"picked":"Ghostly Armor","floor":13},{"not_picked":["Entrench","Dual Wield"],"picked":"Infernal Blade","floor":14},{"not_picked":["Metallicize","Twin Strike"],"picked":"Headbutt","floor":14},{"not_picked":["Offering","Feed"],"picked":"Reaper","floor":16},{"not_picked":["Rupture","Clothesline"],"picked":"Clash","floor":18},{"not_picked":["Armaments","Dropkick+1"],"picked":"Clothesline+1","floor":18},{"not_picked":["Armaments+1","Sword Boomerang"],"picked":"Heavy Blade+1","floor":19},{"not_picked":["Hemokinesis","Burning Pact","Rupture"],"picked":"SKIP","floor":19},{"not_picked":["Body Slam","Headbutt+1"],"picked":"Battle Trance","floor":24},{"not_picked":["Searing Blow","Anger"],"picked":"Flex","floor":24},{"not_picked":["Heavy Blade","Brutality"],"picked":"Bludgeon","floor":25},{"not_picked":["Clothesline","Clash"],"picked":"Pommel Strike+1","floor":27},{"not_picked":["Warcry","Entrench"],"picked":"Heavy Blade+1","floor":27},{"not_picked":["Clothesline","True Grit"],"picked":"Offering","floor":28},{"not_picked":["Perfected Strike","Headbutt"],"picked":"Heavy Blade","floor":29},{"not_picked":["Disarm","Twin Strike","Dropkick"],"picked":"SKIP","floor":29},{"not_picked":["Body Slam+1","Twin Strike"],"picked":"Pommel Strike+1","floor":31},{"not_picked":["Metallicize","Twin Strike","Flex"],"picked":"SKIP","floor":31}],"player_experience":7775,"relics_obtained":[{"floor":7,"key":"Pocketwatch"},{"floor":9,"key":"Prayer Wheel"},{"floor":25,"key":"Strawberry"},{"floor":26,"key":"Centennial Puzzle"},{"floor":28,"key":"Ancient Tea Set"}],"event_choices":[{"cards_removed":["Strike_R"],"damage_healed":0,"gold_gain":0,"player_choice":"Card Removal","damage_taken":0,"max_hp_gain":0,"max_hp_loss":0,"event_name":"The Cleric","floor":2,"gold_loss":50},{"damage_healed":0,"gold_gain":0,"player_choice":"Ignored","damage_taken":0,"max_hp_gain":0,"max_hp_loss":0,"event_name":"Ghosts","floor":20,"gold_loss":0},{"damage_healed":0,"gold_gain":0,"player_choice":"Traded Relic","damage_taken":0,"relics_obtained":["Nloth\u0027s Gift"],"max_hp_gain":0,"max_hp_loss":0,"event_name":"N\u0027loth","floor":22,"relics_lost":["Pocketwatch"],"gold_loss":0}],"is_beta":false,"boss_relics":[{"not_picked":["Calling Bell","Fusion Hammer"],"picked":"Eternal Feather"}],"items_purged_floors":[21],"is_endless":false,"potions_floor_spawned":[7,13,14,16,19,28,29],"killed_by":"Automaton","ascension_level":0}