{"gold_per_floor":[119,119,2,20,20,20,54,67,67,67,77,108,122,153,153,225,225,195,245,265,284,284,284,284,284,308,308,125,140,150,179,179,179],"floor_reached":33,"playtime":3178,"items_purged":["Strike_G","Strike_G"],"score":605,"play_id":"d86ad36f-9c91-4541-ad9d-3b2f5550f644","local_time":"20190206051000","is_ascension_mode":true,"campfire_choices":[{"data":"Neutralize","floor":6.0,"key":"SMITH"},{"data":"Poisoned Stab","floor":10.0,"key":"SMITH"},{"floor":15.0,"key":"REST"},{"floor":23.0,"key":"REST"},{"data":"After Image","floor":25.0,"key":"SMITH"},{"data":"Cloak And Dagger","floor":27.0,"key":"SMITH"},{"floor":32,"key":"REST"}],"neow_cost":"NONE","seed_source_timestamp":0,"circlet_count":0,"master_deck":["AscendersBane","Defend_G","Defend_G","Defend_G","Defend_G","Defend_G","Strike_G","Survivor","Neutralize+1","Cloak And Dagger","Infinite Blades","Cloak And Dagger+1","Poisoned Stab+1","Dagger Spray","After Image+1","Dodge and Roll","Backflip","Cloak And Dagger","Adrenaline","Decay","Well Laid Plans","Backflip"],"special_seed":0,"relics":["Ring of the Snake","NeowsBlessing","Dodecahedron","Bag of Preparation","Potion Belt","Mercury Hourglass","Eternal Feather","Boot","Mummified Hand"],"potions_floor_usage":[33],"damage_taken":[{"damage":0.0,"enemies":"Jaw Worm","floor":1.0,"turns":1.0},{"damage":0.0,"enemies":"Cultist","floor":4.0,"turns":1.0},{"damage":0.0,"enemies":"3 Sentries","floor":7.0,"turns":2.0},{"damage":1.0,"enemies":"2 Louse","floor":8.0,"turns":4.0},{"damage":0.0,"enemies":"2 Fungi Beasts","floor":11.0,"turns":3.0},{"damage":24.0,"enemies":"Gremlin Nob","floor":12.0,"turns":4.0},{"damage":2.0,"enemies":"Exordium Thugs","floor":13.0,"turns":4.0},{"damage":9.0,"enemies":"Lagavulin","floor":14.0,"turns":8.0},{"damage":13.0,"enemies":"The Guardian","floor":16.0,"turns":16.0},{"damage":11.0,"enemies":"2 Thieves","floor":18.0,"turns":5.0},{"damage":19.0,"enemies":"3 Byrds","floor":20.0,"turns":6.0},{"damage":23.0,"enemies":"3 Cultists","floor":21.0,"turns":5.0},{"damage":12.0,"enemies":"Snecko","floor":29.0,"turns":6.0},{"damage":9,"enemies":"Shelled Parasite and Fungi","floor":30,"turns":8},{"damage":35,"enemies":"Book of Stabbing","floor":31,"turns":8},{"damage":70,"enemies":"Collector","floor":33,"turns":8}],"seed_played":"8571901115062659551","potions_obtained":[{"floor":7.0,"key":"Strength Potion"},{"floor":8.0,"key":"SneckoOil"},{"floor":12.0,"key":"Energy Potion"},{"floor":20.0,"key":"PowerPotion"}],"is_trial":false,"path_per_floor":["M","?","$","M","?","R","E","M","T","R","M","E","M","E","R","B",null,"M","?","M","M","?","R","?","R","T","R","$","M","M","E","R","B"],"character_chosen":"THE_SILENT","items_purchased":["Infinite Blades","Well Laid Plans"],"campfire_rested":3,"item_purchase_floors":[3,28],"current_hp_per_floor":[59,59,59,59,52,52,52,51,51,51,51,27,25,16,35,22,55,44,44,25,2,2,33,33,45,45,57,57,45,36,1,32,0],"gold":179,"neow_bonus":"THREE_ENEMY_KILL","is_prod":false,"is_daily":false,"chose_seed":false,"campfire_upgraded":4,"win_rate":0,"timestamp":1549426200,"path_taken":["M","?","$","?","?","R","E","M","T","R","M","E","M","E","R","BOSS","M","?","M","M","?","R","?","R","T","R","$","?","M","E","R","BOSS"],"build_version":"2019-01-23","purchased_purges":2,"victory":false,"max_hp_per_floor":[66,66,66,66,66,66,66,66,66,66,66,66,66,66,66,66,66,66,66,66,66,66,66,66,66,66,66,66,66,66,66,66,66],"card_choices":[{"not_picked":["Concentrate","Catalyst"],"picked":"Cloak And Dagger","floor":1.0},{"not_picked":["Heel Hook","Infinite Blades"],"picked":"Cloak And Dagger","floor":4.0},{"not_picked":["Endless Agony","Flying Knee","Sucker Punch"],"picked":"SKIP","floor":7.0},{"not_picked":["Infinite Blades","Deflect"],"picked":"Poisoned Stab","floor":8.0},{"not_picked":["Flying Knee","Blade Dance"],"picked":"Dagger Spray","floor":11.0},{"not_picked":["Flying Knee","Reflex"],"picked":"After Image","floor":12.0},{"not_picked":["Poisoned Stab","Bane"],"picked":"Dodge and Roll","floor":13.0},{"not_picked":["Deflect","Distraction","Deadly Poison"],"picked":"SKIP","floor":14.0},{"not_picked":["Blade Dance","Blur"],"picked":"Backflip","floor":18.0},{"not_picked":["Calculated Gamble","Deadly Poison"],"picked":"Cloak And Dagger","floor":20.0},{"not_picked":["Cloak And Dagger","Dagger Throw"],"picked":"Adrenaline","floor":21.0},{"not_picked":["Quick Slash+1","Dagger Throw+1","Deadly Poison"],"picked":"SKIP","floor":29},{"not_picked":["Dodge and Roll","Blade Dance"],"picked":"Backflip","floor":30},{"not_picked":["Heel Hook","Underhanded Strike","Masterful Stab"],"picked":"SKIP","floor":31}],"player_experience":417096,"relics_obtained":[{"floor":7.0,"key":"Dodecahedron"},{"floor":9.0,"key":"Bag of Preparation"},{"floor":12.0,"key":"Potion Belt"},{"floor":14.0,"key":"Mercury Hourglass"},{"floor":26.0,"key":"Boot"},{"floor":31,"key":"Mummified Hand"}],"event_choices":[{"cards_removed":["Strike_G"],"damage_healed":0.0,"max_hp_gain":0.0,"max_hp_loss":0.0,"gold_gain":0.0,"event_name":"Bonfire Elementals","player_choice":"Offered Basic","floor":2.0,"gold_loss":0.0,"damage_taken":0.0},{"cards_removed":["Strike_G"],"damage_healed":0.0,"max_hp_gain":0.0,"max_hp_loss":0.0,"gold_gain":0.0,"event_name":"Golden Wing","player_choice":"Card Removal","floor":5.0,"gold_loss":0.0,"damage_taken":7.0},{"damage_healed":0.0,"max_hp_gain":0.0,"max_hp_loss":0.0,"gold_gain":50.0,"event_name":"Nest","player_choice":"Stole From Cult","floor":19.0,"gold_loss":0.0,"damage_taken":0.0},{"damage_healed":0.0,"max_hp_gain":0.0,"max_hp_loss":0.0,"gold_gain":0.0,"event_name":"The Mausoleum","player_choice":"Ignored","floor":22.0,"gold_loss":0.0,"damage_taken":0.0},{"damage_healed":0.0,"max_hp_gain":0.0,"max_hp_loss":0.0,"gold_gain":0.0,"event_name":"Forgotten Altar","player_choice":"Smashed Altar","floor":24.0,"gold_loss":0.0,"damage_taken":0.0,"cards_obtained":["Decay"]}],"is_beta":false,"boss_relics":[{"not_picked":["Calling Bell","Empty Cage"],"picked":"Eternal Feather"}],"items_purged_floors":[3,28],"is_endless":false,"potions_floor_spawned":[7,8,12,20],"killed_by":"Collector","ascension_level":19}