{"gold_per_floor":[111,123,123,133,93,93,109,126,153,153,214,214,232,261,273,388,400,426,420,432,444,466,478,490],"floor_reached":24,"playtime":897,"items_purged":[],"score":233,"play_id":"2ea753ed-8e7c-4685-bd24-28bf9b94191e","local_time":"20181121205603","is_ascension_mode":false,"campfire_choices":[{"data":"Defragment","floor":6,"key":"SMITH"},{"data":"Dualcast","floor":10,"key":"SMITH"},{"data":"Zap","floor":15,"key":"SMITH"},{"data":"Buffer","floor":23,"key":"SMITH"}],"neow_cost":"NONE","seed_source_timestamp":346664579104292,"circlet_count":0,"master_deck":["Strike_B","Strike_B","Strike_B","Strike_B","Defend_B","Defend_B","Defend_B","Defend_B","Zap+1","Dualcast+1","Glacier","Auto Shields","Defragment+1","Go for the Eyes","Buffer+1","Conserve Battery","BootSequence"],"relics":["Cracked Core","Regal Pillow","Strawberry","Tiny Chest","MawBank"],"potions_floor_usage":[16,19],"damage_taken":[{"damage":0,"enemies":"2 Louse","floor":1,"turns":2},{"damage":1,"enemies":"Jaw Worm","floor":2,"turns":3},{"damage":0,"enemies":"Cultist","floor":4,"turns":4},{"damage":1,"enemies":"2 Fungi Beasts","floor":7,"turns":4},{"damage":0,"enemies":"3 Louse","floor":8,"turns":5},{"damage":0,"enemies":"Lagavulin","floor":11,"turns":8},{"damage":6,"enemies":"Large Slime","floor":13,"turns":7},{"damage":2,"enemies":"3 Sentries","floor":14,"turns":11},{"damage":13,"enemies":"Slime Boss","floor":16,"turns":17},{"damage":1,"enemies":"Chosen","floor":18,"turns":7},{"damage":9,"enemies":"2 Thieves","floor":19,"turns":4},{"damage":6,"enemies":"Shelled Parasite and Fungi","floor":22,"turns":12},{"damage":0,"enemies":"Gremlin Leader","floor":24,"turns":4}],"seed_played":"-6493651843562153466","potions_obtained":[{"floor":1,"key":"SteroidPotion"},{"floor":4,"key":"Fire Potion"},{"floor":13,"key":"SkillPotion"},{"floor":16,"key":"SpeedPotion"},{"floor":19,"key":"PowerPotion"}],"is_trial":false,"path_per_floor":["M","M","$","M","$","R","M","M","T","R","E","?","M","E","R","B",null,"M","M","$","?","M","R","E"],"character_chosen":"DEFECT","items_purchased":["Defragment"],"campfire_rested":0,"item_purchase_floors":[5],"current_hp_per_floor":[75,74,74,74,74,74,73,73,80,80,80,85,79,77,77,64,87,86,77,77,77,71,71,71],"gold":490,"neow_bonus":"RANDOM_COMMON_RELIC","is_prod":false,"is_daily":false,"chose_seed":false,"campfire_upgraded":4,"win_rate":0,"timestamp":1542833763,"path_taken":["M","M","$","M","$","R","M","M","T","R","E","?","M","E","R","BOSS","M","M","$","?","M","R","E"],"build_version":"2018-11-15","purchased_purges":0,"victory":false,"max_hp_per_floor":[75,75,75,75,75,75,75,75,82,82,82,87,87,87,87,87,87,87,87,87,87,87,87,87],"card_choices":[{"not_picked":["Rip and Tear","Lockon","Heatsinks"],"picked":"SKIP","floor":1},{"not_picked":["Go for the Eyes","Conserve Battery"],"picked":"Glacier","floor":2},{"not_picked":["Compile Driver","White Noise"],"picked":"Auto Shields","floor":4},{"not_picked":["Self Repair","Chaos","Hologram"],"picked":"SKIP","floor":7},{"not_picked":["Loop","Darkness"],"picked":"Go for the Eyes","floor":8},{"not_picked":["Reboot","Fusion","Compile Driver"],"picked":"SKIP","floor":11},{"not_picked":["Turbo","Barrage","Beam Cell"],"picked":"SKIP","floor":13},{"not_picked":["Hologram","Streamline","Redo"],"picked":"SKIP","floor":14},{"not_picked":["Seek","Hyperbeam"],"picked":"Buffer","floor":16},{"not_picked":["Scrape","Chill"],"picked":"Conserve Battery","floor":18},{"not_picked":["Stack","Beam Cell"],"picked":"BootSequence","floor":19},{"not_picked":["Cold Snap","Leap+1","Streamline+1"],"picked":"SKIP","floor":22}],"player_experience":811461,"relics_obtained":[{"floor":9,"key":"Strawberry"},{"floor":11,"key":"Tiny Chest"},{"floor":14,"key":"MawBank"}],"event_choices":[{"damage_healed":0,"gold_gain":0,"player_choice":"Donut","damage_taken":0,"max_hp_gain":5,"max_hp_loss":0,"event_name":"Big Fish","floor":12,"gold_loss":0},{"damage_healed":0,"gold_gain":0,"player_choice":"Ignored","damage_taken":0,"max_hp_gain":0,"max_hp_loss":0,"event_name":"Vampires","floor":21,"gold_loss":0}],"is_beta":false,"boss_relics":[{"not_picked":["Velvet Choker","Busted Crown","Fusion Hammer"]}],"items_purged_floors":[],"is_endless":false,"potions_floor_spawned":[1,4,13,16,19],"killed_by":"Gremlin Leader","ascension_level":0}