{"gold_per_floor":[113,113,22,38,57,57,74,108,108,108,128,128,128,147,147,250,250,265,265,265,265,279,279,279,279,279,279,304,319,319,329,329,426,426,440,440,440,458,473,473,486,500,500,156,171,171,190,203,203,203],"floor_reached":51,"playtime":1783,"items_purged":[],"score":746,"play_id":"60fa58c7-7faa-46a8-9345-872e27f9f787","local_time":"20181117210701","is_ascension_mode":false,"campfire_choices":[{"data":"Noxious Fumes","floor":6.0,"key":"SMITH"},{"data":"Noxious Fumes","floor":13.0,"key":"SMITH"},{"data":"Poisoned Stab","floor":15.0,"key":"SMITH"},{"data":"Deadly Poison","floor":23.0,"key":"SMITH"},{"data":"Burst","floor":25.0,"key":"SMITH"},{"data":"Backflip","floor":27.0,"key":"SMITH"},{"floor":32.0,"key":"REST"},{"data":"Catalyst","floor":40.0,"key":"SMITH"},{"data":"Catalyst","floor":49,"key":"SMITH"}],"neow_cost":"NONE","seed_source_timestamp":810526462883,"circlet_count":0,"master_deck":["Defend_G+1","Defend_G+1","Defend_G+1","Defend_G+1","Strike_G+1","Strike_G+1","Strike_G+1","Strike_G+1","Strike_G+1","Survivor+1","Neutralize+1","Quick Slash+1","Noxious Fumes+1","Backflip+1","Noxious Fumes+1","Flying Knee","Poisoned Stab+1","Burst+1","Prepared+1","Catalyst+1","Deadly Poison+1","Catalyst+1","Die Die Die","Catalyst+1","Catalyst+1","Dodge and Roll+1","Dash+1","PiercingWail+1"],"special_seed":0,"relics":["Ring of the Snake","Paper Crane","Mango","Philosopher\u0027s Stone","Peace Pipe","Sozu","Kunai","Lee\u0027s Waffle","Anchor"],"potions_floor_usage":[50,50,50],"damage_taken":[{"damage":0.0,"enemies":"2 Louse","floor":1.0,"turns":3.0},{"damage":0.0,"enemies":"Small Slimes","floor":4.0,"turns":4.0},{"damage":0.0,"enemies":"Cultist","floor":5.0,"turns":4.0},{"damage":3.0,"enemies":"3 Louse","floor":7.0,"turns":4.0},{"damage":8.0,"enemies":"Lagavulin","floor":8.0,"turns":7.0},{"damage":0.0,"enemies":"2 Fungi Beasts","floor":11.0,"turns":4.0},{"damage":3.0,"enemies":"Gremlin Gang","floor":14.0,"turns":7.0},{"damage":20.0,"enemies":"Hexaghost","floor":16.0,"turns":8.0},{"damage":1.0,"enemies":"Chosen","floor":18.0,"turns":4.0},{"damage":30.0,"enemies":"3 Byrds","floor":22.0,"turns":5.0},{"damage":31.0,"enemies":"Slavers","floor":28.0,"turns":7.0},{"damage":16.0,"enemies":"Snake Plant","floor":29.0,"turns":2.0},{"damage":2.0,"enemies":"Chosen and Byrds","floor":31.0,"turns":5.0},{"damage":19.0,"enemies":"Collector","floor":33.0,"turns":3.0},{"damage":0.0,"enemies":"3 Shapes","floor":35.0,"turns":4.0},{"damage":0.0,"enemies":"Orb Walker","floor":38.0,"turns":3.0},{"damage":16.0,"enemies":"4 Shapes","floor":39.0,"turns":4.0},{"damage":0.0,"enemies":"Transient","floor":41.0,"turns":2.0},{"damage":24.0,"enemies":"Sphere and 2 Shapes","floor":42.0,"turns":5.0},{"damage":8.0,"enemies":"Spire Growth","floor":45.0,"turns":3.0},{"damage":11,"enemies":"Jaw Worm Horde","floor":47,"turns":4},{"damage":6,"enemies":"Writhing Mass","floor":48,"turns":4},{"damage":45,"enemies":"Donu and Deca","floor":50,"turns":8}],"seed_played":"221134917075186858","potions_obtained":[{"floor":4.0,"key":"GamblersBrew"},{"floor":5.0,"key":"LiquidBronze"},{"floor":7.0,"key":"Strength Potion"},{"floor":14.0,"key":"Ancient Potion"},{"floor":18.0,"key":"Dexterity Potion"}],"is_trial":false,"path_per_floor":["M","?","$","M","M","R","M","E","T","?","M","?","R","M","R","B",null,"M","?","?","$","M","R","?","R","T","R","E","M","?","M","R","B",null,"M","$","?","M","M","R","M","M","T","$","M","?","M","M","R","B",null],"character_chosen":"THE_SILENT","items_purchased":["Noxious Fumes","Backflip","Lee\u0027s Waffle","Anchor"],"campfire_rested":1,"item_purchase_floors":[3,3,44,44],"current_hp_per_floor":[77,77,77,77,77,77,74,66,80,62,62,62,62,59,59,39,91,90,90,90,90,60,60,60,60,60,60,29,13,13,11,38,19,91,91,91,91,91,75,75,75,51,51,98,90,90,79,73,73,28],"gold":203,"neow_bonus":"TEN_PERCENT_HP_BONUS","is_prod":false,"is_daily":false,"chose_seed":false,"campfire_upgraded":8,"win_rate":0,"timestamp":1542488821,"path_taken":["M","?","$","M","M","R","M","E","T","?","M","?","R","?","R","BOSS","M","?","?","$","M","R","?","R","T","R","E","?","?","M","R","BOSS","M","$","?","M","M","R","?","M","T","$","M","?","M","M","R","BOSS"],"build_version":"2018-11-15","purchased_purges":0,"victory":true,"max_hp_per_floor":[77,77,77,77,77,77,77,77,91,91,91,91,91,91,91,91,91,91,91,91,91,91,91,91,91,91,91,91,91,91,91,91,91,91,91,91,91,91,91,91,91,91,91,98,98,98,98,98,98,98],"card_choices":[{"not_picked":["Dodge and Roll","Footwork"],"picked":"Quick Slash","floor":1.0},{"not_picked":["Bouncing Flask","Dagger Throw"],"picked":"Noxious Fumes","floor":4.0},{"not_picked":["Setup","Expertise","Slice"],"picked":"SKIP","floor":5.0},{"not_picked":["Acrobatics","Masterful Stab"],"picked":"Flying Knee","floor":7.0},{"not_picked":["Underhanded Strike","Footwork","Backflip"],"picked":"SKIP","floor":8.0},{"not_picked":["Flechettes","Masterful Stab"],"picked":"Poisoned Stab","floor":11.0},{"not_picked":["Reflex","Cloak And Dagger","Backstab"],"picked":"SKIP","floor":14.0},{"not_picked":["Poisoned Stab","Deflect"],"picked":"Prepared","floor":18.0},{"not_picked":["Sucker Punch","Noxious Fumes"],"picked":"Deadly Poison","floor":22.0},{"not_picked":["Deadly Poison+1","Skewer+1"],"picked":"Catalyst","floor":28.0},{"not_picked":["Infinite Blades","Deflect"],"picked":"Die Die Die","floor":29.0},{"not_picked":["Eviscerate","Dagger Spray"],"picked":"Catalyst","floor":31.0},{"not_picked":["Outmaneuver","Quick Slash+1","Acrobatics+1"],"picked":"SKIP","floor":35.0},{"not_picked":["Sucker Punch","Accuracy+1","Blade Dance+1"],"picked":"SKIP","floor":38.0},{"not_picked":["Dagger Spray","Dodge and Roll+1","Endless Agony"],"picked":"SKIP","floor":39.0},{"not_picked":["Dagger Spray","Endless Agony"],"picked":"Dodge and Roll+1","floor":39.0},{"not_picked":["Underhanded Strike","Bane"],"picked":"Dash+1","floor":41.0},{"not_picked":["Poisoned Stab","Bane","Calculated Gamble"],"picked":"SKIP","floor":42.0},{"not_picked":["Skewer","Flechettes+1","Outmaneuver"],"picked":"SKIP","floor":45.0},{"not_picked":["All Out Attack+1","PiercingWail","Wraith Form v2"],"picked":"SKIP","floor":47},{"not_picked":["Flechettes+1","Escape Plan"],"picked":"PiercingWail+1","floor":48}],"player_experience":794611,"relics_obtained":[{"floor":8.0,"key":"Paper Crane"},{"floor":9.0,"key":"Mango"},{"floor":28.0,"key":"Peace Pipe"},{"floor":43.0,"key":"Kunai"}],"event_choices":[{"damage_healed":0.0,"max_hp_gain":0.0,"max_hp_loss":0.0,"gold_gain":0.0,"event_name":"Living Wall","player_choice":"Grow","floor":2.0,"gold_loss":0.0,"damage_taken":0.0,"cards_upgraded":["Neutralize"]},{"damage_healed":0.0,"max_hp_gain":0.0,"max_hp_loss":0.0,"gold_gain":0.0,"event_name":"Shining Light","player_choice":"Entered Light","floor":10.0,"gold_loss":0.0,"damage_taken":18.0,"cards_upgraded":["Quick Slash","Defend_G"]},{"damage_healed":0.0,"max_hp_gain":0.0,"max_hp_loss":0.0,"gold_gain":0.0,"cards_transformed":["Defend_G"],"event_name":"Transmorgrifier","player_choice":"Transformed","floor":12.0,"gold_loss":0.0,"damage_taken":0.0,"cards_obtained":["Burst"]},{"damage_healed":0.0,"max_hp_gain":0.0,"max_hp_loss":0.0,"gold_gain":0.0,"event_name":"The Library","player_choice":"Read","floor":19.0,"gold_loss":0.0,"damage_taken":0.0,"cards_obtained":["Catalyst"]},{"damage_healed":0.0,"max_hp_gain":0.0,"max_hp_loss":0.0,"gold_gain":0.0,"event_name":"Back to Basics","player_choice":"Simplicity","floor":20.0,"gold_loss":0.0,"damage_taken":0.0,"cards_upgraded":["Defend_G","Defend_G","Defend_G","Defend_G","Strike_G","Strike_G","Strike_G","Strike_G","Strike_G"]},{"damage_healed":0.0,"max_hp_gain":0.0,"max_hp_loss":0.0,"gold_gain":0.0,"event_name":"Upgrade Shrine","player_choice":"Upgraded","floor":24.0,"gold_loss":0.0,"damage_taken":0.0,"cards_upgraded":["Catalyst"]},{"damage_healed":0.0,"max_hp_gain":0.0,"max_hp_loss":0.0,"gold_gain":0.0,"event_name":"Duplicator","player_choice":"Copied","floor":30.0,"gold_loss":0.0,"damage_taken":0.0,"cards_obtained":["Catalyst"]},{"damage_healed":0.0,"max_hp_gain":0.0,"max_hp_loss":0.0,"gold_gain":0.0,"event_name":"Upgrade Shrine","player_choice":"Upgraded","floor":37.0,"gold_loss":0.0,"damage_taken":0.0,"cards_upgraded":["Survivor"]},{"damage_healed":0,"gold_gain":0,"player_choice":"Upgraded","damage_taken":0,"max_hp_gain":0,"max_hp_loss":0,"event_name":"Upgrade Shrine","floor":46,"gold_loss":0,"cards_upgraded":["Prepared"]}],"is_beta":false,"boss_relics":[{"not_picked":["Coffee Dripper","Lizard Tail"],"picked":"Philosopher\u0027s Stone"},{"not_picked":["HoveringKite","Busted Crown"],"picked":"Sozu"}],"items_purged_floors":[],"is_endless":false,"potions_floor_spawned":[4,5,7,14,18,33,41,45,47],"ascension_level":0}