{"gold_per_floor":[212,228,242,256,256,256,289,289,289,289,309,323,336,366,366,469,469,469,469,1,1,1,1,1,1,1,1,1,1,1,1,1,1,1,1,1,1,1,1,1,1,1,1,1,1,1,1,1,1,1],"floor_reached":51,"playtime":4310,"items_purged":["Strike_B"],"score":1045,"play_id":"90127741-2e96-40b8-a3d1-f25c0edc8152","local_time":"20181231193542","is_ascension_mode":true,"campfire_choices":[{"data":"Conserve Battery","floor":6,"key":"SMITH"},{"data":"Glacier","floor":8,"key":"SMITH"},{"data":"Dualcast","floor":15,"key":"SMITH"},{"data":"Glacier","floor":23,"key":"SMITH"},{"data":"Machine Learning","floor":25,"key":"SMITH"},{"floor":29,"key":"REST"},{"data":"Steam Power","floor":32,"key":"SMITH"},{"data":"Loop","floor":44,"key":"SMITH"},{"data":"Creative AI","floor":49,"key":"SMITH"}],"neow_cost":"NONE","seed_source_timestamp":1239732310471967,"circlet_count":0,"master_deck":["Zap+1","Dualcast+1","Defragment+1","Reinforced Body","Redo","Conserve Battery+1","Glacier+1","Glacier+1","Conserve Battery","Barrage+1","Machine Learning+1","Defragment+1","Steam Power+1","Electrodynamics","Skim","Auto Shields","White Noise","Static Discharge","Loop+1","Reinforced Body","Skim+1","Hologram","Creative AI+1","Coolheaded+1"],"relics":["Cracked Core","Omamori","Regal Pillow","Letter Opener","Bronze Scales","Ectoplasm","Bag of Preparation","DollysMirror","Boot","Ancient Tea Set","Enchiridion","Lantern","Pandora\u0027s Box","Mango","Question Card","Bottled Tornado","Anchor","Whetstone","Pen Nib"],"potions_floor_usage":[7,16,16,24,30,42],"damage_taken":[{"damage":0,"enemies":"Small Slimes","floor":1,"turns":3},{"damage":2,"enemies":"Jaw Worm","floor":2,"turns":4},{"damage":0,"enemies":"Cultist","floor":3,"turns":4},{"damage":6,"enemies":"Blue Slaver","floor":4,"turns":4},{"damage":0,"enemies":"Lagavulin","floor":7,"turns":5},{"damage":0,"enemies":"2 Fungi Beasts","floor":11,"turns":3},{"damage":6,"enemies":"3 Louse","floor":12,"turns":3},{"damage":0,"enemies":"Exordium Thugs","floor":13,"turns":5},{"damage":0,"enemies":"3 Sentries","floor":14,"turns":8},{"damage":16,"enemies":"Slime Boss","floor":16,"turns":18},{"damage":0,"enemies":"Chosen","floor":18,"turns":6},{"damage":9,"enemies":"Shell Parasite","floor":19,"turns":5},{"damage":1,"enemies":"Slavers","floor":24,"turns":6},{"damage":0,"enemies":"Snecko","floor":27,"turns":6},{"damage":0,"enemies":"Gremlin Leader","floor":30,"turns":8},{"damage":0,"enemies":"Centurion and Healer","floor":31,"turns":3},{"damage":23,"enemies":"Collector","floor":33,"turns":6},{"damage":0,"enemies":"3 Darklings","floor":35,"turns":4},{"damage":0,"enemies":"Orb Walker","floor":38,"turns":3},{"damage":0,"enemies":"Mind Bloom Boss Battle","floor":39,"turns":5},{"damage":0,"enemies":"Nemesis","floor":40,"turns":6},{"damage":0,"enemies":"Reptomancer","floor":42,"turns":7},{"damage":0,"enemies":"Jaw Worm Horde","floor":45,"turns":2},{"damage":0,"enemies":"Spire Growth","floor":46,"turns":6},{"damage":0,"enemies":"Nemesis","floor":47,"turns":7},{"damage":0,"enemies":"4 Shapes","floor":48,"turns":1},{"damage":4,"enemies":"Time Eater","floor":50,"turns":11}],"seed_played":"-6884234258781632756","potions_obtained":[{"floor":1,"key":"FearPotion"},{"floor":2,"key":"FearPotion"},{"floor":4,"key":"FocusPotion"},{"floor":7,"key":"Weak Potion"},{"floor":24,"key":"SneckoOil"},{"floor":27,"key":"PowerPotion"},{"floor":33,"key":"Explosive Potion"},{"floor":39,"key":"Ancient Potion"},{"floor":40,"key":"Dexterity Potion"},{"floor":46,"key":"LiquidBronze"}],"is_trial":false,"path_per_floor":["M","M","M","M","?","R","E","R","T","?","M","M","M","E","R","B",null,"M","M","$","?","?","R","E","R","T","M","?","R","E","M","R","B",null,"M","?","?","M","?","E","T","E","T","R","M","M","E","M","R","B",null],"character_chosen":"DEFECT","items_purchased":["Bag of Preparation","DollysMirror","Energy Potion"],"campfire_rested":1,"item_purchase_floors":[20,20,20],"current_hp_per_floor":[75,73,73,67,52,52,52,52,52,52,52,46,46,46,46,30,75,75,66,66,66,52,52,51,51,51,51,35,74,74,74,74,51,80,80,80,80,80,94,94,94,94,94,94,94,94,94,94,94,90],"gold":1,"neow_bonus":"HUNDRED_GOLD","is_prod":false,"is_daily":false,"chose_seed":false,"campfire_upgraded":8,"win_rate":0,"timestamp":1546313742,"path_taken":["M","M","M","M","?","R","E","R","T","?","M","M","M","E","R","BOSS","M","M","$","?","?","R","E","R","T","M","?","R","E","M","R","BOSS","M","?","?","?","?","E","?","E","T","R","M","M","E","M","R","BOSS"],"build_version":"2018-12-20","purchased_purges":1,"victory":true,"max_hp_per_floor":[75,75,75,75,75,75,75,75,75,75,75,75,75,75,75,75,75,75,75,75,75,80,80,80,80,80,80,80,80,80,80,80,80,80,80,80,80,80,94,94,94,94,94,94,94,94,94,94,94,94],"card_choices":[{"not_picked":["Double Energy","Conserve Battery"],"picked":"Defragment","floor":1},{"not_picked":["Chaos","White Noise"],"picked":"Reinforced Body","floor":2},{"not_picked":["Compile Driver","Gash"],"picked":"Redo","floor":3},{"not_picked":["Fusion","Chaos"],"picked":"Conserve Battery","floor":4},{"not_picked":["Hologram","Self Repair"],"picked":"Glacier","floor":7},{"not_picked":["Static Discharge","Beam Cell","BootSequence"],"picked":"SKIP","floor":11},{"not_picked":["Conserve Battery","Turbo"],"picked":"Glacier","floor":12},{"not_picked":["Go for the Eyes","Steam"],"picked":"Conserve Battery","floor":13},{"not_picked":["FTL","Rebound"],"picked":"Barrage","floor":14},{"not_picked":["All For One","Core Surge"],"picked":"Machine Learning","floor":16},{"not_picked":["Barrage+1","Doom and Gloom","Self Repair+1"],"picked":"SKIP","floor":18},{"not_picked":["Steam","Self Repair","Leap"],"picked":"SKIP","floor":19},{"not_picked":["Steam Power","Static Discharge+1","Cold Snap+1"],"picked":"SKIP","floor":24},{"not_picked":["Stack+1","Hyperbeam","Hello World+1"],"picked":"SKIP","floor":27},{"not_picked":["Darkness","FTL"],"picked":"Electrodynamics","floor":30},{"not_picked":["Ball Lightning","Steam","Consume"],"picked":"SKIP","floor":31},{"not_picked":["Static Discharge","Ball Lightning+1","Stack+1"],"picked":"SKIP","floor":35},{"not_picked":["Stack+1","Scrape+1"],"picked":"Reinforced Body","floor":38},{"not_picked":["Compile Driver","Ball Lightning+1","Rebound+1"],"picked":"SKIP","floor":40},{"not_picked":["Steam","Hologram","Compile Driver+1"],"picked":"Skim+1","floor":42},{"not_picked":["Chill","Steam+1","Stack+1","Leap"],"picked":"SKIP","floor":45},{"not_picked":["Sweeping Beam","Redo+1","Gash"],"picked":"Hologram","floor":46},{"not_picked":["Fusion","Coolheaded+1","Undo"],"picked":"Creative AI","floor":47},{"not_picked":["Conserve Battery+1","Rebound+1","Gash"],"picked":"Coolheaded+1","floor":48}],"player_experience":301085,"relics_obtained":[{"floor":7,"key":"Omamori"},{"floor":9,"key":"Regal Pillow"},{"floor":14,"key":"Bronze Scales"},{"floor":24,"key":"Boot"},{"floor":26,"key":"Ancient Tea Set"},{"floor":28,"key":"Enchiridion"},{"floor":30,"key":"Lantern"},{"floor":39,"key":"Mango"},{"floor":40,"key":"Question Card"},{"floor":41,"key":"Bottled Tornado"},{"floor":42,"key":"Anchor"},{"floor":43,"key":"Whetstone"},{"floor":47,"key":"Pen Nib"}],"event_choices":[{"damage_healed":0,"gold_gain":0,"player_choice":"Entered Light","damage_taken":15,"max_hp_gain":0,"max_hp_loss":0,"event_name":"Shining Light","floor":5,"gold_loss":0,"cards_upgraded":["Zap","Defragment"]},{"damage_healed":0,"gold_gain":0,"player_choice":"Gave Potion","damage_taken":0,"relics_obtained":["Letter Opener"],"max_hp_gain":0,"max_hp_loss":0,"event_name":"WeMeetAgain","floor":10,"gold_loss":0},{"damage_healed":0,"gold_gain":0,"player_choice":"Read","damage_taken":0,"max_hp_gain":0,"max_hp_loss":0,"event_name":"The Library","floor":21,"gold_loss":0,"cards_obtained":["Steam Power"]},{"damage_healed":0,"gold_gain":0,"player_choice":"Shed Blood","damage_taken":19,"max_hp_gain":5,"max_hp_loss":0,"event_name":"Forgotten Altar","floor":22,"gold_loss":0},{"damage_healed":0,"gold_gain":0,"player_choice":"Obtained Book","damage_taken":16,"max_hp_gain":0,"max_hp_loss":0,"event_name":"Cursed Tome","floor":28,"gold_loss":0},{"cards_removed":["Sweeping Beam"],"damage_healed":0,"gold_gain":0,"player_choice":"Removed Attack","damage_taken":0,"max_hp_gain":0,"max_hp_loss":0,"event_name":"Falling","floor":36,"gold_loss":0},{"cards_removed":["Fusion"],"damage_healed":0,"gold_gain":0,"player_choice":"Purged","damage_taken":0,"max_hp_gain":0,"max_hp_loss":0,"event_name":"Purifier","floor":37,"gold_loss":0},{"damage_healed":0,"gold_gain":0,"player_choice":"Fight","damage_taken":0,"max_hp_gain":0,"max_hp_loss":0,"event_name":"MindBloom","floor":39,"gold_loss":0}],"is_beta":false,"boss_relics":[{"not_picked":["Coffee Dripper","Snecko Eye"],"picked":"Ectoplasm"},{"not_picked":["Velvet Choker","Philosopher\u0027s Stone"],"picked":"Pandora\u0027s Box"}],"items_purged_floors":[20],"is_endless":false,"potions_floor_spawned":[1,2,4,7,24,27,33,39,40,46,48],"ascension_level":3}