{"gold_per_floor":[99,99,99,99,99,99,99,99,99,99,99,99,58,58,58,58,58,0,0,0,0,0,0,0,0,0,0,0,0,0,0,0,0,0,0,0,0,0,0,0,0,0,0,0,0,0,0,0,0,0],"floor_reached":51,"playtime":3764,"items_purged":[],"score":858,"play_id":"ed9986d2-20ae-4bed-b3dd-907cff5fbc3c","local_time":"20181231120038","is_ascension_mode":true,"campfire_choices":[{"data":"Zap","floor":7.0,"key":"SMITH"},{"floor":12.0,"key":"REST"},{"floor":15.0,"key":"REST"},{"floor":24.0,"key":"REST"},{"floor":28,"key":"REST"},{"floor":30,"key":"REST"},{"floor":32,"key":"REST"},{"data":"1","floor":41,"key":"LIFT"},{"floor":44,"key":"REST"},{"data":"2","floor":49,"key":"LIFT"}],"neow_cost":"NONE","seed_source_timestamp":1212957864059717,"circlet_count":0,"master_deck":["Strike_B","Strike_B","Strike_B","Strike_B","Defend_B","Defend_B","Defend_B","Defend_B","Zap+1","Dualcast","Conserve Battery","Sweeping Beam","Streamline","Streamline","Cold Snap","Conserve Battery","White Noise","Echo Form","Coolheaded+1","Ghostly","Ghostly","Ghostly","Ghostly","Ghostly","Ball Lightning","Rebound","White Noise","Defragment","Seek+1","Leap","Cold Snap+1","Hello World+1","Buffer","Seek"],"special_seed":0,"relics":["Ectoplasm","Golden Idol","Girya","Kunai","Bronze Scales","Odd Mushroom","Inserter","Molten Egg 2","Nilry\u0027s Codex","Mercury Hourglass","Mummified Hand","Nloth\u0027s Gift","Fusion Hammer","Red Mask","Pear","Ornamental Fan","Frozen Egg 2","Shuriken","Letter Opener"],"potions_floor_usage":[33,33,42,47,47],"damage_taken":[{"damage":5.0,"enemies":"Small Slimes","floor":1.0,"turns":3.0},{"damage":0.0,"enemies":"2 Louse","floor":2.0,"turns":3.0},{"damage":0.0,"enemies":"Jaw Worm","floor":4.0,"turns":3.0},{"damage":2.0,"enemies":"Large Slime","floor":5.0,"turns":5.0},{"damage":21.0,"enemies":"Lagavulin","floor":6.0,"turns":5.0},{"damage":11.0,"enemies":"3 Sentries","floor":8.0,"turns":4.0},{"damage":21.0,"enemies":"Lagavulin","floor":10.0,"turns":5.0},{"damage":10.0,"enemies":"The Mushroom Lair","floor":11.0,"turns":3.0},{"damage":7.0,"enemies":"2 Fungi Beasts","floor":14.0,"turns":3.0},{"damage":22.0,"enemies":"Slime Boss","floor":16.0,"turns":10.0},{"damage":14.0,"enemies":"2 Thieves","floor":18.0,"turns":4.0},{"damage":0.0,"enemies":"3 Byrds","floor":21.0,"turns":3.0},{"damage":1.0,"enemies":"Centurion and Healer","floor":22.0,"turns":8.0},{"damage":18.0,"enemies":"Book of Stabbing","floor":23.0,"turns":6.0},{"damage":2,"enemies":"Gremlin Leader","floor":27,"turns":7},{"damage":14,"enemies":"Snake Plant","floor":29,"turns":4},{"damage":18,"enemies":"Collector","floor":33,"turns":10},{"damage":1,"enemies":"Orb Walker","floor":35,"turns":5},{"damage":1,"enemies":"3 Shapes","floor":36,"turns":4},{"damage":0,"enemies":"3 Darklings","floor":37,"turns":4},{"damage":0,"enemies":"Reptomancer","floor":40,"turns":8},{"damage":2,"enemies":"Giant Head","floor":42,"turns":8},{"damage":8,"enemies":"4 Shapes","floor":45,"turns":4},{"damage":0,"enemies":"Transient","floor":46,"turns":5},{"damage":0,"enemies":"Nemesis","floor":47,"turns":8},{"damage":23,"enemies":"Time Eater","floor":50,"turns":11}],"seed_played":"-3554788669252829930","potions_obtained":[{"floor":4.0,"key":"Fire Potion"},{"floor":6.0,"key":"SpeedPotion"},{"floor":10.0,"key":"FocusPotion"},{"floor":14.0,"key":"Strength Potion"},{"floor":16.0,"key":"EssenceOfSteel"},{"floor":23.0,"key":"Dexterity Potion"},{"floor":27,"key":"Energy Potion"},{"floor":33,"key":"Fire Potion"},{"floor":37,"key":"Regen Potion"},{"floor":40,"key":"PowerPotion"},{"floor":46,"key":"SpeedPotion"},{"floor":47,"key":"Poison Potion"}],"is_trial":false,"path_per_floor":["M","M","?","M","M","E","R","E","T","E","?","R","?","M","R","B",null,"M","?","?","M","M","E","R","?","T","E","R","M","R","?","R","B",null,"M","M","M","?","?","E","R","E","T","R","M","M","E","?","R","B",null],"character_chosen":"DEFECT","items_purchased":[],"campfire_rested":7,"item_purchase_floors":[],"current_hp_per_floor":[70,70,69,69,67,46,46,35,35,14,4,24,24,17,37,15,69,55,34,34,34,33,15,25,9,9,7,17,3,13,13,23,5,34,33,32,32,32,32,42,42,40,40,44,36,36,44,44,44,21],"gold":0,"neow_bonus":"BOSS_RELIC","is_prod":false,"is_daily":false,"chose_seed":false,"campfire_upgraded":1,"win_rate":0,"timestamp":1546286438,"path_taken":["M","M","?","M","M","E","R","E","T","E","?","R","?","M","R","BOSS","M","?","?","M","M","E","R","?","T","E","R","M","R","?","R","BOSS","M","M","M","?","?","E","R","E","T","R","M","?","E","?","R","BOSS"],"build_version":"2018-12-20","purchased_purges":0,"victory":true,"max_hp_per_floor":[75,75,69,69,69,69,69,69,69,69,69,69,69,69,69,69,69,69,34,34,34,34,34,34,34,34,34,34,34,34,34,34,34,34,34,34,34,34,34,44,44,44,44,44,44,44,44,44,44,44],"card_choices":[{"not_picked":["Gash","Reprogram"],"picked":"Conserve Battery","floor":1.0},{"not_picked":["Compile Driver","Stack"],"picked":"Sweeping Beam","floor":2.0},{"not_picked":["Chill","Auto Shields"],"picked":"Streamline","floor":4.0},{"not_picked":["Compile Driver","Steam"],"picked":"Streamline","floor":5.0},{"not_picked":["Beam Cell","Force Field","Static Discharge"],"picked":"SKIP","floor":6.0},{"not_picked":["Loop","Undo","All For One"],"picked":"Cold Snap","floor":8.0},{"not_picked":["Chill","Streamline","Reinforced Body"],"picked":"Conserve Battery","floor":10.0},{"not_picked":["Redo","Undo","Tempest"],"picked":"White Noise","floor":14.0},{"not_picked":["Amplify","Creative AI","Rainbow"],"picked":"Echo Form","floor":16.0},{"not_picked":["Streamline+1","Stack","Sunder+1"],"picked":"Coolheaded+1","floor":18.0},{"not_picked":["Melter","Skim","Stack+1"],"picked":"Rebound","floor":21.0},{"not_picked":["Redo","Streamline","Steam"],"picked":"White Noise","floor":22.0},{"not_picked":["Rip and Tear+1","Chill","Undo+1"],"picked":"Defragment","floor":23.0},{"not_picked":["Cold Snap+1","Barrage+1","White Noise"],"picked":"Seek","floor":27},{"not_picked":["Sunder+1","Scrape+1","Sweeping Beam+1"],"picked":"Leap","floor":29},{"not_picked":["Double Energy","FTL+1"],"picked":"Cold Snap+1","floor":35},{"not_picked":["Auto Shields","Gash+1","Beam Cell+1"],"picked":"SKIP","floor":36},{"not_picked":["Leap+1","Auto Shields+1","Steam"],"picked":"SKIP","floor":37},{"not_picked":["Electrodynamics","Streamline+1"],"picked":"Hello World+1","floor":40},{"not_picked":["Barrage+1","Streamline+1"],"picked":"Buffer","floor":42},{"not_picked":["Go for the Eyes+1","Capacitor+1"],"picked":"Seek","floor":45},{"not_picked":["Turbo","Hello World+1","Rebound+1"],"picked":"SKIP","floor":46},{"not_picked":["Stack","Compile Driver+1","Go for the Eyes+1"],"picked":"SKIP","floor":47}],"player_experience":290186,"relics_obtained":[{"floor":6.0,"key":"Question Card"},{"floor":8.0,"key":"Girya"},{"floor":9.0,"key":"Kunai"},{"floor":10.0,"key":"Bronze Scales"},{"floor":11.0,"key":"Odd Mushroom"},{"floor":23.0,"key":"Molten Egg 2"},{"floor":25,"key":"Nilry\u0027s Codex"},{"floor":26,"key":"Mercury Hourglass"},{"floor":27,"key":"Mummified Hand"},{"floor":40,"key":"Pear"},{"floor":42,"key":"Ornamental Fan"},{"floor":43,"key":"Frozen Egg 2"},{"floor":47,"key":"Shuriken"}],"event_choices":[{"damage_healed":0.0,"max_hp_gain":0.0,"max_hp_loss":6.0,"gold_gain":0.0,"event_name":"Golden Idol","player_choice":"Lose Max HP","floor":3.0,"gold_loss":0.0,"damage_taken":0.0,"relics_obtained":["Golden Idol"]},{"damage_healed":0.0,"max_hp_gain":0.0,"max_hp_loss":0.0,"gold_gain":0.0,"event_name":"Mushrooms","player_choice":"Fought Mushrooms","floor":11.0,"gold_loss":0.0,"damage_taken":0.0},{"damage_healed":0.0,"max_hp_gain":0.0,"max_hp_loss":0.0,"gold_gain":0.0,"event_name":"World of Goop","player_choice":"Left Gold","floor":13.0,"gold_loss":41.0,"damage_taken":0.0},{"damage_healed":0.0,"max_hp_gain":0.0,"max_hp_loss":35.0,"gold_gain":0.0,"event_name":"Ghosts","player_choice":"Became a Ghost","floor":19.0,"gold_loss":0.0,"damage_taken":0.0,"cards_obtained":["Ghostly","Ghostly","Ghostly","Ghostly","Ghostly"]},{"damage_healed":0.0,"max_hp_gain":0.0,"max_hp_loss":0.0,"gold_gain":0.0,"event_name":"The Library","player_choice":"Read","floor":20.0,"gold_loss":0.0,"damage_taken":0.0,"cards_obtained":["Ball Lightning"]},{"damage_healed":0,"gold_gain":0,"player_choice":"Obtained Book","damage_taken":16,"max_hp_gain":0,"max_hp_loss":0,"event_name":"Cursed Tome","floor":25,"gold_loss":0},{"damage_healed":0,"gold_gain":0,"player_choice":"Traded Relic","damage_taken":0,"relics_obtained":["Nloth\u0027s Gift"],"max_hp_gain":0,"max_hp_loss":0,"event_name":"N\u0027loth","floor":31,"relics_lost":["Question Card"],"gold_loss":0},{"damage_healed":0,"gold_gain":0,"player_choice":"Paid","damage_taken":0,"relics_obtained":["Red Mask"],"max_hp_gain":0,"max_hp_loss":0,"event_name":"Tomb of Lord Red Mask","floor":38,"gold_loss":0},{"damage_healed":0,"gold_gain":0,"player_choice":"Forge","damage_taken":0,"max_hp_gain":0,"max_hp_loss":0,"event_name":"Accursed Blacksmith","floor":39,"gold_loss":0,"cards_upgraded":["Seek"]},{"damage_healed":0,"gold_gain":0,"player_choice":"Gave Potion","damage_taken":0,"relics_obtained":["Letter Opener"],"max_hp_gain":0,"max_hp_loss":0,"event_name":"WeMeetAgain","floor":48,"gold_loss":0}],"is_beta":false,"boss_relics":[{"not_picked":["White Beast Statue","Empty Cage"],"picked":"Inserter"},{"not_picked":["Lizard Tail","Runic Pyramid"],"picked":"Fusion Hammer"}],"items_purged_floors":[],"is_endless":false,"potions_floor_spawned":[4,6,10,14,16,23,27,33,37,40,46,47],"ascension_level":1}