{"gold_per_floor":[118,137,155,78,98,98,98,132,132,151,151,184,184,148,148,246,246,256,64,84,84,104,124,124,134,182,194,49,60,94,105,105,208,208,224,235,235,335,335,335,345,361,361,361,376,45,57,70,70,70],"floor_reached":51,"playtime":1842,"items_purged":[],"score":785,"play_id":"f92f22ad-6393-4097-a973-320b74ecee21","local_time":"20190105213724","is_ascension_mode":false,"campfire_choices":[{"data":"Dualcast","floor":6.0,"key":"SMITH"},{"data":"Zap","floor":13.0,"key":"SMITH"},{"data":"Ball Lightning","floor":15.0,"key":"SMITH"},{"data":"Defragment","floor":24.0,"key":"SMITH"},{"data":"Sunder","floor":32.0,"key":"SMITH"},{"data":"Biased Cognition","floor":40.0,"key":"SMITH"},{"data":"Seek","floor":44.0,"key":"SMITH"},{"floor":49.0,"key":"REST"}],"neow_cost":"NONE","seed_source_timestamp":1042430911261662,"circlet_count":0,"master_deck":["Zap+1","Dualcast+1","Ball Lightning+1","BootSequence","Ball Lightning","Coolheaded+1","Glacier+1","Defragment+1","Genetic Algorithm","Gash","Sunder+1","Biased Cognition+1","Melter","Melter","Aggregate","Barrage+1","Hologram+1","Chill","Beam Cell+1","Electrodynamics+1","Glacier","Defragment+1","Fusion+1","Defragment+1","Barrage+1","Seek+1","Creative AI+1"],"special_seed":0,"relics":["Cracked Core","Bag of Marbles","Shuriken","Singing Bowl","Pandora\u0027s Box","Runic Capacitor","Strawberry","War Paint","Frozen Egg 2","Orrery","Du-Vu Doll","Art of War","Bottled Tornado"],"potions_floor_usage":[50,50,50,50,50],"damage_taken":[{"damage":0.0,"enemies":"Cultist","floor":1.0,"turns":3.0},{"damage":0.0,"enemies":"Small Slimes","floor":2.0,"turns":3.0},{"damage":0.0,"enemies":"2 Louse","floor":3.0,"turns":2.0},{"damage":0.0,"enemies":"Looter","floor":5.0,"turns":3.0},{"damage":16.0,"enemies":"Lagavulin","floor":8.0,"turns":5.0},{"damage":0.0,"enemies":"2 Fungi Beasts","floor":10.0,"turns":2.0},{"damage":13.0,"enemies":"3 Sentries","floor":12.0,"turns":6.0},{"damage":11.0,"enemies":"Slime Boss","floor":16.0,"turns":9.0},{"damage":0.0,"enemies":"Shell Parasite","floor":18.0,"turns":4.0},{"damage":0.0,"enemies":"Spheric Guardian","floor":20.0,"turns":1.0},{"damage":1.0,"enemies":"Centurion and Healer","floor":22.0,"turns":4.0},{"damage":6.0,"enemies":"Snake Plant","floor":23.0,"turns":3.0},{"damage":0.0,"enemies":"Chosen and Byrds","floor":25.0,"turns":5.0},{"damage":0.0,"enemies":"3 Cultists","floor":27.0,"turns":4.0},{"damage":0.0,"enemies":"Cultist and Chosen","floor":29.0,"turns":3.0},{"damage":6.0,"enemies":"Gremlin Leader","floor":30.0,"turns":5.0},{"damage":16.0,"enemies":"Snecko","floor":31.0,"turns":5.0},{"damage":23.0,"enemies":"Collector","floor":33.0,"turns":9.0},{"damage":0.0,"enemies":"3 Darklings","floor":35.0,"turns":5.0},{"damage":0.0,"enemies":"3 Shapes","floor":36.0,"turns":2.0},{"damage":0.0,"enemies":"Mind Bloom Boss Battle","floor":38.0,"turns":4.0},{"damage":6.0,"enemies":"Jaw Worm Horde","floor":41.0,"turns":3.0},{"damage":0.0,"enemies":"4 Shapes","floor":42.0,"turns":4.0},{"damage":0.0,"enemies":"Writhing Mass","floor":45.0,"turns":5.0},{"damage":6.0,"enemies":"3 Darklings","floor":47.0,"turns":4.0},{"damage":6.0,"enemies":"4 Shapes","floor":48.0,"turns":3.0},{"damage":0,"enemies":"Time Eater","floor":50,"turns":10}],"seed_played":"2741892398623102647","potions_obtained":[{"floor":0.0,"key":"EntropicBrew"},{"floor":0.0,"key":"SkillPotion"},{"floor":0.0,"key":"FocusPotion"},{"floor":1.0,"key":"PowerPotion"}],"is_trial":false,"path_per_floor":["M","M","M","$","M","R","?","E","T","M","?","E","R","$","R","B",null,"M","$","M","?","M","M","R","M","T","M","$","M","E","M","R","B",null,"M","M","?","?","?","R","M","M","T","R","M","$","M","M","R","B",null],"character_chosen":"DEFECT","items_purchased":["BootSequence","Glacier","Runic Capacitor","War Paint","Creative AI+1","Bottled Tornado"],"campfire_rested":1,"item_purchase_floors":[4,14,19,28,46,46],"current_hp_per_floor":[75,75,75,75,75,75,60,44,44,44,49,38,38,38,38,29,84,86,86,86,86,85,81,81,81,88,90,90,92,86,72,72,49,105,105,105,107,109,109,109,103,105,105,105,107,107,103,99,117,117],"gold":70,"neow_bonus":"THREE_SMALL_POTIONS","is_prod":false,"is_daily":false,"chose_seed":false,"campfire_upgraded":7,"win_rate":0,"timestamp":1546724244,"path_taken":["M","?","M","$","M","R","?","E","T","M","?","E","R","$","R","BOSS","M","$","M","?","M","M","R","M","T","M","$","M","E","M","R","BOSS","M","M","?","?","?","R","?","M","T","R","M","$","M","M","R","BOSS"],"build_version":"2019-01-03v4","purchased_purges":0,"victory":true,"max_hp_per_floor":[75,75,75,75,75,75,75,75,75,75,80,82,82,82,82,84,84,86,86,86,86,86,88,88,88,95,97,97,99,99,101,101,101,105,105,105,107,109,109,109,109,111,111,111,113,113,115,117,117,117],"card_choices":[{"not_picked":["Leap","Stack","Scrape"],"picked":"SKIP","floor":1.0},{"not_picked":["Double Energy","Rip and Tear"],"picked":"Ball Lightning","floor":2.0},{"not_picked":["Stack","Barrage","Tempest"],"picked":"SKIP","floor":3.0},{"not_picked":["Rip and Tear","Redo"],"picked":"Ball Lightning","floor":5.0},{"not_picked":["Aggregate","Reprogram","Darkness"],"picked":"SKIP","floor":8.0},{"not_picked":["Rebound","Reboot"],"picked":"Coolheaded","floor":10.0},{"not_picked":["Heatsinks","Go for the Eyes","Chaos"],"picked":"Singing Bowl","floor":12.0},{"not_picked":["Fission","All For One","Meteor Strike"],"picked":"Singing Bowl","floor":16.0},{"not_picked":["Storm","Lockon","Stack"],"picked":"Singing Bowl","floor":18.0},{"not_picked":["Self Repair+1","Compile Driver+1"],"picked":"Barrage+1","floor":20.0},{"not_picked":["Gash","White Noise"],"picked":"Hologram+1","floor":22.0},{"not_picked":["Leap","Sweeping Beam","Stack"],"picked":"Singing Bowl","floor":23.0},{"not_picked":["Reinforced Body","Go for the Eyes"],"picked":"Chill","floor":25.0},{"not_picked":["Cold Snap+1","Redo","Hello World"],"picked":"Singing Bowl","floor":27.0},{"not_picked":["Hologram","Gash+1","Storm+1"],"picked":"Singing Bowl","floor":29.0},{"not_picked":["Sweeping Beam","Hologram"],"picked":"Beam Cell+1","floor":30.0},{"not_picked":["Rebound","Aggregate","Genetic Algorithm+1"],"picked":"Singing Bowl","floor":31.0},{"not_picked":["Core Surge","Amplify"],"picked":"Electrodynamics+1","floor":33.0},{"not_picked":["Reinforced Body+1","Storm+1"],"picked":"Glacier","floor":34.0},{"not_picked":["Rip and Tear","Stack+1","Melter+1"],"picked":"Singing Bowl","floor":34.0},{"not_picked":["Beam Cell","Coolheaded+1","Streamline"],"picked":"Singing Bowl","floor":34.0},{"not_picked":["Scrape+1","Turbo"],"picked":"Defragment+1","floor":34.0},{"not_picked":["Compile Driver","White Noise"],"picked":"Fusion+1","floor":34.0},{"not_picked":["Multi-Cast","Skim"],"picked":"Defragment+1","floor":35.0},{"not_picked":["Redo+1","Coolheaded+1"],"picked":"Barrage+1","floor":36.0},{"not_picked":["Thinking Ahead","The Bomb","Good Instincts"],"picked":"Singing Bowl","floor":37.0},{"not_picked":["Cold Snap","Hologram+1","Turbo+1"],"picked":"Singing Bowl","floor":38.0},{"not_picked":["Fusion","Hologram+1"],"picked":"Seek","floor":41.0},{"not_picked":["Rip and Tear","Streamline","Storm+1"],"picked":"Singing Bowl","floor":42.0},{"not_picked":["Cold Snap","Gash","Barrage"],"picked":"Singing Bowl","floor":45.0},{"not_picked":["Glacier+1","Redo+1","Compile Driver"],"picked":"Singing Bowl","floor":47.0},{"not_picked":["Double Energy+1","Stack+1","Hologram+1"],"picked":"Singing Bowl","floor":48.0}],"player_experience":945697,"relics_obtained":[{"floor":8.0,"key":"Bag of Marbles"},{"floor":9.0,"key":"Shuriken"},{"floor":12.0,"key":"Singing Bowl"},{"floor":26.0,"key":"Strawberry"},{"floor":30.0,"key":"Frozen Egg 2"},{"floor":38.0,"key":"Du-Vu Doll"},{"floor":43.0,"key":"Art of War"}],"event_choices":[{"damage_healed":0.0,"max_hp_gain":0.0,"max_hp_loss":0.0,"gold_gain":0.0,"event_name":"Shining Light","player_choice":"Entered Light","floor":7.0,"gold_loss":0.0,"damage_taken":15.0,"cards_upgraded":["Strike_B","Strike_B"]},{"damage_healed":0.0,"max_hp_gain":5.0,"max_hp_loss":0.0,"gold_gain":0.0,"event_name":"Big Fish","player_choice":"Donut","floor":11.0,"gold_loss":0.0,"damage_taken":0.0},{"damage_healed":0.0,"max_hp_gain":0.0,"max_hp_loss":0.0,"gold_gain":0.0,"event_name":"Ghosts","player_choice":"Ignored","floor":21.0,"gold_loss":0.0,"damage_taken":0.0},{"damage_healed":0.0,"max_hp_gain":0.0,"max_hp_loss":0.0,"gold_gain":0.0,"event_name":"SensoryStone","player_choice":"Memory 1","floor":37.0,"gold_loss":0.0,"damage_taken":0.0},{"damage_healed":0.0,"max_hp_gain":0.0,"max_hp_loss":0.0,"gold_gain":0.0,"event_name":"MindBloom","player_choice":"Fight","floor":38.0,"gold_loss":0.0,"damage_taken":0.0},{"damage_healed":0.0,"max_hp_gain":0.0,"max_hp_loss":0.0,"gold_gain":0.0,"event_name":"Mysterious Sphere","player_choice":"Ignored","floor":39.0,"gold_loss":0.0,"damage_taken":0.0}],"is_beta":false,"boss_relics":[{"not_picked":["Fusion Hammer","Sozu"],"picked":"Pandora\u0027s Box"},{"not_picked":["Philosopher\u0027s Stone","Tiny House"],"picked":"Orrery"}],"items_purged_floors":[],"is_endless":false,"potions_floor_spawned":[1,8,12,18,22,29,30,38,41,48],"ascension_level":0}