{"gold_per_floor":[13,13,23,98,108,108,119,119,145,173,184,184,184,213,213,290,290,300,300,600,600,610,610,641,641,641,641,75,75,94,113,113,191,191,205,205,1204,692,692,692,709,737,785,299,316,316,331,343,343,343],"floor_reached":51,"playtime":2802,"items_purged":["Strike_G+1","Normality","Normality"],"score":1203,"play_id":"7b5a9dda-cc1f-4d57-9590-a931d382ac85","local_time":"20190210154557","is_ascension_mode":true,"campfire_choices":[{"data":"Dagger Spray","floor":6.0,"key":"SMITH"},{"floor":8.0,"key":"REST"},{"floor":13.0,"key":"REST"},{"floor":15.0,"key":"REST"},{"data":"Envenom","floor":23.0,"key":"SMITH"},{"floor":25.0,"key":"REST"},{"data":"Cloak And Dagger","floor":27.0,"key":"SMITH"},{"data":"Corpse Explosion","floor":29.0,"key":"SMITH"},{"data":"Well Laid Plans","floor":32.0,"key":"SMITH"},{"data":"Purity","floor":40.0,"key":"SMITH"},{"floor":46.0,"key":"REST"},{"data":"Catalyst","floor":49,"key":"SMITH"}],"neow_cost":"NO_GOLD","seed_source_timestamp":0,"circlet_count":0,"master_deck":["AscendersBane","Defend_G+1","Defend_G+1","Defend_G+1","Defend_G+1","Defend_G+1","Strike_G+1","Survivor+1","Neutralize+1","Envenom+1","Flying Knee","Poisoned Stab","Dagger Spray+1","Poisoned Stab","Well Laid Plans+1","Cloak And Dagger+1","Corpse Explosion+1","Noxious Fumes+1","Dagger Throw","Terror","Writhe","PiercingWail+1","Backstab","Blade Dance+1","Malaise","Purity+1","Leg Sweep","Footwork+1","Blur","Bouncing Flask","Catalyst+1","Adrenaline"],"special_seed":0,"relics":["Ring of the Snake","Regal Pillow","Smiling Mask","Mummified Hand","Sozu","Old Coin","Question Card","Dead Branch","TwistedFunnel","Shuriken","Eternal Feather","Snake Skull","Ice Cream","Frozen Egg 2","Dream Catcher","Membership Card","War Paint","Blood Vial"],"potions_floor_usage":[],"damage_taken":[{"damage":3.0,"enemies":"2 Louse","floor":1.0,"turns":6.0},{"damage":7.0,"enemies":"Jaw Worm","floor":3.0,"turns":4.0},{"damage":9.0,"enemies":"Small Slimes","floor":5.0,"turns":4.0},{"damage":0.0,"enemies":"3 Louse","floor":7.0,"turns":3.0},{"damage":36.0,"enemies":"Lagavulin","floor":10.0,"turns":8.0},{"damage":0.0,"enemies":"Looter","floor":11.0,"turns":3.0},{"damage":13.0,"enemies":"3 Sentries","floor":14.0,"turns":8.0},{"damage":26.0,"enemies":"The Guardian","floor":16.0,"turns":10.0},{"damage":0.0,"enemies":"3 Byrds","floor":18.0,"turns":2.0},{"damage":10.0,"enemies":"Shell Parasite","floor":22.0,"turns":5.0},{"damage":12.0,"enemies":"Book of Stabbing","floor":24.0,"turns":6.0},{"damage":0.0,"enemies":"Centurion and Healer","floor":30.0,"turns":4.0},{"damage":0.0,"enemies":"Snecko","floor":31.0,"turns":3.0},{"damage":26.0,"enemies":"Automaton","floor":33.0,"turns":6.0},{"damage":13.0,"enemies":"3 Shapes","floor":35.0,"turns":5.0},{"damage":22.0,"enemies":"3 Darklings","floor":41.0,"turns":4.0},{"damage":27.0,"enemies":"Giant Head","floor":42.0,"turns":6.0},{"damage":6.0,"enemies":"Spire Growth","floor":45.0,"turns":4.0},{"damage":0.0,"enemies":"Writhing Mass","floor":47.0,"turns":4.0},{"damage":6.0,"enemies":"4 Shapes","floor":48.0,"turns":4.0},{"damage":11,"enemies":"Time Eater","floor":50,"turns":10}],"seed_played":"-5320960248511649857","potions_obtained":[{"floor":3.0,"key":"LiquidBronze"},{"floor":11.0,"key":"SkillPotion"},{"floor":16.0,"key":"FearPotion"}],"is_trial":false,"path_per_floor":["M","?","M","?","M","R","M","R","T","E","M","?","R","E","R","B",null,"M","?","?","?","M","R","E","R","T","R","$","R","M","M","R","B",null,"M","?","?","$","?","R","M","E","T","$","M","R","M","M","R","B",null],"character_chosen":"THE_SILENT","items_purchased":["Backstab","TwistedFunnel","Shuriken","Snake Skull","Ice Cream","Membership Card","Footwork+1","Blur","War Paint","Blood Vial","Bouncing Flask"],"campfire_rested":5,"item_purchase_floors":[28,28,28,38,38,44,44,44,44,44,44],"current_hp_per_floor":[56,56,49,38,29,29,29,48,48,12,12,5,39,26,60,34,58,58,58,58,58,48,48,36,66,66,66,66,66,66,66,66,40,60,47,47,47,47,47,62,40,13,13,13,9,61,63,59,66,55],"gold":343,"neow_bonus":"THREE_RARE_CARDS","is_prod":false,"is_daily":false,"chose_seed":false,"campfire_upgraded":7,"win_rate":0,"timestamp":1549831557,"path_taken":["M","?","M","?","M","R","M","R","T","E","?","?","R","E","R","BOSS","M","?","?","?","M","R","E","R","T","R","$","R","M","M","R","BOSS","M","?","?","$","?","R","?","E","T","?","M","R","M","M","R","BOSS"],"build_version":"2019-01-23","purchased_purges":3,"victory":true,"max_hp_per_floor":[66,66,66,66,66,66,66,66,66,66,66,66,66,66,66,66,66,66,66,66,66,66,66,66,66,66,66,66,66,66,66,66,66,66,66,66,66,66,66,66,66,66,66,66,66,66,66,66,66,66],"card_choices":[{"not_picked":["Phantasmal Killer","Tools of the Trade"],"picked":"Envenom","floor":0.0},{"not_picked":["Blade Dance","All Out Attack"],"picked":"Flying Knee","floor":1.0},{"not_picked":["Caltrops","Acrobatics"],"picked":"Poisoned Stab","floor":3.0},{"not_picked":["Deadly Poison","Quick Slash"],"picked":"Dagger Spray","floor":5.0},{"not_picked":["Backflip","Terror"],"picked":"Poisoned Stab","floor":7.0},{"not_picked":["Doppelganger","Venomology"],"picked":"Well Laid Plans","floor":10.0},{"not_picked":["Finisher","Quick Slash","Dagger Throw"],"picked":"SKIP","floor":11.0},{"not_picked":["Dash","Finisher"],"picked":"Cloak And Dagger","floor":14.0},{"not_picked":["Phantasmal Killer","Unload"],"picked":"Corpse Explosion","floor":16.0},{"not_picked":["Blade Dance","Flying Knee"],"picked":"Noxious Fumes+1","floor":18.0},{"not_picked":["Dagger Spray","Sucker Punch"],"picked":"PiercingWail","floor":22.0},{"not_picked":["Venomology","Prepared","Phantasmal Killer"],"picked":"SKIP","floor":24.0},{"not_picked":["Poisoned Stab","Outmaneuver","Dash","Concentrate"],"picked":"SKIP","floor":30.0},{"not_picked":["Underhanded Strike","Acrobatics+1","All Out Attack"],"picked":"Blade Dance+1","floor":31.0},{"not_picked":["Venomology","Unload","Doppelganger"],"picked":"Malaise","floor":33.0},{"not_picked":["Escape Plan","Sucker Punch","Dagger Spray+1","Quick Slash"],"picked":"SKIP","floor":35.0},{"not_picked":["Violence","Thinking Ahead","Trip"],"picked":"Purity","floor":39.0},{"not_picked":["Dagger Spray","Prepared+1","Quick Slash+1"],"picked":"Leg Sweep","floor":41.0},{"not_picked":["Dagger Throw","Storm of Steel","Blade Dance+1","Poisoned Stab"],"picked":"SKIP","floor":42.0},{"not_picked":["Well Laid Plans+1","Dash","Tactician"],"picked":"Catalyst","floor":45.0},{"not_picked":["Prepared","Endless Agony","Blade Dance+1","PiercingWail"],"picked":"SKIP","floor":47.0},{"not_picked":["Escape Plan","Underhanded Strike+1","Outmaneuver"],"picked":"Adrenaline","floor":48.0}],"player_experience":436772,"relics_obtained":[{"floor":9.0,"key":"Regal Pillow"},{"floor":10.0,"key":"Smiling Mask"},{"floor":14.0,"key":"Mummified Hand"},{"floor":24.0,"key":"Question Card"},{"floor":26.0,"key":"Dead Branch"},{"floor":42.0,"key":"Frozen Egg 2"},{"floor":43.0,"key":"Dream Catcher"}],"event_choices":[{"damage_healed":0.0,"max_hp_gain":0.0,"max_hp_loss":0.0,"gold_gain":0.0,"event_name":"Living Wall","player_choice":"Grow","floor":2.0,"gold_loss":0.0,"damage_taken":0.0,"cards_upgraded":["Neutralize"]},{"damage_healed":0.0,"max_hp_gain":0.0,"max_hp_loss":0.0,"gold_gain":75.0,"event_name":"World of Goop","player_choice":"Gather Gold","floor":4.0,"gold_loss":0.0,"damage_taken":11.0},{"cards_removed":["Strike_G"],"damage_healed":0.0,"max_hp_gain":0.0,"max_hp_loss":0.0,"gold_gain":0.0,"event_name":"Golden Wing","player_choice":"Card Removal","floor":12.0,"gold_loss":0.0,"damage_taken":7.0},{"damage_healed":0.0,"max_hp_gain":0.0,"max_hp_loss":0.0,"gold_gain":0.0,"cards_transformed":["Strike_G","Strike_G"],"event_name":"Drug Dealer","player_choice":"Became Test Subject","floor":19.0,"gold_loss":0.0,"damage_taken":0.0,"cards_obtained":["Dagger Throw","Terror"]},{"damage_healed":0.0,"max_hp_gain":0.0,"max_hp_loss":0.0,"gold_gain":0.0,"event_name":"The Mausoleum","player_choice":"Opened","floor":20.0,"gold_loss":0.0,"damage_taken":0.0,"relics_obtained":["Old Coin"],"cards_obtained":["Writhe"]},{"damage_healed":0.0,"max_hp_gain":0.0,"max_hp_loss":0.0,"gold_gain":0.0,"event_name":"Back to Basics","player_choice":"Simplicity","floor":21.0,"gold_loss":0.0,"damage_taken":0.0,"cards_upgraded":["Defend_G","Defend_G","Defend_G","Defend_G","Defend_G","Strike_G","Strike_G"]},{"damage_healed":0.0,"max_hp_gain":0.0,"max_hp_loss":0.0,"gold_gain":0.0,"event_name":"Tomb of Lord Red Mask","player_choice":"Ignored","floor":36.0,"gold_loss":0.0,"damage_taken":0.0},{"damage_healed":0.0,"max_hp_gain":0.0,"max_hp_loss":0.0,"gold_gain":999.0,"event_name":"MindBloom","player_choice":"Gold","floor":37.0,"gold_loss":0.0,"damage_taken":0.0,"cards_obtained":["Normality","Normality"]},{"damage_healed":0.0,"max_hp_gain":0.0,"max_hp_loss":0.0,"gold_gain":0.0,"event_name":"SensoryStone","player_choice":"Memory 1","floor":39.0,"gold_loss":0.0,"damage_taken":0.0}],"is_beta":false,"boss_relics":[{"not_picked":["HoveringKite","Ring of the Serpent"],"picked":"Sozu"},{"not_picked":["Tiny House","Busted Crown"],"picked":"Eternal Feather"}],"items_purged_floors":[28,38,44],"is_endless":false,"potions_floor_spawned":[3,11,16,22,24,30,41,48],"ascension_level":14}