{"gold_per_floor":[113,113,40,55,71,97,97,110,110,140,140,151,151,8,8,106,106,46,59,59,10,0,0,0,0,0,14,14,31,31,61,61,157,157,170,197,209,223,4,4,4,4,31,41,41,67,81,93,93,93],"floor_reached":51,"playtime":6075,"items_purged":["Strike_G","Defend_G"],"score":803,"play_id":"8eb7b9eb-bf4d-467b-ae74-eb88c74ba40e","local_time":"20190124121953","is_ascension_mode":false,"campfire_choices":[{"data":"Neutralize","floor":7,"key":"SMITH"},{"data":"Noxious Fumes","floor":11,"key":"SMITH"},{"data":"Burst","floor":13,"key":"SMITH"},{"data":"Well Laid Plans","floor":15,"key":"SMITH"},{"data":"After Image","floor":24,"key":"SMITH"},{"data":"Catalyst","floor":28,"key":"SMITH"},{"data":"Ghostly","floor":30,"key":"SMITH"},{"data":"Ghostly","floor":32,"key":"SMITH"},{"data":"Ghostly","floor":40,"key":"SMITH"},{"data":"Ghostly","floor":41,"key":"SMITH"},{"data":"Ghostly","floor":42,"key":"SMITH"},{"data":"Blade Dance","floor":45,"key":"SMITH"},{"data":"PiercingWail","floor":49,"key":"SMITH"}],"neow_cost":"NONE","seed_source_timestamp":128562605003500,"circlet_count":0,"master_deck":["Defend_G","Defend_G","Defend_G","Survivor","Neutralize+1","Slice","PiercingWail","Dagger Throw","Blade Dance+1","Noxious Fumes+1","PiercingWail","Burst+1","PiercingWail","Well Laid Plans+1","After Image+1","Catalyst+1","Backstab","Ghostly+1","Ghostly+1","Ghostly+1","Ghostly+1","Ghostly+1","Bite","Bite","Bite","Bite","Bite","PiercingWail","Dash","Dash","Blade Dance+1","PiercingWail+1","Backflip+1"],"relics":["Ring of the Serpent","Singing Bowl","Kunai","WingedGreaves","Black Star","Centennial Puzzle","Meat on the Bone","Lantern","Orichalcum","Blood Vial","Bag of Marbles","Snake Skull"],"potions_floor_usage":[6,6,16,16,18,33,50,50],"damage_taken":[{"damage":1,"enemies":"Jaw Worm","floor":1,"turns":5},{"damage":4,"enemies":"Cultist","floor":4,"turns":4},{"damage":0,"enemies":"2 Louse","floor":5,"turns":2},{"damage":1,"enemies":"3 Sentries","floor":6,"turns":7},{"damage":0,"enemies":"2 Fungi Beasts","floor":8,"turns":3},{"damage":19,"enemies":"Gremlin Nob","floor":10,"turns":6},{"damage":1,"enemies":"Red Slaver","floor":12,"turns":4},{"damage":12,"enemies":"Hexaghost","floor":16,"turns":11},{"damage":4,"enemies":"2 Thieves","floor":18,"turns":4},{"damage":10,"enemies":"Chosen","floor":19,"turns":7},{"damage":14,"enemies":"Snecko","floor":27,"turns":10},{"damage":0,"enemies":"3 Cultists","floor":29,"turns":8},{"damage":1,"enemies":"Slavers","floor":31,"turns":9},{"damage":1,"enemies":"Champ","floor":33,"turns":14},{"damage":0,"enemies":"3 Darklings","floor":35,"turns":7},{"damage":6,"enemies":"Orb Walker","floor":37,"turns":7},{"damage":0,"enemies":"Jaw Worm Horde","floor":38,"turns":8},{"damage":1,"enemies":"3 Darklings","floor":44,"turns":8},{"damage":35,"enemies":"Giant Head","floor":46,"turns":9},{"damage":13,"enemies":"Spire Growth","floor":47,"turns":8},{"damage":1,"enemies":"Sphere and 2 Shapes","floor":48,"turns":6},{"damage":0,"enemies":"Time Eater","floor":50,"turns":11}],"seed_played":"-2244711113577304706","potions_obtained":[{"floor":1,"key":"Energy Potion"},{"floor":4,"key":"Fire Potion"},{"floor":6,"key":"SneckoOil"},{"floor":10,"key":"Weak Potion"},{"floor":16,"key":"Weak Potion"},{"floor":29,"key":"FairyPotion"},{"floor":38,"key":"EssenceOfSteel"}],"is_trial":false,"path_per_floor":["M","?","$","M","M","E","R","M","T","E","R","M","R","$","R","B",null,"M","M","?","$","?","?","R","?","T","M","R","M","R","E","R","B",null,"M","T","M","M","$","R","R","R","T","M","R","E","M","M","R","B",null],"character_chosen":"THE_SILENT","items_purchased":["PiercingWail","Dagger Throw","Well Laid Plans","Dexterity Potion","EssenceOfSteel","PiercingWail"],"campfire_rested":0,"item_purchase_floors":[3,3,14,21,39,39],"current_hp_per_floor":[76,76,76,72,72,73,73,73,73,54,54,53,53,53,53,41,79,75,65,39,39,39,27,27,27,27,22,22,27,27,27,27,29,29,31,31,31,33,33,33,33,33,33,35,35,24,27,36,36,39],"gold":93,"neow_bonus":"TEN_PERCENT_HP_BONUS","is_prod":false,"is_daily":false,"chose_seed":false,"campfire_upgraded":13,"win_rate":0.0,"timestamp":1548328793,"path_taken":["M","?","$","M","M","E","R","?","T","E","R","M","R","$","R","BOSS","M","M","?","$","?","?","R","?","T","M","R","M","R","E","R","BOSS","M","?","?","M","$","R","R","R","T","M","R","E","M","M","R","BOSS"],"build_version":"2019-01-23","purchased_purges":2,"victory":true,"max_hp_per_floor":[77,77,77,77,77,79,79,79,79,79,79,79,79,79,79,79,79,79,79,39,39,39,27,27,27,27,27,27,27,27,27,27,29,29,31,31,31,33,33,33,33,33,33,35,35,37,39,39,39,39],"card_choices":[{"not_picked":["Choke","Finisher"],"picked":"Slice","floor":1},{"not_picked":["PiercingWail","Tactician"],"picked":"Blade Dance","floor":4},{"not_picked":["Dash","All Out Attack"],"picked":"Noxious Fumes","floor":5},{"not_picked":["Endless Agony","Reflex","Skewer"],"picked":"Singing Bowl","floor":6},{"not_picked":["Dagger Throw","Outmaneuver"],"picked":"PiercingWail","floor":8},{"not_picked":["Skewer","Acrobatics"],"picked":"Burst","floor":10},{"not_picked":["Prepared","Outmaneuver"],"picked":"PiercingWail","floor":12},{"not_picked":["Phantasmal Killer","Die Die Die"],"picked":"After Image","floor":16},{"not_picked":["Backstab","Dagger Throw"],"picked":"Catalyst","floor":18},{"not_picked":["Underhanded Strike+1","Quick Slash"],"picked":"Backstab","floor":19},{"not_picked":["Finisher+1","Terror"],"picked":"Dash","floor":27},{"not_picked":["Skewer","Dagger Spray+1"],"picked":"Dash","floor":29},{"not_picked":["Sucker Punch","Dash","Quick Slash"],"picked":"SKIP","floor":31},{"not_picked":["Venomology","A Thousand Cuts","Glass Knife"],"picked":"Singing Bowl","floor":33},{"not_picked":["Riddle With Holes+1","Acrobatics+1","Slice+1"],"picked":"Singing Bowl","floor":35},{"not_picked":["Deadly Poison+1","Wraith Form v2"],"picked":"Blade Dance+1","floor":37},{"not_picked":["Bane","Poisoned Stab","Calculated Gamble"],"picked":"Singing Bowl","floor":38},{"not_picked":["Riddle With Holes+1","Infinite Blades","Deflect"],"picked":"Singing Bowl","floor":44},{"not_picked":["Infinite Blades","Prepared","Dagger Throw+1"],"picked":"Singing Bowl","floor":46},{"not_picked":["Underhanded Strike","Poisoned Stab+1","Dodge and Roll"],"picked":"Singing Bowl","floor":47},{"not_picked":["Acrobatics+1","Dodge and Roll+1"],"picked":"Backflip+1","floor":48}],"player_experience":46387,"relics_obtained":[{"floor":6,"key":"Singing Bowl"},{"floor":9,"key":"Kunai"},{"floor":10,"key":"WingedGreaves"},{"floor":26,"key":"Centennial Puzzle"},{"floor":31,"key":"Meat on the Bone"},{"floor":31,"key":"Lantern"},{"floor":36,"key":"Orichalcum"},{"floor":43,"key":"Blood Vial"},{"floor":46,"key":"Bag of Marbles"},{"floor":46,"key":"Snake Skull"}],"event_choices":[{"cards_removed":["Strike_G"],"damage_healed":0,"gold_gain":0,"player_choice":"Purged","damage_taken":0,"max_hp_gain":0,"max_hp_loss":0,"event_name":"Purifier","floor":2,"gold_loss":0},{"damage_healed":0,"gold_gain":0,"player_choice":"Became a Ghost","damage_taken":0,"max_hp_gain":0,"max_hp_loss":40,"event_name":"Ghosts","floor":20,"gold_loss":0,"cards_obtained":["Ghostly","Ghostly","Ghostly","Ghostly","Ghostly"]},{"damage_healed":0,"gold_gain":0,"player_choice":"Paid Fearfully","damage_taken":0,"max_hp_gain":0,"max_hp_loss":0,"event_name":"Masked Bandits","floor":22,"gold_loss":10},{"damage_healed":0,"gold_gain":0,"player_choice":"Became a vampire","damage_taken":0,"max_hp_gain":0,"max_hp_loss":12,"event_name":"Vampires","floor":23,"gold_loss":0,"cards_obtained":["Bite","Bite","Bite","Bite","Bite"]},{"damage_healed":0,"gold_gain":0,"cards_transformed":["Defend_G"],"player_choice":"Transformed","damage_taken":0,"max_hp_gain":0,"max_hp_loss":0,"event_name":"Transmorgrifier","floor":25,"gold_loss":0,"cards_obtained":["PiercingWail"]}],"is_beta":false,"boss_relics":[{"not_picked":["Eternal Feather","Tiny House"],"picked":"Black Star"},{"not_picked":["Runic Dome","HoveringKite"],"picked":"Ring of the Serpent"}],"items_purged_floors":[14,39],"is_endless":false,"potions_floor_spawned":[1,4,6,10,16,29,38,47,48],"ascension_level":0}