{"gold_per_floor":[114,39,39,39,57,100,100,116,142,162,197,197,231,255,255,344,344,358,358,382,402,402,402,402],"floor_reached":24,"playtime":644,"items_purged":["Strike_R"],"score":410,"play_id":"45a6c638-e0d9-4f68-81f5-7020d8d12bfd","local_time":"20190210223150","is_ascension_mode":true,"campfire_choices":[{"data":"Bash","floor":7,"key":"SMITH"},{"data":"Whirlwind","floor":15,"key":"SMITH"},{"data":"Seeing Red","floor":23,"key":"SMITH"}],"neow_cost":"NONE","seed_source_timestamp":21490659393500,"circlet_count":0,"master_deck":["AscendersBane","Strike_R","Strike_R","Strike_R","Strike_R","Defend_R","Defend_R","Defend_R","Bash+1","Ghostly Armor","Seeing Red+1","Whirlwind+1","Reaper","Shrug It Off"],"relics":["Burning Blood","NeowsBlessing","Bloody Idol","Boot","Pen Nib","Dodecahedron","Pear","Darkstone Periapt","Sozu","Nilry\u0027s Codex"],"potions_floor_usage":[16,16],"damage_taken":[{"damage":0,"enemies":"Jaw Worm","floor":1,"turns":1},{"damage":0,"enemies":"Cultist","floor":5,"turns":1},{"damage":0,"enemies":"Gremlin Nob","floor":6,"turns":1},{"damage":0,"enemies":"2 Louse","floor":8,"turns":3},{"damage":10,"enemies":"Exordium Wildlife","floor":10,"turns":5},{"damage":15,"enemies":"3 Sentries","floor":11,"turns":4},{"damage":18,"enemies":"Gremlin Nob","floor":13,"turns":4},{"damage":18,"enemies":"Large Slime","floor":14,"turns":7},{"damage":25,"enemies":"Slime Boss","floor":16,"turns":9},{"damage":0,"enemies":"3 Byrds","floor":18,"turns":3},{"damage":11,"enemies":"Shell Parasite","floor":20,"turns":3},{"damage":40,"enemies":"Snake Plant","floor":21,"turns":5},{"damage":0,"enemies":"Colosseum Slavers","floor":24,"turns":1},{"damage":34,"enemies":"Colosseum Nobs","floor":24,"turns":4}],"seed_played":"-4972484772068249612","potions_obtained":[{"floor":5,"key":"Ancient Potion"},{"floor":6,"key":"EssenceOfSteel"},{"floor":8,"key":"Swift Potion"}],"is_trial":false,"path_per_floor":["M","$","?","?","M","E","R","M","T","M","E","T","E","M","R","B",null,"M","?","M","M","?","R","?"],"character_chosen":"IRONCLAD","items_purchased":[],"campfire_rested":0,"item_purchase_floors":[],"current_hp_per_floor":[74,74,67,49,55,61,61,67,67,63,54,64,52,40,40,21,69,81,65,60,26,26,26,0],"gold":402,"neow_bonus":"THREE_ENEMY_KILL","is_prod":false,"is_daily":false,"chose_seed":false,"campfire_upgraded":3,"win_rate":0,"timestamp":1549830710,"path_taken":["M","$","?","?","M","E","R","M","T","M","E","?","E","?","R","BOSS","M","?","M","M","?","R","?"],"build_version":"2019-01-23","purchased_purges":1,"victory":false,"max_hp_per_floor":[75,75,75,75,75,75,75,75,75,75,75,85,85,85,85,85,85,85,85,85,85,85,85,85],"card_choices":[{"not_picked":["Perfected Strike","True Grit"],"picked":"Ghostly Armor","floor":1},{"not_picked":["Havoc","Warcry","Body Slam"],"picked":"SKIP","floor":5},{"not_picked":["Warcry","Heavy Blade"],"picked":"Seeing Red","floor":6},{"not_picked":["Warcry","Body Slam","Heavy Blade"],"picked":"SKIP","floor":8},{"not_picked":["Warcry","True Grit"],"picked":"Whirlwind","floor":10},{"not_picked":["Power Through","Fiend Fire","Anger"],"picked":"SKIP","floor":11},{"not_picked":["Rupture","Heavy Blade","Cleave"],"picked":"SKIP","floor":13},{"not_picked":["Shrug It Off","Berserk","Pommel Strike"],"picked":"SKIP","floor":14},{"not_picked":["Bludgeon","Barricade"],"picked":"Reaper","floor":16},{"not_picked":["True Grit","Sword Boomerang"],"picked":"Shrug It Off","floor":18},{"not_picked":["Clash","Heavy Blade","Clothesline"],"picked":"SKIP","floor":20},{"not_picked":["Intimidate","Twin Strike","Pommel Strike+1"],"picked":"SKIP","floor":21}],"player_experience":706269,"relics_obtained":[{"floor":6,"key":"Boot"},{"floor":9,"key":"Pen Nib"},{"floor":11,"key":"Dodecahedron"},{"floor":12,"key":"Pear"},{"floor":13,"key":"Darkstone Periapt"},{"floor":19,"key":"Nilry\u0027s Codex"}],"event_choices":[{"cards_removed":["Defend_R"],"damage_healed":0,"gold_gain":0,"player_choice":"Card Removal","damage_taken":7,"max_hp_gain":0,"max_hp_loss":0,"event_name":"Golden Wing","floor":3,"gold_loss":0},{"damage_healed":0,"gold_gain":0,"player_choice":"Take Damage","damage_taken":18,"relics_obtained":["Golden Idol"],"max_hp_gain":0,"max_hp_loss":0,"event_name":"Golden Idol","floor":4,"gold_loss":0},{"damage_healed":0,"gold_gain":0,"player_choice":"Obtained Book","damage_taken":16,"max_hp_gain":0,"max_hp_loss":0,"event_name":"Cursed Tome","floor":19,"gold_loss":0},{"damage_healed":0,"gold_gain":0,"player_choice":"Gave Idol","damage_taken":0,"relics_obtained":["Bloody Idol"],"max_hp_gain":0,"max_hp_loss":0,"event_name":"Forgotten Altar","floor":22,"relics_lost":["Golden Idol"],"gold_loss":0},{"damage_healed":0,"gold_gain":0,"player_choice":"Fight","damage_taken":0,"max_hp_gain":0,"max_hp_loss":0,"event_name":"Colosseum","floor":24,"gold_loss":0},{"damage_healed":0,"gold_gain":0,"player_choice":"Fought Nobs","damage_taken":0,"max_hp_gain":0,"max_hp_loss":0,"event_name":"Colosseum","floor":24,"gold_loss":0}],"is_beta":false,"boss_relics":[{"not_picked":["Orrery","Lizard Tail"],"picked":"Sozu"}],"items_purged_floors":[2],"is_endless":false,"potions_floor_spawned":[5,6,8,18,21],"killed_by":"Colosseum Nobs","ascension_level":14}