{"gold_per_floor":[115,115,162,162,172,206,206,235,235,252,252,266,282,308,308,404,404,420,435,454,474,474,507,507,72,96,123,234,246,292,304,316,426,438,470,56,56,69,84,110,110,110,166,166,177,54,54,88,88,88],"floor_reached":50,"playtime":3320,"items_purged":["Defend_G","Defend_G"],"score":995,"play_id":"345bc6cc-8a31-4cd3-98ca-f1957f4a00d7","local_time":"20181122115909","is_ascension_mode":true,"campfire_choices":[{"data":"Concentrate","floor":7,"key":"SMITH"},{"floor":11,"key":"REST"},{"floor":15,"key":"REST"},{"floor":24,"key":"REST"},{"floor":29,"key":"REST"},{"data":"Acrobatics","floor":32,"key":"SMITH"},{"floor":41,"key":"REST"},{"floor":44,"key":"REST"},{"floor":47,"key":"REST"},{"floor":49,"key":"REST"}],"neow_cost":"NONE","seed_source_timestamp":159473856629867,"circlet_count":0,"master_deck":["AscendersBane","Defend_G","Strike_G","Strike_G","Strike_G","Strike_G","Survivor","Neutralize","Sucker Punch","Finisher","Concentrate+1","Acrobatics+1","Dagger Spray","Calculated Gamble","Concentrate","Masterful Stab","Adrenaline","Backflip","Acrobatics","Underhanded Strike","Dagger Throw+1","Blade Dance","Calculated Gamble","Prepared","Wraith Form v2","Escape Plan","PiercingWail+1","Acrobatics+1","Prepared","Terror"],"relics":["Ring of the Snake","NeowsBlessing","Vajra","Orichalcum","Mercury Hourglass","Bottled Flame","Thread and Needle","Runic Dome","Shuriken","Torii","Potion Belt","MawBank","Nunchaku","Busted Crown","TheAbacus","Oddly Smooth Stone","Tiny Chest","Pear"],"potions_floor_usage":[16,21,27,30,33,39,50,50,50],"damage_taken":[{"damage":0,"enemies":"Small Slimes","floor":1,"turns":1},{"damage":0,"enemies":"Jaw Worm","floor":5,"turns":1},{"damage":0,"enemies":"Gremlin Nob","floor":6,"turns":1},{"damage":38,"enemies":"Lagavulin","floor":8,"turns":10},{"damage":0,"enemies":"Cultist","floor":10,"turns":3},{"damage":9,"enemies":"3 Louse","floor":12,"turns":3},{"damage":3,"enemies":"Blue Slaver","floor":13,"turns":2},{"damage":19,"enemies":"3 Sentries","floor":14,"turns":5},{"damage":11,"enemies":"Slime Boss","floor":16,"turns":8},{"damage":1,"enemies":"2 Thieves","floor":18,"turns":3},{"damage":1,"enemies":"Spheric Guardian","floor":19,"turns":3},{"damage":4,"enemies":"Chosen and Byrds","floor":20,"turns":5},{"damage":1,"enemies":"Shelled Parasite and Fungi","floor":21,"turns":4},{"damage":39,"enemies":"Book of Stabbing","floor":23,"turns":6},{"damage":8,"enemies":"Slavers","floor":27,"turns":2},{"damage":0,"enemies":"Gremlin Leader","floor":30,"turns":4},{"damage":56,"enemies":"Automaton","floor":33,"turns":7},{"damage":0,"enemies":"Orb Walker","floor":35,"turns":1},{"damage":8,"enemies":"3 Darklings","floor":38,"turns":3},{"damage":16,"enemies":"Sphere and 2 Shapes","floor":39,"turns":7},{"damage":25,"enemies":"Giant Head","floor":40,"turns":6},{"damage":33,"enemies":"4 Shapes","floor":45,"turns":3},{"damage":9,"enemies":"Nemesis","floor":48,"turns":5},{"damage":52,"enemies":"Time Eater","floor":50,"turns":7}],"seed_played":"4136448139726156485","potions_obtained":[{"floor":6,"key":"Energy Potion"},{"floor":12,"key":"Ancient Potion"},{"floor":13,"key":"FearPotion"},{"floor":19,"key":"Explosive Potion"},{"floor":23,"key":"SpeedPotion"},{"floor":27,"key":"Regen Potion"},{"floor":38,"key":"Poison Potion"},{"floor":40,"key":"EssenceOfSteel"},{"floor":45,"key":"Explosive Potion"}],"is_trial":false,"path_per_floor":["M","?","T","$","M","E","R","E","T","M","R","M","M","E","R","B",null,"M","M","M","M","?","E","R","$","T","E","?","R","E","?","R","B",null,"M","$","?","M","M","E","R","?","T","R","M","$","R","E","R","B"],"character_chosen":"THE_SILENT","items_purchased":["Torii","Blade Dance","Escape Plan","TheAbacus","Swift Potion","Terror","Weak Potion"],"campfire_rested":8,"item_purchase_floors":[25,25,36,36,36,46,46],"current_hp_per_floor":[63,56,56,56,56,56,56,18,18,18,39,30,27,8,29,18,57,56,55,51,50,50,11,32,32,32,24,24,45,57,57,57,1,53,53,53,53,45,29,4,23,23,23,42,9,9,28,29,51,0],"gold":88,"neow_bonus":"THREE_ENEMY_KILL","is_prod":false,"is_daily":false,"chose_seed":false,"campfire_upgraded":2,"win_rate":0,"timestamp":1542916749,"path_taken":["M","?","?","?","M","E","R","E","T","M","R","M","?","E","R","BOSS","M","M","M","M","?","E","R","$","T","E","?","R","E","?","R","BOSS","M","$","?","M","M","E","R","?","T","R","M","$","R","E","R","BOSS"],"build_version":"2018-11-15","purchased_purges":2,"victory":false,"max_hp_per_floor":[70,70,70,70,70,70,70,70,70,70,70,70,70,70,70,70,70,70,70,70,70,70,70,70,70,70,70,70,70,70,70,70,70,70,70,70,66,66,66,66,66,66,66,66,66,66,66,76,76,76],"card_choices":[{"not_picked":["Deflect","Noxious Fumes"],"picked":"Sucker Punch","floor":1},{"not_picked":["Reflex","Underhanded Strike"],"picked":"Finisher","floor":5},{"not_picked":["Prepared","Noxious Fumes"],"picked":"Concentrate","floor":6},{"not_picked":["Dodge and Roll","Bane"],"picked":"Acrobatics","floor":8},{"not_picked":["Storm of Steel","Outmaneuver"],"picked":"Dagger Spray","floor":10},{"not_picked":["Underhanded Strike","Outmaneuver"],"picked":"Calculated Gamble","floor":12},{"not_picked":["Backflip","Catalyst"],"picked":"Concentrate","floor":13},{"not_picked":["Predator","Malaise"],"picked":"Masterful Stab","floor":14},{"not_picked":["Tools of the Trade","Die Die Die"],"picked":"Adrenaline","floor":16},{"not_picked":["Reflex","Masterful Stab"],"picked":"Backflip","floor":18},{"not_picked":["Dash","Distraction"],"picked":"Acrobatics","floor":19},{"not_picked":["Flechettes","Cloak And Dagger"],"picked":"Underhanded Strike","floor":20},{"not_picked":["Phantasmal Killer","Concentrate","Blade Dance"],"picked":"SKIP","floor":21},{"not_picked":["Tools of the Trade","Skewer"],"picked":"Dagger Throw+1","floor":23},{"not_picked":["Slice","Grand Finale"],"picked":"Calculated Gamble","floor":27},{"not_picked":["Choke","Dodge and Roll"],"picked":"Prepared","floor":30},{"not_picked":["Venomology","Unload"],"picked":"Wraith Form v2","floor":33},{"not_picked":[],"picked":"Well Laid Plans+1","floor":35},{"not_picked":[],"picked":"PiercingWail+1","floor":38},{"not_picked":["Outmaneuver"],"picked":"SKIP","floor":39},{"not_picked":[],"picked":"Acrobatics+1","floor":40},{"not_picked":[],"picked":"Prepared","floor":45},{"not_picked":["Deadly Poison"],"picked":"SKIP","floor":48}],"player_experience":99808,"relics_obtained":[{"floor":3,"key":"Vajra"},{"floor":6,"key":"Orichalcum"},{"floor":8,"key":"Mercury Hourglass"},{"floor":9,"key":"Bottled Flame"},{"floor":14,"key":"Thread and Needle"},{"floor":23,"key":"Shuriken"},{"floor":26,"key":"Potion Belt"},{"floor":27,"key":"MawBank"},{"floor":30,"key":"Nunchaku"},{"floor":40,"key":"Oddly Smooth Stone"},{"floor":43,"key":"Tiny Chest"},{"floor":48,"key":"Pear"}],"event_choices":[{"cards_removed":["Strike_G"],"damage_healed":0,"gold_gain":0,"player_choice":"Card Removal","damage_taken":7,"max_hp_gain":0,"max_hp_loss":0,"event_name":"Golden Wing","floor":2,"gold_loss":0},{"cards_removed":["Defend_G"],"damage_healed":0,"gold_gain":0,"player_choice":"Elegance","damage_taken":0,"max_hp_gain":0,"max_hp_loss":0,"event_name":"Back to Basics","floor":22,"gold_loss":0},{"damage_healed":0,"gold_gain":99,"player_choice":"Stole From Cult","damage_taken":0,"max_hp_gain":0,"max_hp_loss":0,"event_name":"Nest","floor":28,"gold_loss":0},{"cards_removed":["Defend_G"],"damage_healed":0,"gold_gain":0,"player_choice":"Purged","damage_taken":0,"max_hp_gain":0,"max_hp_loss":0,"event_name":"Purifier","floor":31,"gold_loss":0},{"damage_healed":0,"gold_gain":0,"player_choice":"Max HP","damage_taken":0,"max_hp_gain":0,"max_hp_loss":4,"event_name":"Winding Halls","floor":37,"gold_loss":0},{"cards_removed":["Well Laid Plans"],"damage_healed":0,"gold_gain":0,"player_choice":"Removed Power","damage_taken":0,"max_hp_gain":0,"max_hp_loss":0,"event_name":"Falling","floor":42,"gold_loss":0}],"is_beta":false,"boss_relics":[{"not_picked":["Tiny House","Philosopher\u0027s Stone"],"picked":"Runic Dome"},{"not_picked":["Coffee Dripper","Eternal Feather"],"picked":"Busted Crown"}],"items_purged_floors":[25,36],"is_endless":false,"potions_floor_spawned":[6,12,13,14,19,23,27,38,40,45],"killed_by":"Time Eater","ascension_level":11}