{"gold_per_floor":[118,136,152,327,142,142,156,175,175,175,200,219,219,219,219,316,316,330,346,357,457,470,470,484,484,561,571,581,506,526,560,560,658,658,670,670,84,95,110,110,120,220,220,220,220,232,251,270,270,270],"floor_reached":50,"playtime":4606,"items_purged":["Doubt","Strike_G"],"score":547,"play_id":"aea7395e-07bb-4e1a-aa4a-9d2ae8527172","local_time":"20190202022255","is_ascension_mode":false,"campfire_choices":[{"floor":6,"key":"RECALL"},{"data":"Noxious Fumes","floor":10,"key":"SMITH"},{"data":"Dagger Spray","floor":13,"key":"SMITH"},{"data":"Footwork","floor":15,"key":"SMITH"},{"data":"A Thousand Cuts","floor":23,"key":"SMITH"},{"floor":25,"key":"REST"},{"data":"Caltrops","floor":32,"key":"SMITH"},{"floor":40,"key":"REST"},{"data":"Apotheosis","floor":44,"key":"SMITH"},{"floor":49,"key":"REST"}],"neow_cost":"PERCENT_DAMAGE","seed_source_timestamp":28853790664760,"circlet_count":0,"master_deck":["Defend_G","Defend_G","Defend_G","Defend_G","Defend_G","Strike_G","Strike_G","Survivor","Neutralize","Dagger Spray+1","Prepared","Sucker Punch","Noxious Fumes+1","Footwork+1","Masterful Stab","Backflip","Heel Hook","Dagger Spray","Cloak And Dagger","Terror","A Thousand Cuts+1","Crippling Poison","Well Laid Plans+1","Escape Plan","Blur+1","Deflect+1","Riddle With Holes","Sucker Punch+1","Backflip","Caltrops+1","Escape Plan","Backflip","Flying Knee+1","After Image","Slice+1","Well Laid Plans+1","Dagger Spray","Apotheosis+1","Noxious Fumes","Caltrops+1"],"relics":["Ring of the Snake","Prayer Wheel","Mercury Hourglass","Busted Crown","StoneCalendar","Bottled Flame","Question Card","Vajra","Velvet Choker","The Specimen","Du-Vu Doll","Pear"],"potions_floor_usage":[16,16,31,33,33,50],"damage_taken":[{"damage":0,"enemies":"2 Louse","floor":1,"turns":4},{"damage":0,"enemies":"Jaw Worm","floor":2,"turns":5},{"damage":1,"enemies":"Cultist","floor":3,"turns":5},{"damage":3,"enemies":"Lots of Slimes","floor":7,"turns":4},{"damage":0,"enemies":"Blue Slaver","floor":8,"turns":6},{"damage":10,"enemies":"Lagavulin","floor":11,"turns":6},{"damage":6,"enemies":"3 Louse","floor":12,"turns":2},{"damage":29,"enemies":"Hexaghost","floor":16,"turns":9},{"damage":10,"enemies":"3 Byrds","floor":18,"turns":3},{"damage":0,"enemies":"Chosen","floor":19,"turns":4},{"damage":3,"enemies":"Snake Plant","floor":20,"turns":5},{"damage":6,"enemies":"Colosseum Slavers","floor":21,"turns":3},{"damage":21,"enemies":"Colosseum Nobs","floor":21,"turns":4},{"damage":9,"enemies":"Centurion and Healer","floor":22,"turns":6},{"damage":5,"enemies":"3 Cultists","floor":24,"turns":4},{"damage":0,"enemies":"Cultist and Chosen","floor":27,"turns":6},{"damage":12,"enemies":"Snake Plant","floor":28,"turns":4},{"damage":0,"enemies":"Chosen and Byrds","floor":30,"turns":4},{"damage":5,"enemies":"Book of Stabbing","floor":31,"turns":6},{"damage":12,"enemies":"Collector","floor":33,"turns":6},{"damage":0,"enemies":"Orb Walker","floor":35,"turns":3},{"damage":16,"enemies":"3 Darklings","floor":38,"turns":4},{"damage":41,"enemies":"Jaw Worm Horde","floor":39,"turns":5},{"damage":2,"enemies":"4 Shapes","floor":41,"turns":4},{"damage":0,"enemies":"Mind Bloom Boss Battle","floor":42,"turns":5},{"damage":9,"enemies":"Writhing Mass","floor":46,"turns":6},{"damage":21,"enemies":"3 Darklings","floor":47,"turns":3},{"damage":15,"enemies":"Transient","floor":48,"turns":5},{"damage":59,"enemies":"Time Eater","floor":50,"turns":5}],"seed_played":"3298165371606526828","potions_obtained":[{"floor":1,"key":"Dexterity Potion"},{"floor":3,"key":"Energy Potion"},{"floor":12,"key":"Fruit Juice"},{"floor":16,"key":"GamblersBrew"},{"floor":18,"key":"GamblersBrew"},{"floor":20,"key":"SkillPotion"},{"floor":28,"key":"Block Potion"},{"floor":30,"key":"PowerPotion"},{"floor":35,"key":"SteroidPotion"},{"floor":41,"key":"Energy Potion"},{"floor":42,"key":"Poison Potion"}],"is_trial":false,"path_per_floor":["M","M","M","?","$","R","M","M","T","R","E","M","R","?","R","B",null,"M","M","M","?","M","R","M","R","T","M","M","?","M","E","R","B",null,"M","?","$","M","M","R","M","?","T","R","?","M","M","M","R","B"],"character_chosen":"THE_SILENT","items_purchased":["Footwork","Masterful Stab","Apotheosis","The Specimen"],"campfire_rested":3,"item_purchase_floors":[5,5,37,37],"current_hp_per_floor":[49,49,48,48,48,48,45,45,45,45,35,29,29,80,80,56,85,75,75,72,45,36,36,31,56,56,56,44,44,44,39,39,27,85,85,85,85,69,28,53,51,51,61,61,61,52,31,16,44,0],"gold":270,"neow_bonus":"ONE_RARE_RELIC","is_prod":false,"is_daily":false,"chose_seed":false,"campfire_upgraded":6,"win_rate":0,"timestamp":1549045375,"path_taken":["M","M","M","?","$","R","M","M","T","R","E","M","R","?","R","BOSS","M","?","?","?","M","R","M","R","T","M","M","?","M","E","R","BOSS","M","?","$","M","?","R","M","?","T","R","?","M","M","M","R","BOSS"],"build_version":"2019-01-23","purchased_purges":2,"victory":false,"max_hp_per_floor":[70,70,70,70,70,70,70,70,70,70,70,70,70,80,80,85,85,85,85,85,85,85,85,85,85,85,85,85,85,85,85,85,85,85,85,85,85,85,85,85,85,85,95,95,95,95,95,95,95,95],"card_choices":[{"not_picked":["Distraction","Flying Knee"],"picked":"Dagger Spray","floor":1},{"not_picked":["Bane","Concentrate","Blade Dance"],"picked":"SKIP","floor":1},{"not_picked":["PiercingWail","Acrobatics"],"picked":"Cloak And Dagger","floor":2},{"not_picked":["Unload","Deflect"],"picked":"Prepared","floor":2},{"not_picked":["Finisher","All Out Attack"],"picked":"Sucker Punch","floor":3},{"not_picked":["Well Laid Plans","Acrobatics"],"picked":"Noxious Fumes","floor":3},{"not_picked":["Finisher","Poisoned Stab"],"picked":"Bullet Time","floor":7},{"not_picked":["Bane","Tactician","Outmaneuver"],"picked":"SKIP","floor":7},{"not_picked":["Deflect","PiercingWail"],"picked":"Backflip","floor":8},{"not_picked":["Tactician","Acrobatics"],"picked":"Heel Hook","floor":8},{"not_picked":["Flechettes","Choke"],"picked":"Dagger Spray","floor":11},{"not_picked":["Finisher","Blade Dance"],"picked":"Cloak And Dagger","floor":12},{"not_picked":["Night Terror","Acrobatics"],"picked":"Terror","floor":12},{"not_picked":["Venomology","Night Terror"],"picked":"A Thousand Cuts","floor":16},{"not_picked":[],"picked":"Crippling Poison","floor":18},{"not_picked":[],"picked":"Well Laid Plans+1","floor":18},{"not_picked":[],"picked":"Escape Plan","floor":19},{"not_picked":["Bane"],"picked":"SKIP","floor":19},{"not_picked":[],"picked":"Blur+1","floor":20},{"not_picked":["Cloak And Dagger"],"picked":"SKIP","floor":20},{"not_picked":[],"picked":"Deflect+1","floor":22},{"not_picked":["Outmaneuver+1"],"picked":"SKIP","floor":22},{"not_picked":[],"picked":"Riddle With Holes","floor":24},{"not_picked":[],"picked":"Sucker Punch+1","floor":24},{"not_picked":["Setup"],"picked":"Backflip","floor":27},{"not_picked":["Blade Dance+1"],"picked":"Caltrops","floor":27},{"not_picked":["Setup"],"picked":"Escape Plan","floor":28},{"not_picked":["Dagger Throw","Bane"],"picked":"SKIP","floor":28},{"not_picked":["Reflex"],"picked":"Backflip","floor":30},{"not_picked":["Expertise","Infinite Blades"],"picked":"SKIP","floor":30},{"not_picked":["Riddle With Holes"],"picked":"Flying Knee+1","floor":31},{"not_picked":["Die Die Die"],"picked":"After Image","floor":33},{"not_picked":["Masterful Stab"],"picked":"Slice+1","floor":35},{"not_picked":["Dagger Spray"],"picked":"Well Laid Plans+1","floor":35},{"not_picked":["Flying Knee"],"picked":"Noxious Fumes","floor":38},{"not_picked":["Masterful Stab+1"],"picked":"Caltrops+1","floor":38},{"not_picked":["Poisoned Stab","Accuracy+1"],"picked":"SKIP","floor":39},{"not_picked":["Endless Agony","Dodge and Roll"],"picked":"SKIP","floor":39},{"not_picked":["Acrobatics","Infinite Blades"],"picked":"SKIP","floor":41},{"not_picked":["Deflect","Accuracy"],"picked":"SKIP","floor":41},{"not_picked":["Cloak And Dagger+1","Dagger Throw+1"],"picked":"SKIP","floor":46},{"not_picked":["Choke+1","Skewer"],"picked":"SKIP","floor":46},{"not_picked":["Outmaneuver","Dagger Throw+1"],"picked":"SKIP","floor":47},{"not_picked":["Storm of Steel","Tactician+1"],"picked":"SKIP","floor":47},{"not_picked":["Backstab+1","Deflect"],"picked":"SKIP","floor":48},{"not_picked":["Well Laid Plans","Dagger Spray+1"],"picked":"SKIP","floor":48}],"player_experience":169549,"relics_obtained":[{"floor":11,"key":"Mercury Hourglass"},{"floor":21,"key":"StoneCalendar"},{"floor":21,"key":"Bottled Flame"},{"floor":26,"key":"Question Card"},{"floor":31,"key":"Vajra"},{"floor":42,"key":"Du-Vu Doll"},{"floor":43,"key":"Pear"}],"event_choices":[{"damage_healed":0,"gold_gain":175,"player_choice":"AGREE","damage_taken":0,"max_hp_gain":0,"max_hp_loss":0,"event_name":"Liars Game","floor":4,"gold_loss":0,"cards_obtained":["Doubt"]},{"cards_removed":["Bullet Time"],"damage_healed":41,"gold_gain":0,"player_choice":"Offered Rare","damage_taken":0,"max_hp_gain":10,"max_hp_loss":0,"event_name":"Bonfire Elementals","floor":14,"gold_loss":0},{"damage_healed":0,"gold_gain":0,"player_choice":"Fight","damage_taken":0,"max_hp_gain":0,"max_hp_loss":0,"event_name":"Colosseum","floor":21,"gold_loss":0},{"damage_healed":0,"gold_gain":0,"player_choice":"Fought Nobs","damage_taken":0,"max_hp_gain":0,"max_hp_loss":0,"event_name":"Colosseum","floor":21,"gold_loss":0},{"cards_removed":["Strike_G"],"damage_healed":0,"gold_gain":0,"player_choice":"Gave Gold","damage_taken":0,"max_hp_gain":0,"max_hp_loss":0,"event_name":"Beggar","floor":29,"gold_loss":75},{"damage_healed":0,"gold_gain":0,"cards_transformed":["Strike_G"],"player_choice":"Transformed","damage_taken":0,"max_hp_gain":0,"max_hp_loss":0,"event_name":"Transmorgrifier","floor":36,"gold_loss":0,"cards_obtained":["Dagger Spray"]},{"damage_healed":0,"gold_gain":0,"player_choice":"Fight","damage_taken":0,"max_hp_gain":0,"max_hp_loss":0,"event_name":"MindBloom","floor":42,"gold_loss":0},{"cards_removed":["Cloak And Dagger"],"damage_healed":0,"gold_gain":0,"player_choice":"Removed Skill","damage_taken":0,"max_hp_gain":0,"max_hp_loss":0,"event_name":"Falling","floor":45,"gold_loss":0}],"is_beta":false,"boss_relics":[{"not_picked":["Fusion Hammer","Eternal Feather"],"picked":"Busted Crown"},{"not_picked":["Orrery","WristBlade"],"picked":"Velvet Choker"}],"items_purged_floors":[5,37],"is_endless":false,"potions_floor_spawned":[1,3,12,16,18,20,24,28,30,35,41,42,48],"killed_by":"Time Eater","ascension_level":0}