{"gold_per_floor":[116,140,158,333,333,359,359,373,373,373,389,389,409,409,409,511,511,531,531,446,57,57,57,74,107,107,107,118,118],"floor_reached":29,"playtime":1377,"items_purged":["Whirlwind"],"score":350,"play_id":"1562270e-0d5c-4fb3-98f0-56bf9fb2d51f","local_time":"20190209204016","is_ascension_mode":true,"campfire_choices":[{"data":"Whirlwind","floor":7,"key":"SMITH"},{"data":"True Grit","floor":10,"key":"SMITH"},{"data":"Uppercut","floor":12,"key":"SMITH"},{"floor":15,"key":"REST"},{"floor":23,"key":"REST"},{"floor":27,"key":"REST"}],"neow_cost":"NONE","seed_source_timestamp":92055502754685,"circlet_count":0,"master_deck":["Bash","Shrug It Off","Headbutt+1","Whirlwind+1","True Grit+1","Uppercut+1","Battle Trance","Demon Form","Havoc","Carnage","Infernal Blade","Sword Boomerang","Havoc","Cleave","Ghostly Armor","True Grit","Evolve+1","True Grit+1","Warcry+1"],"relics":["Burning Blood","Bag of Marbles","Whetstone","Red Skull","Pandora\u0027s Box","Sundial","Dead Branch","Regal Pillow","Pear"],"potions_floor_usage":[6,11,29],"damage_taken":[{"damage":1,"enemies":"Cultist","floor":1,"turns":3},{"damage":10,"enemies":"Small Slimes","floor":3,"turns":4},{"damage":36,"enemies":"3 Sentries","floor":6,"turns":9},{"damage":0,"enemies":"2 Louse","floor":8,"turns":1},{"damage":10,"enemies":"Exordium Thugs","floor":11,"turns":3},{"damage":4,"enemies":"2 Fungi Beasts","floor":13,"turns":2},{"damage":28,"enemies":"Hexaghost","floor":16,"turns":10},{"damage":43,"enemies":"Spheric Guardian","floor":18,"turns":6},{"damage":12,"enemies":"Chosen","floor":24,"turns":4},{"damage":25,"enemies":"Book of Stabbing","floor":25,"turns":5},{"damage":44,"enemies":"Shelled Parasite and Fungi","floor":28,"turns":6},{"damage":33,"enemies":"Sentry and Sphere","floor":29,"turns":5}],"seed_played":"-6500119563649778464","potions_obtained":[{"floor":3,"key":"Fire Potion"},{"floor":8,"key":"EssenceOfSteel"},{"floor":24,"key":"Explosive Potion"}],"is_trial":false,"path_per_floor":["M","T","M","?","?","E","R","M","T","R","M","R","M","?","R","B",null,"M","?","?","$","?","R","M","E","T","R","M","M"],"character_chosen":"IRONCLAD","items_purchased":["Dead Branch","True Grit"],"campfire_rested":3,"item_purchase_floors":[21,21],"current_hp_per_floor":[77,77,73,73,73,43,43,49,49,49,45,45,47,31,55,33,68,31,16,16,16,16,41,35,16,26,69,31,0],"gold":118,"neow_bonus":"REMOVE_CARD","is_prod":false,"is_daily":false,"chose_seed":false,"campfire_upgraded":3,"win_rate":0,"timestamp":1549712416,"path_taken":["M","?","M","?","?","E","R","?","T","R","M","R","M","?","R","BOSS","M","?","?","?","?","R","M","E","T","R","M","M"],"build_version":"2019-01-23","purchased_purges":1,"victory":false,"max_hp_per_floor":[80,80,80,80,80,80,80,80,80,80,80,80,80,80,80,80,80,80,85,85,85,85,85,85,85,95,95,95,95],"card_choices":[{"not_picked":["Warcry","Anger"],"picked":"Shrug It Off","floor":1},{"not_picked":["Clash","Perfected Strike"],"picked":"Headbutt","floor":3},{"not_picked":["Pommel Strike","Flex"],"picked":"Whirlwind","floor":6},{"not_picked":["Shrug It Off","Seeing Red"],"picked":"True Grit","floor":8},{"not_picked":["Pommel Strike","Body Slam"],"picked":"Uppercut","floor":11},{"not_picked":["Iron Wave","Perfected Strike"],"picked":"Battle Trance","floor":13},{"not_picked":["Exhume","Fiend Fire"],"picked":"Demon Form","floor":16},{"not_picked":["Spot Weakness+1","Warcry","Thunderclap+1"],"picked":"SKIP","floor":18},{"not_picked":["Wild Strike","Pummel+1"],"picked":"Evolve+1","floor":24},{"not_picked":["Clash+1","Iron Wave"],"picked":"True Grit+1","floor":25},{"not_picked":["Dark Embrace","Carnage"],"picked":"Warcry+1","floor":28}],"player_experience":847629,"relics_obtained":[{"floor":2,"key":"Bag of Marbles"},{"floor":6,"key":"Whetstone"},{"floor":9,"key":"Red Skull"},{"floor":25,"key":"Regal Pillow"},{"floor":26,"key":"Pear"}],"event_choices":[{"damage_healed":0,"gold_gain":175,"player_choice":"AGREE","damage_taken":0,"max_hp_gain":0,"max_hp_loss":0,"event_name":"Liars Game","floor":4,"gold_loss":0,"cards_obtained":["Doubt"]},{"cards_removed":["Doubt"],"damage_healed":0,"gold_gain":0,"player_choice":"Purged","damage_taken":0,"max_hp_gain":0,"max_hp_loss":0,"event_name":"Purifier","floor":5,"gold_loss":0},{"damage_healed":0,"gold_gain":0,"player_choice":"Entered Light","damage_taken":16,"max_hp_gain":0,"max_hp_loss":0,"event_name":"Shining Light","floor":14,"gold_loss":0,"cards_upgraded":["Defend_R","Strike_R"]},{"damage_healed":0,"gold_gain":0,"player_choice":"Shed Blood","damage_taken":20,"max_hp_gain":5,"max_hp_loss":0,"event_name":"Forgotten Altar","floor":19,"gold_loss":0},{"damage_healed":0,"gold_gain":0,"player_choice":"Obtained Relic","damage_taken":0,"relics_obtained":["Sundial"],"max_hp_gain":0,"max_hp_loss":0,"event_name":"Addict","floor":20,"gold_loss":85},{"damage_healed":0,"gold_gain":0,"player_choice":"Ignored","damage_taken":0,"max_hp_gain":0,"max_hp_loss":0,"event_name":"Vampires","floor":22,"gold_loss":0}],"is_beta":false,"boss_relics":[{"not_picked":["Runic Pyramid","Black Blood"],"picked":"Pandora\u0027s Box"}],"items_purged_floors":[21],"is_endless":false,"potions_floor_spawned":[3,8,24],"killed_by":"Sentry and Sphere","ascension_level":7}