{"gold_per_floor":[115,115,115,190,22,22,47,65,146,166,186,186,186,200,200,305,305,324,344,344,355,57,57,92,92,119,149,166,166,166,21,21,116,116,134,153,171,171,271,271,124,149,149,108,108,108,108,124,124,124],"floor_reached":51,"playtime":1771,"items_purged":[],"score":761,"play_id":"5d931159-5900-403f-96aa-d3aacdcde163","local_time":"20190102192403","is_ascension_mode":false,"campfire_choices":[{"data":"Apotheosis","floor":6.0,"key":"SMITH"},{"data":"Zap","floor":12.0,"key":"SMITH"},{"data":"Coolheaded","floor":15.0,"key":"SMITH"},{"floor":23.0,"key":"REST"},{"data":"Echo Form","floor":25.0,"key":"SMITH"},{"floor":30.0,"key":"REST"},{"floor":32.0,"key":"REST"},{"floor":40.0,"key":"REST"},{"data":"Rainbow","floor":45.0,"key":"SMITH"},{"data":"Strike_B","floor":47.0,"key":"PURGE"},{"floor":49,"key":"REST"}],"neow_cost":"NONE","seed_source_timestamp":775290418667275,"circlet_count":0,"master_deck":["Strike_B","Defend_B","Defend_B","Zap+1","Dualcast+1","Undo","Apotheosis+1","Go for the Eyes+1","Coolheaded+1","Rainbow+1","BootSequence","Sunder","Melter","Capacitor","Defragment","Ball Lightning","Echo Form+1","Auto Shields","Barrage","Conserve Battery+1","Conserve Battery","Buffer","Seek","Creative AI","Capacitor"],"special_seed":0,"relics":["Cracked Core","Juzu Bracelet","Pear","Orrery","DataDisk","WingedGreaves","Blood Vial","Dream Catcher","Happy Flower","Sozu","StoneCalendar","Peace Pipe"],"potions_floor_usage":[50],"damage_taken":[{"damage":11.0,"enemies":"Jaw Worm","floor":1.0,"turns":3.0},{"damage":0.0,"enemies":"Gremlin Nob","floor":7.0,"turns":3.0},{"damage":0.0,"enemies":"Small Slimes","floor":8.0,"turns":3.0},{"damage":0.0,"enemies":"2 Louse","floor":10.0,"turns":3.0},{"damage":0.0,"enemies":"Blue Slaver","floor":11.0,"turns":3.0},{"damage":0.0,"enemies":"Lots of Slimes","floor":14.0,"turns":5.0},{"damage":16.0,"enemies":"The Guardian","floor":16.0,"turns":10.0},{"damage":8.0,"enemies":"2 Thieves","floor":18.0,"turns":3.0},{"damage":9.0,"enemies":"3 Byrds","floor":19.0,"turns":5.0},{"damage":27.0,"enemies":"3 Cultists","floor":21.0,"turns":5.0},{"damage":13.0,"enemies":"Book of Stabbing","floor":24.0,"turns":5.0},{"damage":52.0,"enemies":"Gremlin Leader","floor":27.0,"turns":8.0},{"damage":2.0,"enemies":"Snake Plant","floor":28.0,"turns":5.0},{"damage":47.0,"enemies":"Collector","floor":33.0,"turns":10.0},{"damage":0.0,"enemies":"3 Darklings","floor":35.0,"turns":7.0},{"damage":0.0,"enemies":"3 Shapes","floor":36.0,"turns":6.0},{"damage":23.0,"enemies":"Transient","floor":37.0,"turns":5.0},{"damage":0.0,"enemies":"Giant Head","floor":42.0,"turns":10.0},{"damage":16,"enemies":"Jaw Worm Horde","floor":48,"turns":6},{"damage":68,"enemies":"Donu and Deca","floor":50,"turns":12}],"seed_played":"8136240596887039816","potions_obtained":[{"floor":7.0,"key":"EssenceOfSteel"},{"floor":8.0,"key":"PowerPotion"},{"floor":10.0,"key":"Explosive Potion"},{"floor":24.0,"key":"EntropicBrew"}],"is_trial":false,"path_per_floor":["M","?","$","?","$","R","E","M","T","M","M","R","?","M","R","B",null,"M","M","?","M","$","R","E","R","T","E","M","?","R","$","R","B",null,"M","M","M","$","?","R","$","E","T","$","R","?","R","M","R","B",null],"character_chosen":"DEFECT","items_purchased":["Apotheosis","Echo Form","DataDisk","Auto Shields","Happy Flower","Seek","Capacitor"],"campfire_rested":5,"item_purchase_floors":[5,22,22,22,31,41,44],"current_hp_per_floor":[64,57,57,46,46,46,46,46,56,56,56,56,56,56,56,40,85,77,68,68,41,41,66,53,53,53,3,3,3,28,28,53,8,85,85,85,62,62,62,85,85,85,85,85,85,85,85,69,85,17],"gold":124,"neow_bonus":"UPGRADE_CARD","is_prod":false,"is_daily":false,"chose_seed":false,"campfire_upgraded":5,"win_rate":0,"timestamp":1546457043,"path_taken":["M","?","$","?","$","R","E","M","T","M","M","R","?","M","R","BOSS","M","M","?","M","$","R","E","R","T","E","M","?","R","$","R","BOSS","M","M","M","$","?","R","$","E","T","?","R","?","R","M","R","BOSS"],"build_version":"2018-12-20","purchased_purges":0,"victory":true,"max_hp_per_floor":[75,75,75,75,75,75,75,75,85,85,85,85,85,85,85,85,85,85,85,85,85,85,85,85,85,85,85,85,85,85,85,85,85,85,85,85,85,85,85,85,85,85,85,85,85,85,85,85,85,85],"card_choices":[{"not_picked":["Redo","Hologram"],"picked":"Undo","floor":1.0},{"not_picked":["Reprogram","Rebound","FTL"],"picked":"SKIP","floor":7.0},{"not_picked":["Self Repair","Stack","Leap"],"picked":"SKIP","floor":8.0},{"not_picked":["Turbo","Heatsinks","Steam Power"],"picked":"SKIP","floor":10.0},{"not_picked":["Coolheaded","Lockon"],"picked":"Go for the Eyes","floor":11.0},{"not_picked":["Aggregate","Gash"],"picked":"Coolheaded","floor":14.0},{"not_picked":["Core Surge","Seek"],"picked":"Rainbow","floor":16.0},{"not_picked":["Compile Driver","Rebound"],"picked":"BootSequence","floor":17.0},{"not_picked":["Compile Driver","Steam"],"picked":"Sunder","floor":17.0},{"not_picked":["Streamline","Stack"],"picked":"Melter","floor":17.0},{"not_picked":["Cold Snap","Redo"],"picked":"Capacitor","floor":17.0},{"not_picked":["Rebound","Ball Lightning+1"],"picked":"Defragment","floor":18.0},{"not_picked":["Coolheaded+1","Self Repair"],"picked":"Ball Lightning","floor":19.0},{"not_picked":["Compile Driver","Scrape","Rebound"],"picked":"SKIP","floor":21.0},{"not_picked":["Amplify","Compile Driver","Skim"],"picked":"SKIP","floor":24.0},{"not_picked":["Undo","Leap+1"],"picked":"Barrage","floor":27.0},{"not_picked":["Barrage","Gash"],"picked":"Conserve Battery+1","floor":28.0},{"not_picked":["Darkness","Streamline"],"picked":"Conserve Battery","floor":30.0},{"not_picked":["Thunder Strike","Meteor Strike"],"picked":"Buffer","floor":33.0},{"not_picked":["Steam","Consume+1","Loop"],"picked":"SKIP","floor":35.0},{"not_picked":["Beam Cell+1","Compile Driver+1","Cold Snap"],"picked":"SKIP","floor":36.0},{"not_picked":["Stack","Redo","Hologram+1"],"picked":"SKIP","floor":37.0},{"not_picked":["Turbo+1","Conserve Battery"],"picked":"Creative AI","floor":42.0},{"not_picked":["Leap","Go for the Eyes+1","Streamline"],"picked":"SKIP","floor":48}],"player_experience":937791,"relics_obtained":[{"floor":7.0,"key":"Juzu Bracelet"},{"floor":9.0,"key":"Pear"},{"floor":24.0,"key":"WingedGreaves"},{"floor":26.0,"key":"Blood Vial"},{"floor":27.0,"key":"Dream Catcher"},{"floor":42.0,"key":"StoneCalendar"},{"floor":43.0,"key":"Peace Pipe"}],"event_choices":[{"cards_removed":["Defend_B"],"damage_healed":0.0,"max_hp_gain":0.0,"max_hp_loss":0.0,"gold_gain":0.0,"event_name":"Golden Wing","player_choice":"Card Removal","floor":2.0,"gold_loss":0.0,"damage_taken":7.0},{"damage_healed":0.0,"max_hp_gain":0.0,"max_hp_loss":0.0,"gold_gain":75.0,"event_name":"World of Goop","player_choice":"Gather Gold","floor":4.0,"gold_loss":0.0,"damage_taken":11.0},{"damage_healed":0.0,"max_hp_gain":0.0,"max_hp_loss":0.0,"gold_gain":0.0,"event_name":"Living Wall","player_choice":"Grow","floor":13.0,"gold_loss":0.0,"damage_taken":0.0,"cards_upgraded":["Go for the Eyes"]},{"cards_removed":["Strike_B"],"damage_healed":0.0,"max_hp_gain":0.0,"max_hp_loss":0.0,"gold_gain":0.0,"event_name":"Wheel of Change","player_choice":"Card Removal","floor":20.0,"gold_loss":0.0,"damage_taken":0.0},{"cards_removed":["Strike_B"],"damage_healed":0.0,"max_hp_gain":0.0,"max_hp_loss":0.0,"gold_gain":0.0,"event_name":"Back to Basics","player_choice":"Elegance","floor":29.0,"gold_loss":0.0,"damage_taken":0.0},{"damage_healed":0.0,"max_hp_gain":0.0,"max_hp_loss":0.0,"gold_gain":100.0,"event_name":"Golden Shrine","player_choice":"Pray","floor":39.0,"gold_loss":0.0,"damage_taken":0.0},{"cards_removed":["Defend_B"],"damage_healed":0.0,"max_hp_gain":0.0,"max_hp_loss":0.0,"gold_gain":0.0,"event_name":"Falling","player_choice":"Removed Skill","floor":46.0,"gold_loss":0.0,"damage_taken":0.0}],"is_beta":false,"boss_relics":[{"not_picked":["Inserter","Pandora\u0027s Box"],"picked":"Orrery"},{"not_picked":["Velvet Choker","Empty Cage"],"picked":"Sozu"}],"items_purged_floors":[],"is_endless":false,"potions_floor_spawned":[7,8,10,11,21,24,27,35,36],"ascension_level":0}