{"gold_per_floor":[112,112,112,0,13,13,43,53,76,76,95,72,92,92,92,192,192,206,218,143,143,155,155,166,166,191,191,208,240,251,263,263,366,366,382,382,19,19,37,37,47,47,47,67,67,79,79,92,92,92],"floor_reached":50,"playtime":2012,"items_purged":["Regret"],"score":496,"play_id":"e241de25-9a1c-45dc-8701-0a3a018a0fd4","local_time":"20190121220728","is_ascension_mode":false,"campfire_choices":[{"data":"Zap","floor":6,"key":"SMITH"},{"data":"Go for the Eyes","floor":10,"key":"SMITH"},{"floor":15,"key":"REST"},{"data":"Electrodynamics","floor":23,"key":"SMITH"},{"floor":25,"key":"REST"},{"data":"Heatsinks","floor":27,"key":"SMITH"},{"data":"Ball Lightning","floor":32,"key":"SMITH"},{"data":"1","floor":40,"key":"LIFT"},{"data":"2","floor":42,"key":"LIFT"},{"data":"3","floor":45,"key":"LIFT"},{"floor":49,"key":"REST"}],"neow_cost":"CURSE","seed_source_timestamp":89872938132137,"circlet_count":0,"master_deck":["Strike_B","Strike_B","Strike_B","Defend_B","Defend_B","Defend_B","Defend_B","Zap+1","Self Repair","Melter","Go for the Eyes+1","Leap","Ball Lightning+1","Streamline+1","Ball Lightning","Electrodynamics+1","Ball Lightning","Heatsinks+1","Hello World+1","Beam Cell","Storm+1","Ball Lightning+1","Hello World+1","Seek","Static Discharge","Self Repair","Lockon+1"],"relics":["Cracked Core","Ginger","Regal Pillow","Ornamental Fan","Pear","Pen Nib","Sozu","Strawberry","Red Mask","Fusion Hammer","FaceOfCleric","Girya","Unceasing Top","StoneCalendar"],"potions_floor_usage":[16,33],"damage_taken":[{"damage":6,"enemies":"2 Louse","floor":1,"turns":3},{"damage":3,"enemies":"Jaw Worm","floor":5,"turns":3},{"damage":47,"enemies":"Gremlin Nob","floor":7,"turns":5},{"damage":0,"enemies":"Cultist","floor":8,"turns":3},{"damage":0,"enemies":"Blue Slaver","floor":11,"turns":3},{"damage":9,"enemies":"Exordium Thugs","floor":13,"turns":4},{"damage":27,"enemies":"Slime Boss","floor":16,"turns":9},{"damage":5,"enemies":"Chosen","floor":18,"turns":4},{"damage":4,"enemies":"3 Byrds","floor":19,"turns":3},{"damage":32,"enemies":"Snecko","floor":22,"turns":5},{"damage":37,"enemies":"Snake Plant","floor":24,"turns":3},{"damage":10,"enemies":"Cultist and Chosen","floor":28,"turns":3},{"damage":0,"enemies":"Masked Bandits","floor":29,"turns":1},{"damage":9,"enemies":"Centurion and Healer","floor":30,"turns":3},{"damage":1,"enemies":"Sentry and Sphere","floor":31,"turns":3},{"damage":37,"enemies":"Champ","floor":33,"turns":9},{"damage":1,"enemies":"3 Shapes","floor":35,"turns":4},{"damage":0,"enemies":"Orb Walker","floor":39,"turns":3},{"damage":2,"enemies":"Transient","floor":41,"turns":5},{"damage":20,"enemies":"Jaw Worm Horde","floor":44,"turns":2},{"damage":8,"enemies":"Maw","floor":46,"turns":5},{"damage":6,"enemies":"4 Shapes","floor":48,"turns":3},{"damage":99,"enemies":"Awakened One","floor":50,"turns":5}],"seed_played":"3379383046266425686","potions_obtained":[{"floor":7,"key":"AttackPotion"},{"floor":8,"key":"Poison Potion"}],"is_trial":false,"path_per_floor":["M","?","?","$","M","R","E","M","T","R","M","$","M","?","R","B",null,"M","M","?","?","M","R","M","R","T","R","M","?","M","M","R","B",null,"M","?","$","T","M","R","M","R","T","M","R","M","?","M","R","B"],"character_chosen":"DEFECT","items_purchased":["Melter","Streamline","Girya","Static Discharge"],"campfire_rested":3,"item_purchase_floors":[4,12,37,37],"current_hp_per_floor":[69,51,51,51,55,55,25,32,32,32,39,39,37,37,77,57,85,85,81,81,81,56,56,26,66,73,73,63,63,61,60,60,30,92,92,92,92,92,93,93,94,94,94,82,82,82,82,91,97,0],"gold":92,"neow_bonus":"ONE_RARE_RELIC","is_prod":false,"is_daily":false,"chose_seed":false,"campfire_upgraded":5,"win_rate":0,"timestamp":1548079648,"path_taken":["M","?","?","?","M","R","E","M","T","R","M","$","M","?","R","BOSS","M","M","?","?","M","R","?","R","T","R","M","?","M","M","R","BOSS","M","?","$","?","M","R","M","R","T","M","R","M","?","?","R","BOSS"],"build_version":"2019-01-17v2","purchased_purges":1,"victory":false,"max_hp_per_floor":[75,75,75,75,75,75,85,85,85,85,85,85,85,85,85,85,85,85,85,85,85,85,85,85,85,92,92,92,92,92,92,92,92,92,92,92,92,92,93,93,94,94,94,95,95,96,96,97,97,97],"card_choices":[{"not_picked":["Cold Snap","Hologram"],"picked":"Self Repair","floor":1},{"not_picked":["Storm","Conserve Battery"],"picked":"Go for the Eyes","floor":5},{"not_picked":["Conserve Battery","Reboot"],"picked":"Leap","floor":7},{"not_picked":["Conserve Battery","Leap"],"picked":"Ball Lightning","floor":8},{"not_picked":["Force Field","Aggregate","Capacitor"],"picked":"SKIP","floor":11},{"not_picked":["Steam Power","Fission"],"picked":"Ball Lightning","floor":13},{"not_picked":["Reboot","Machine Learning"],"picked":"Electrodynamics","floor":16},{"not_picked":["Scrape+1","Barrage+1"],"picked":"Ball Lightning","floor":18},{"not_picked":["Beam Cell","Sweeping Beam"],"picked":"Heatsinks","floor":19},{"not_picked":["Conserve Battery","Streamline"],"picked":"Hello World+1","floor":22},{"not_picked":["Redo","Chill"],"picked":"Beam Cell","floor":24},{"not_picked":["Beam Cell","Force Field"],"picked":"Storm+1","floor":28},{"not_picked":["Skim","Steam"],"picked":"Ball Lightning+1","floor":29},{"not_picked":["Rebound+1","Redo+1","Coolheaded"],"picked":"SKIP","floor":30},{"not_picked":["Lockon","Beam Cell"],"picked":"Hello World+1","floor":31},{"not_picked":["Amplify","Rainbow"],"picked":"Seek","floor":33},{"not_picked":["Genetic Algorithm+1","Ball Lightning+1","Coolheaded+1"],"picked":"SKIP","floor":35},{"not_picked":["Cold Snap+1","Conserve Battery+1","Stack"],"picked":"SKIP","floor":39},{"not_picked":["Leap","Coolheaded+1","Streamline"],"picked":"SKIP","floor":41},{"not_picked":["Redo+1","Go for the Eyes"],"picked":"Self Repair","floor":44},{"not_picked":["Fusion","Cold Snap+1"],"picked":"Lockon+1","floor":46},{"not_picked":["Redo+1","Gash+1","Conserve Battery+1"],"picked":"SKIP","floor":48}],"player_experience":108941,"relics_obtained":[{"floor":7,"key":"Pear"},{"floor":9,"key":"Pen Nib"},{"floor":26,"key":"Strawberry"},{"floor":29,"key":"Red Mask"},{"floor":38,"key":"Unceasing Top"},{"floor":43,"key":"StoneCalendar"}],"event_choices":[{"damage_healed":0,"gold_gain":0,"player_choice":"Success","damage_taken":18,"relics_obtained":["Regal Pillow"],"max_hp_gain":0,"max_hp_loss":0,"event_name":"Scrap Ooze","floor":2,"gold_loss":0},{"damage_healed":0,"gold_gain":0,"player_choice":"Box","damage_taken":0,"relics_obtained":["Ornamental Fan"],"max_hp_gain":0,"max_hp_loss":0,"event_name":"Big Fish","floor":3,"gold_loss":0,"cards_obtained":["Regret"]},{"damage_healed":0,"gold_gain":0,"player_choice":"Grow","damage_taken":0,"max_hp_gain":0,"max_hp_loss":0,"event_name":"Living Wall","floor":14,"gold_loss":0,"cards_upgraded":["Streamline"]},{"cards_removed":["Regret"],"damage_healed":0,"gold_gain":0,"player_choice":"Gave Gold","damage_taken":0,"max_hp_gain":0,"max_hp_loss":0,"event_name":"Beggar","floor":20,"gold_loss":75},{"cards_removed":["Dualcast"],"damage_healed":0,"gold_gain":0,"player_choice":"Offered Basic","damage_taken":0,"max_hp_gain":0,"max_hp_loss":0,"event_name":"Bonfire Elementals","floor":21,"gold_loss":0},{"damage_healed":0,"gold_gain":0,"player_choice":"Fought Bandits","damage_taken":0,"max_hp_gain":0,"max_hp_loss":0,"event_name":"Masked Bandits","floor":29,"gold_loss":0},{"damage_healed":0,"gold_gain":0,"player_choice":"Trade","damage_taken":0,"relics_obtained":["FaceOfCleric"],"max_hp_gain":0,"max_hp_loss":0,"event_name":"FaceTrader","floor":36,"gold_loss":0},{"cards_removed":["Strike_B"],"damage_healed":0,"gold_gain":0,"player_choice":"Purged","damage_taken":0,"max_hp_gain":0,"max_hp_loss":0,"event_name":"Purifier","floor":47,"gold_loss":0}],"is_beta":false,"boss_relics":[{"not_picked":["Black Star","Runic Pyramid"],"picked":"Sozu"},{"not_picked":["Astrolabe","Velvet Choker"],"picked":"Fusion Hammer"}],"items_purged_floors":[4],"is_endless":false,"potions_floor_spawned":[7,8,19,24,31,33,44,46],"killed_by":"Awakened One","ascension_level":0}