{"gold_per_floor":[117,117,131,56,56,75,75,107,179,191,219,219,233,253,253,348,348,360,372,372,201,217,217,250,250,299,299,327,327,327,327,327,426,426,440,451,470,487,506,506,537,537,537,412,412,422,440,458,458,458],"floor_reached":51,"playtime":1907,"items_purged":["Strike_B","Defend_B","Strike_B"],"score":729,"play_id":"5d2170d5-d0ef-40c0-bba5-b3ec31920bb7","local_time":"20181114190621","is_ascension_mode":false,"campfire_choices":[{"data":"Dualcast","floor":7.0,"key":"SMITH"},{"data":"Zap","floor":12.0,"key":"SMITH"},{"data":"Melter","floor":15.0,"key":"SMITH"},{"data":"Defragment","floor":23.0,"key":"SMITH"},{"data":"Electrodynamics","floor":25.0,"key":"SMITH"},{"data":"Ball Lightning","floor":27.0,"key":"SMITH"},{"floor":30.0,"key":"REST"},{"data":"Undo","floor":32.0,"key":"SMITH"},{"floor":40.0,"key":"REST"},{"floor":42,"key":"REST"},{"floor":45,"key":"REST"},{"floor":49,"key":"REST"}],"neow_cost":"NONE","seed_source_timestamp":2678367532681768,"circlet_count":0,"master_deck":["Strike_B","Strike_B","Defend_B+1","Zap+1","Dualcast+1","Glacier","Glacier","Conserve Battery+1","Ball Lightning+1","Melter+1","Core Surge","Defragment+1","Undo+1","Electrodynamics+1","Echo Form","Capacitor+1","Defragment+1","Blizzard+1"],"special_seed":0,"relics":["Cracked Core","Vajra","Pen Nib","Question Card","WingedGreaves","Empty Cage","War Paint","Potion Belt","Nunchaku","Busted Crown","Orichalcum","PreservedInsect"],"potions_floor_usage":[41,46,50,50,50,50,50],"damage_taken":[{"damage":0.0,"enemies":"Small Slimes","floor":1.0,"turns":4.0},{"damage":1.0,"enemies":"Cultist","floor":3.0,"turns":3.0},{"damage":0.0,"enemies":"2 Louse","floor":6.0,"turns":1.0},{"damage":12.0,"enemies":"Lagavulin","floor":8.0,"turns":8.0},{"damage":8.0,"enemies":"Exordium Thugs","floor":10.0,"turns":5.0},{"damage":4.0,"enemies":"3 Sentries","floor":11.0,"turns":11.0},{"damage":5.0,"enemies":"Lots of Slimes","floor":13.0,"turns":5.0},{"damage":0.0,"enemies":"Large Slime","floor":14.0,"turns":6.0},{"damage":18.0,"enemies":"Hexaghost","floor":16.0,"turns":12.0},{"damage":0.0,"enemies":"Spheric Guardian","floor":18.0,"turns":2.0},{"damage":13.0,"enemies":"3 Byrds","floor":19.0,"turns":4.0},{"damage":0.0,"enemies":"Shelled Parasite and Fungi","floor":22.0,"turns":6.0},{"damage":21.0,"enemies":"Book of Stabbing","floor":24.0,"turns":7.0},{"damage":15.0,"enemies":"Slavers","floor":28.0,"turns":3.0},{"damage":20.0,"enemies":"Colosseum Slavers","floor":29.0,"turns":4.0},{"damage":22.0,"enemies":"Automaton","floor":33.0,"turns":12.0},{"damage":22.0,"enemies":"Orb Walker","floor":35.0,"turns":3.0},{"damage":0.0,"enemies":"3 Shapes","floor":36.0,"turns":3.0},{"damage":16.0,"enemies":"Spire Growth","floor":37.0,"turns":4.0},{"damage":10.0,"enemies":"3 Darklings","floor":38.0,"turns":3.0},{"damage":3.0,"enemies":"Writhing Mass","floor":39.0,"turns":8.0},{"damage":23,"enemies":"Reptomancer","floor":41,"turns":6},{"damage":0,"enemies":"Sphere and 2 Shapes","floor":46,"turns":3},{"damage":6,"enemies":"Transient","floor":47,"turns":5},{"damage":11,"enemies":"3 Darklings","floor":48,"turns":5},{"damage":27,"enemies":"Time Eater","floor":50,"turns":9}],"seed_played":"-793446516412059303","potions_obtained":[{"floor":10.0,"key":"Strength Potion"},{"floor":11.0,"key":"AttackPotion"},{"floor":14.0,"key":"Poison Potion"},{"floor":37.0,"key":"Explosive Potion"},{"floor":38.0,"key":"Swift Potion"},{"floor":41,"key":"SteroidPotion"},{"floor":46,"key":"LiquidBronze"}],"is_trial":false,"path_per_floor":["M","?","M","$","?","M","R","E","T","M","E","R","M","M","R","B",null,"M","M","$","$","M","R","E","R","T","R","E","?","R","?","R","B",null,"M","M","M","M","M","R","E","R","T","$","R","M","M","M","R","B",null],"character_chosen":"DEFECT","items_purchased":["Defragment"],"campfire_rested":5,"item_purchase_floors":[21],"current_hp_per_floor":[82,75,74,74,74,74,74,62,62,54,50,50,45,45,45,27,82,82,69,69,69,69,69,48,48,48,48,33,13,37,37,37,15,82,60,60,44,34,31,55,32,56,56,56,80,80,74,63,82,55],"gold":458,"neow_bonus":"TEN_PERCENT_HP_BONUS","is_prod":false,"is_daily":false,"chose_seed":false,"campfire_upgraded":7,"win_rate":0,"timestamp":1542222381,"path_taken":["M","?","M","$","?","?","R","E","T","M","E","R","?","M","R","BOSS","M","M","$","$","M","R","E","R","T","R","E","?","R","?","R","BOSS","M","M","M","M","M","R","E","R","T","$","R","M","M","M","R","BOSS"],"build_version":"2018-11-08","purchased_purges":3,"victory":true,"max_hp_per_floor":[82,82,82,82,82,82,82,82,82,82,82,82,82,82,82,82,82,82,82,82,82,82,82,82,82,82,82,82,82,82,82,82,82,82,82,82,82,82,82,82,82,82,82,82,82,82,82,82,82,82],"card_choices":[{"not_picked":["Beam Cell","Steam","Streamline"],"picked":"SKIP","floor":1.0},{"not_picked":["Leap","Sweeping Beam","Beam Cell"],"picked":"SKIP","floor":3.0},{"not_picked":["Steam","Gash"],"picked":"Glacier","floor":6.0},{"not_picked":["Rebound","Steam Power","Barrage"],"picked":"SKIP","floor":8.0},{"not_picked":["Reboot","Stack","Coolheaded"],"picked":"Glacier","floor":10.0},{"not_picked":["Rebound","Stack","Thunder Strike"],"picked":"Conserve Battery","floor":11.0},{"not_picked":["Recycle","Hello World","Rebound"],"picked":"Ball Lightning","floor":13.0},{"not_picked":["Sunder","Go for the Eyes","Redo"],"picked":"Melter","floor":14.0},{"not_picked":["Hyperbeam","Machine Learning","Meteor Strike"],"picked":"Core Surge","floor":16.0},{"not_picked":["Cold Snap","Gash","Static Discharge","Rip and Tear"],"picked":"SKIP","floor":18.0},{"not_picked":["Compile Driver","BootSequence+1","Turbo","Sunder"],"picked":"SKIP","floor":19.0},{"not_picked":["Auto Shields","Steam+1","Streamline+1"],"picked":"Undo","floor":22.0},{"not_picked":["Buffer","Sunder+1","Auto Shields"],"picked":"Electrodynamics","floor":24.0},{"not_picked":["Ball Lightning","Rebound","Glacier","Lockon"],"picked":"SKIP","floor":28.0},{"not_picked":["Amplify","Machine Learning","Creative AI"],"picked":"Echo Form","floor":33.0},{"not_picked":["Ball Lightning","Compile Driver+1"],"picked":"SKIP","floor":35.0},{"not_picked":["Redo","Hello World+1"],"picked":"SKIP","floor":36.0},{"not_picked":["Leap+1"],"picked":"Capacitor+1","floor":37.0},{"not_picked":["Turbo+1","Chaos"],"picked":"SKIP","floor":38.0},{"not_picked":["Hologram","Gash+1"],"picked":"SKIP","floor":39.0},{"not_picked":["Glacier","Lockon+1"],"picked":"SKIP","floor":41},{"not_picked":["Sweeping Beam+1"],"picked":"Defragment+1","floor":46},{"not_picked":["Reprogram+1","Leap"],"picked":"SKIP","floor":47},{"not_picked":["BootSequence+1"],"picked":"Blizzard+1","floor":48}],"player_experience":787038,"relics_obtained":[{"floor":8.0,"key":"Pen Nib"},{"floor":9.0,"key":"Question Card"},{"floor":11.0,"key":"WingedGreaves"},{"floor":24.0,"key":"War Paint"},{"floor":26.0,"key":"Potion Belt"},{"floor":28.0,"key":"Nunchaku"},{"floor":41,"key":"Orichalcum"},{"floor":43,"key":"PreservedInsect"}],"event_choices":[{"damage_healed":0.0,"max_hp_gain":0.0,"max_hp_loss":0.0,"gold_gain":0.0,"event_name":"Scrap Ooze","player_choice":"Success","floor":2.0,"gold_loss":0.0,"damage_taken":7.0,"relics_obtained":["Vajra"]},{"damage_healed":0.0,"max_hp_gain":0.0,"max_hp_loss":0.0,"gold_gain":0.0,"event_name":"The Woman in Blue","player_choice":"Bought 0 Potions","floor":5.0,"gold_loss":0.0,"damage_taken":0.0},{"damage_healed":0.0,"max_hp_gain":0.0,"max_hp_loss":0.0,"gold_gain":0.0,"event_name":"Colosseum","player_choice":"Fight","floor":29.0,"gold_loss":0.0,"damage_taken":0.0},{"damage_healed":0.0,"max_hp_gain":0.0,"max_hp_loss":0.0,"gold_gain":0.0,"event_name":"Colosseum","player_choice":"Fled From Nobs","floor":29.0,"gold_loss":0.0,"damage_taken":0.0},{"damage_healed":0.0,"max_hp_gain":0.0,"max_hp_loss":0.0,"gold_gain":0.0,"event_name":"Cursed Tome","player_choice":"Ignored","floor":31.0,"gold_loss":0.0,"damage_taken":0.0}],"is_beta":false,"boss_relics":[{"not_picked":["White Beast Statue","Tiny House"],"picked":"Empty Cage"},{"not_picked":["Pandora\u0027s Box","Calling Bell"],"picked":"Busted Crown"}],"items_purged_floors":[4,21,44],"is_endless":false,"potions_floor_spawned":[10,11,14,16,19,24,37,38,41,46],"ascension_level":0}