{"gold_per_floor":[112,32,43,57,69,69,69,102,126,76,90,90,90,109,109,180,180,197,197,197,14,27,27,52,52],"floor_reached":25,"playtime":1554,"items_purged":["Strike_G"],"score":474,"play_id":"46c1f832-b765-4fac-a8cd-dac869d11a2b","local_time":"20181029225946","is_ascension_mode":true,"campfire_choices":[{"data":"Footwork","floor":6,"key":"SMITH"},{"data":"Noxious Fumes","floor":12,"key":"SMITH"},{"data":"Neutralize","floor":15,"key":"SMITH"},{"floor":23,"key":"REST"}],"neow_cost":"NONE","seed_source_timestamp":215408890475725,"circlet_count":0,"master_deck":["Defend_G","Defend_G","Defend_G","Defend_G","Defend_G","Survivor","Neutralize+1","AscendersBane","Venomology","Noxious Fumes+1","Footwork+1","Backflip","Bouncing Flask","Deflect","Dagger Spray","Bane","Dash","Die Die Die","Dagger Throw+1","Dodge and Roll","After Image","Blur"],"relics":["Ring of the Snake","Bronze Scales","Empty Cage","Nilry\u0027s Codex","Nloth\u0027s Gift","Bag of Marbles"],"potions_floor_usage":[4,5,8,11,14,16,18,18,24,24,25,25],"damage_taken":[{"damage":2,"enemies":"Cultist","floor":1,"turns":5},{"damage":4,"enemies":"2 Louse","floor":3,"turns":4},{"damage":0,"enemies":"Small Slimes","floor":4,"turns":5},{"damage":0,"enemies":"2 Fungi Beasts","floor":5,"turns":5},{"damage":13,"enemies":"3 Sentries","floor":8,"turns":8},{"damage":3,"enemies":"3 Louse","floor":11,"turns":3},{"damage":4,"enemies":"Looter","floor":14,"turns":4},{"damage":0,"enemies":"Hexaghost","floor":16,"turns":9},{"damage":3,"enemies":"Spheric Guardian","floor":18,"turns":8},{"damage":11,"enemies":"Chosen","floor":22,"turns":5},{"damage":50,"enemies":"Gremlin Leader","floor":24,"turns":8},{"damage":9,"enemies":"Snecko","floor":25,"turns":4}],"seed_played":"7458489844580989035","potions_obtained":[{"floor":1,"key":"Weak Potion"},{"floor":5,"key":"Weak Potion"},{"floor":16,"key":"Regen Potion"},{"floor":24,"key":"Dexterity Potion"}],"is_trial":false,"path_per_floor":["M","$","M","M","M","R","?","E","T","$","M","R","?","M","R","B",null,"M","?","?","$","M","R","E"],"character_chosen":"THE_SILENT","items_purchased":["Footwork","Dodge and Roll","After Image"],"campfire_rested":1,"item_purchase_floors":[2,21,21],"current_hp_per_floor":[57,57,53,53,53,53,53,40,40,40,37,37,30,26,26,26,56,66,45,45,45,34,53,3,0],"gold":52,"neow_bonus":"ONE_RANDOM_RARE_CARD","is_prod":false,"is_daily":false,"chose_seed":false,"campfire_upgraded":3,"win_rate":0,"timestamp":1540868386,"path_taken":["M","$","M","?","M","R","?","E","T","$","M","R","?","M","R","BOSS","M","?","?","$","M","R","E","M"],"build_version":"2018-10-25v2","purchased_purges":1,"victory":false,"max_hp_per_floor":[66,66,66,66,66,66,66,66,66,66,66,66,66,66,66,66,66,66,66,66,66,66,66,66,66],"card_choices":[{"not_picked":["Blade Dance","Acrobatics"],"picked":"Noxious Fumes","floor":1},{"not_picked":["Blade Dance","Sucker Punch"],"picked":"Backflip","floor":3},{"not_picked":["Caltrops","Distraction"],"picked":"Bouncing Flask","floor":4},{"not_picked":["Eviscerate","Concentrate"],"picked":"Deflect","floor":5},{"not_picked":["Predator","Blade Dance"],"picked":"Dagger Spray","floor":8},{"not_picked":["Acrobatics","A Thousand Cuts"],"picked":"Bane","floor":11},{"not_picked":["Blade Dance","Heel Hook"],"picked":"Dash","floor":14},{"not_picked":["Grand Finale","Venomology"],"picked":"Die Die Die","floor":16},{"not_picked":["Setup","Reflex"],"picked":"Dagger Throw+1","floor":18},{"not_picked":["Slice","Underhanded Strike+1"],"picked":"Blur","floor":22},{"not_picked":["Prepared+1","Wraith Form v2","Dagger Throw+1"],"picked":"SKIP","floor":24}],"player_experience":3209786,"relics_obtained":[{"floor":8,"key":"Bronze Scales"},{"floor":9,"key":"Smiling Mask"},{"floor":19,"key":"Nilry\u0027s Codex"},{"floor":24,"key":"Bag of Marbles"}],"event_choices":[{"cards_removed":["Strike_G"],"damage_healed":0,"gold_gain":0,"player_choice":"Purged","damage_taken":0,"max_hp_gain":0,"max_hp_loss":0,"event_name":"Purifier","floor":7,"gold_loss":0},{"cards_removed":["Strike_G"],"damage_healed":0,"gold_gain":0,"player_choice":"Card Removal","damage_taken":7,"max_hp_gain":0,"max_hp_loss":0,"event_name":"Golden Wing","floor":13,"gold_loss":0},{"damage_healed":0,"gold_gain":0,"player_choice":"Obtained Book","damage_taken":21,"max_hp_gain":0,"max_hp_loss":0,"event_name":"Cursed Tome","floor":19,"gold_loss":0},{"damage_healed":0,"gold_gain":0,"player_choice":"Traded Relic","damage_taken":0,"relics_obtained":["Nloth\u0027s Gift"],"max_hp_gain":0,"max_hp_loss":0,"event_name":"N\u0027loth","floor":20,"relics_lost":["Smiling Mask"],"gold_loss":0}],"is_beta":false,"boss_relics":[{"not_picked":["Tiny House","Black Star"],"picked":"Empty Cage"}],"items_purged_floors":[10],"is_endless":false,"potions_floor_spawned":[1,5,8,16,24],"killed_by":"Snecko","ascension_level":15}