{"gold_per_floor":[363,117,117,12,29,29,43,59,107,126,152,152,167,167,167,262,262],"floor_reached":17,"playtime":592,"items_purged":[],"score":157,"play_id":"b89ac54c-0f02-483d-8611-4c703b9b561e","local_time":"20181108210924","is_ascension_mode":false,"campfire_choices":[{"data":"Dualcast","floor":6,"key":"SMITH"},{"data":"Go for the Eyes","floor":12,"key":"SMITH"},{"data":"Zap","floor":15,"key":"SMITH"}],"neow_cost":"TEN_PERCENT_HP_LOSS","seed_source_timestamp":2168746525260068,"circlet_count":0,"master_deck":["Strike_B","Strike_B","Strike_B","Strike_B","Defend_B","Defend_B","Defend_B","Defend_B","Zap+1","Dualcast+1","Conserve Battery","Loop+1","Go for the Eyes+1","Coolheaded","Self Repair+1","Chill","Core Surge"],"relics":["Cracked Core","Frozen Egg 2","Boot","Regal Pillow","Centennial Puzzle","Lizard Tail"],"potions_floor_usage":[],"damage_taken":[{"damage":11,"enemies":"Jaw Worm","floor":1,"turns":3},{"damage":0,"enemies":"Small Slimes","floor":5,"turns":3},{"damage":0,"enemies":"Cultist","floor":7,"turns":3},{"damage":3,"enemies":"Lots of Slimes","floor":8,"turns":5},{"damage":0,"enemies":"2 Fungi Beasts","floor":10,"turns":3},{"damage":19,"enemies":"3 Sentries","floor":11,"turns":11},{"damage":4,"enemies":"Exordium Thugs","floor":13,"turns":4},{"damage":27,"enemies":"Slime Boss","floor":16,"turns":15}],"seed_played":"-465337611571916967","potions_obtained":[{"floor":1,"key":"SmokeBomb"},{"floor":5,"key":"Strength Potion"},{"floor":8,"key":"FearPotion"},{"floor":13,"key":"Energy Potion"}],"is_trial":false,"path_per_floor":["M","$","?","$","M","R","M","M","T","M","E","R","M","?","R","B",null],"character_chosen":"DEFECT","items_purchased":["Frozen Egg 2","Conserve Battery","Loop+1"],"campfire_rested":0,"item_purchase_floors":[2,4,4],"current_hp_per_floor":[57,57,39,39,39,39,39,36,36,36,27,27,33,38,38,21,73],"gold":262,"neow_bonus":"TWO_FIFTY_GOLD","is_prod":false,"is_daily":false,"chose_seed":false,"campfire_upgraded":3,"win_rate":0,"timestamp":1541711364,"path_taken":["M","$","?","$","M","R","M","M","T","M","E","R","M","?","R","BOSS"],"build_version":"2018-11-01","purchased_purges":0,"victory":false,"max_hp_per_floor":[68,68,68,68,68,68,68,68,68,68,68,68,68,73,73,73,73],"card_choices":[{"not_picked":["Steam Power","Compile Driver","Stack"],"picked":"SKIP","floor":1},{"not_picked":["Double Energy","Streamline"],"picked":"Go for the Eyes","floor":5},{"not_picked":["Sunder","Rebound"],"picked":"Coolheaded","floor":7},{"not_picked":["Sweeping Beam","Fusion","Hologram"],"picked":"SKIP","floor":8},{"not_picked":["Genetic Algorithm","Barrage"],"picked":"Self Repair+1","floor":10},{"not_picked":["Static Discharge+1","Aggregate","Machine Learning+1"],"picked":"SKIP","floor":11},{"not_picked":["Sunder","Leap"],"picked":"Chill","floor":13},{"not_picked":["Amplify","Hyperbeam"],"picked":"Core Surge","floor":16}],"player_experience":769180,"relics_obtained":[{"floor":9,"key":"Regal Pillow"},{"floor":11,"key":"Centennial Puzzle"}],"event_choices":[{"damage_healed":0,"gold_gain":0,"player_choice":"Success","damage_taken":18,"relics_obtained":["Boot"],"max_hp_gain":0,"max_hp_loss":0,"event_name":"Scrap Ooze","floor":3,"gold_loss":0},{"damage_healed":0,"gold_gain":0,"player_choice":"Donut","damage_taken":0,"max_hp_gain":5,"max_hp_loss":0,"event_name":"Big Fish","floor":14,"gold_loss":0}],"is_beta":false,"boss_relics":[{"not_picked":["Pandora\u0027s Box","Inserter"],"picked":"Lizard Tail"}],"items_purged_floors":[],"is_endless":false,"potions_floor_spawned":[1,5,8,13],"ascension_level":0}