{"gold_per_floor":[115,415,98,98,98,98,115,115,115,115,115,115,159,179,179,307,307,331,349,370,295,210,210,210,39,63,81,97,116,116,296,296,417,417,432,765,310,310,328,328,342,342,342,342,353,17,31,31],"floor_reached":48,"playtime":4112,"items_purged":["Strike_R","Strike_R","Strike_R","Strike_R"],"score":478,"play_id":"79d37571-c045-4db0-a064-33cbd9e56bca","local_time":"20190123231536","is_ascension_mode":false,"campfire_choices":[{"data":"Shrug It Off","floor":6,"key":"SMITH"},{"data":"Cleave","floor":8,"key":"SMITH"},{"floor":12,"key":"REST"},{"data":"Twin Strike","floor":15,"key":"SMITH"},{"data":"Inflame","floor":23,"key":"SMITH"},{"data":"Body Slam","floor":30,"key":"SMITH"},{"floor":32,"key":"REST"},{"data":"Barricade","floor":40,"key":"SMITH"},{"data":"Mayhem","floor":42,"key":"SMITH"}],"neow_cost":"NONE","seed_source_timestamp":264671624707395,"circlet_count":0,"master_deck":["Defend_R","Defend_R","Defend_R","Defend_R","Bash+1","Shrug It Off+1","Cleave+1","Twin Strike+1","Impervious+1","Seeing Red+1","Juggernaut","Iron Wave+1","True Grit+1","Inflame+1","RitualDagger","Flame Barrier+1","Heavy Blade+1","Iron Wave+1","Shrug It Off+1","Body Slam+1","Inflame+1","True Grit+1","Enlightenment+1","Barricade+1","Rage+1","Body Slam+1","Mayhem+1","Finesse+1","Dramatic Entrance","Deep Breath+1","Blind+1","Combust","Dramatic Entrance","Shrug It Off+1","Metallicize+1","Rupture+1","Evolve+1"],"relics":["Burning Blood","Old Coin","Mercury Hourglass","Toxic Egg 2","Nunchaku","Prayer Wheel","Velvet Choker","Regal Pillow","Smiling Mask","Sozu","Bag of Marbles","Frozen Egg 2","StoneCalendar"],"potions_floor_usage":[16,33,33,33,48],"damage_taken":[{"damage":1,"enemies":"2 Louse","floor":1,"turns":4},{"damage":0,"enemies":"Small Slimes","floor":7,"turns":3},{"damage":3,"enemies":"Gremlin Nob","floor":13,"turns":3},{"damage":0,"enemies":"Jaw Worm","floor":14,"turns":2},{"damage":16,"enemies":"Slime Boss","floor":16,"turns":9},{"damage":15,"enemies":"2 Thieves","floor":18,"turns":3},{"damage":13,"enemies":"Shell Parasite","floor":19,"turns":5},{"damage":15,"enemies":"Chosen and Byrds","floor":20,"turns":5},{"damage":11,"enemies":"Snake Plant","floor":27,"turns":4},{"damage":11,"enemies":"Centurion and Healer","floor":28,"turns":6},{"damage":0,"enemies":"Chosen and Byrds","floor":29,"turns":5},{"damage":22,"enemies":"Champ","floor":33,"turns":7},{"damage":1,"enemies":"Orb Walker","floor":35,"turns":4},{"damage":7,"enemies":"3 Darklings","floor":39,"turns":6},{"damage":34,"enemies":"Sphere and 2 Shapes","floor":41,"turns":5},{"damage":22,"enemies":"4 Shapes","floor":45,"turns":4},{"damage":9,"enemies":"Jaw Worm Horde","floor":47,"turns":4},{"damage":36,"enemies":"Spire Growth","floor":48,"turns":3}],"seed_played":"4405709001443363349","potions_obtained":[{"floor":13,"key":"Fire Potion"},{"floor":14,"key":"SpeedPotion"},{"floor":20,"key":"Fire Potion"},{"floor":27,"key":"Strength Potion"},{"floor":28,"key":"Fire Potion"},{"floor":33,"key":"SkillPotion"}],"is_trial":false,"path_per_floor":["M","?","$","?","?","R","M","R","T","?","T","R","E","M","R","B",null,"M","M","M","?","?","R","?","$","T","M","M","M","R","?","R","B",null,"M","?","$","?","M","R","M","R","T","?","M","$","M","M"],"character_chosen":"IRONCLAD","items_purchased":["Mercury Hourglass","Flame Barrier+1","Mayhem","Finesse+1","Bag of Marbles","StoneCalendar"],"campfire_rested":2,"item_purchase_floors":[3,25,37,37,37,46],"current_hp_per_floor":[88,76,76,76,69,69,75,75,75,53,53,79,82,88,88,78,88,79,72,63,63,63,63,57,57,57,52,47,53,53,21,62,46,88,88,88,88,78,77,77,49,49,49,49,33,33,30,0],"gold":31,"neow_bonus":"TEN_PERCENT_HP_BONUS","is_prod":false,"is_daily":false,"chose_seed":false,"campfire_upgraded":7,"win_rate":0,"timestamp":1548256536,"path_taken":["M","?","$","?","?","R","M","R","T","?","?","R","E","?","R","BOSS","M","M","M","?","?","R","?","$","T","M","M","M","R","?","R","BOSS","M","?","$","?","M","R","M","R","T","?","M","$","M","M"],"build_version":"2019-01-17v2","purchased_purges":4,"victory":false,"max_hp_per_floor":[88,88,88,88,88,88,88,88,88,88,88,88,88,88,88,88,88,88,88,88,88,88,88,88,88,88,88,88,88,88,88,88,88,88,88,88,88,88,88,88,88,88,88,88,88,88,88,88],"card_choices":[{"not_picked":["Anger","Searing Blow"],"picked":"Shrug It Off","floor":1},{"not_picked":["Heavy Blade","True Grit"],"picked":"Cleave","floor":7},{"not_picked":["Armaments+1","Perfected Strike"],"picked":"Twin Strike","floor":13},{"not_picked":["Reckless Charge","Infernal Blade+1"],"picked":"Impervious+1","floor":14},{"not_picked":["Rampage","Thunderclap"],"picked":"Seeing Red+1","floor":14},{"not_picked":["Dark Embrace","Reaper"],"picked":"Juggernaut","floor":16},{"not_picked":["Sword Boomerang","Carnage+1"],"picked":"Rupture","floor":18},{"not_picked":["Havoc+1","Headbutt+1"],"picked":"Iron Wave+1","floor":18},{"not_picked":["Twin Strike","Iron Wave"],"picked":"True Grit+1","floor":19},{"not_picked":["Havoc+1","Heavy Blade+1"],"picked":"Inflame","floor":19},{"not_picked":["Headbutt","Dropkick","Clash"],"picked":"SKIP","floor":20},{"not_picked":["Flex+1","Clothesline","Thunderclap"],"picked":"SKIP","floor":20},{"not_picked":["Brutality","Armaments+1"],"picked":"Heavy Blade+1","floor":27},{"not_picked":["True Grit+1","Bloodletting+1"],"picked":"Iron Wave+1","floor":27},{"not_picked":["Reaper","Thunderclap"],"picked":"Shrug It Off+1","floor":28},{"not_picked":["Twin Strike","Anger"],"picked":"Body Slam","floor":28},{"not_picked":["Thunderclap","Sword Boomerang+1"],"picked":"Inflame+1","floor":29},{"not_picked":["Body Slam","Infernal Blade+1"],"picked":"True Grit+1","floor":29},{"not_picked":["Brutality","Feed"],"picked":"Barricade","floor":33},{"not_picked":["Power Through+1","Carnage"],"picked":"Rage+1","floor":35},{"not_picked":["Reckless Charge+1","Iron Wave"],"picked":"Body Slam+1","floor":35},{"not_picked":["Mind Blast","Good Instincts+1"],"picked":"Dramatic Entrance","floor":38},{"not_picked":["Swift Strike","Metamorphosis+1"],"picked":"Deep Breath+1","floor":38},{"not_picked":["Chrysalis+1","Thinking Ahead+1"],"picked":"Blind+1","floor":38},{"not_picked":["Uppercut+1","Reckless Charge"],"picked":"Combust","floor":39},{"not_picked":["Pummel+1","Body Slam","Anger"],"picked":"SKIP","floor":39},{"not_picked":["Iron Wave","Feel No Pain+1","Body Slam+1"],"picked":"SKIP","floor":41},{"not_picked":["Perfected Strike","Juggernaut","Pommel Strike"],"picked":"SKIP","floor":41},{"not_picked":["Carnage+1","Headbutt"],"picked":"Shrug It Off+1","floor":45},{"not_picked":["Reckless Charge","Fire Breathing+1"],"picked":"Metallicize+1","floor":45},{"not_picked":["Cleave","Burning Pact+1"],"picked":"Rupture+1","floor":47},{"not_picked":["Combust+1","Headbutt"],"picked":"Evolve+1","floor":47}],"player_experience":126771,"relics_obtained":[{"floor":9,"key":"Toxic Egg 2"},{"floor":11,"key":"Nunchaku"},{"floor":13,"key":"Prayer Wheel"},{"floor":26,"key":"Smiling Mask"},{"floor":43,"key":"Frozen Egg 2"}],"event_choices":[{"damage_healed":0,"gold_gain":0,"player_choice":"Success","damage_taken":12,"relics_obtained":["Old Coin"],"max_hp_gain":0,"max_hp_loss":0,"event_name":"Scrap Ooze","floor":2,"gold_loss":0},{"damage_healed":0,"gold_gain":0,"player_choice":"Grow","damage_taken":0,"max_hp_gain":0,"max_hp_loss":0,"event_name":"Living Wall","floor":4,"gold_loss":0,"cards_upgraded":["Bash"]},{"cards_removed":["Strike_R"],"damage_healed":0,"gold_gain":0,"player_choice":"Card Removal","damage_taken":7,"max_hp_gain":0,"max_hp_loss":0,"event_name":"Golden Wing","floor":5,"gold_loss":0},{"damage_healed":0,"gold_gain":0,"player_choice":"Take Damage","damage_taken":22,"relics_obtained":["Golden Idol"],"max_hp_gain":0,"max_hp_loss":0,"event_name":"Golden Idol","floor":10,"gold_loss":0},{"cards_removed":["Rupture"],"damage_healed":0,"gold_gain":0,"player_choice":"Gave Gold","damage_taken":0,"max_hp_gain":0,"max_hp_loss":0,"event_name":"Beggar","floor":21,"gold_loss":75},{"damage_healed":0,"gold_gain":0,"player_choice":"Obtained Relic","damage_taken":0,"relics_obtained":["Regal Pillow"],"max_hp_gain":0,"max_hp_loss":0,"event_name":"Addict","floor":22,"gold_loss":85},{"damage_healed":0,"gold_gain":0,"player_choice":"Joined the Cult","damage_taken":6,"max_hp_gain":0,"max_hp_loss":0,"event_name":"Nest","floor":24,"gold_loss":0,"cards_obtained":["RitualDagger"]},{"damage_healed":0,"gold_gain":180,"player_choice":"GOLD CARD GOLD ","damage_taken":32,"max_hp_gain":0,"max_hp_loss":0,"event_name":"Knowing Skull","floor":31,"potions_obtained":[],"gold_loss":0,"cards_obtained":["Enlightenment"]},{"damage_healed":0,"gold_gain":333,"player_choice":"Gave Idol","damage_taken":0,"max_hp_gain":0,"max_hp_loss":0,"event_name":"The Moai Head","floor":36,"relics_lost":["Golden Idol"],"gold_loss":0},{"damage_healed":0,"gold_gain":0,"player_choice":"Memory 3","damage_taken":10,"max_hp_gain":0,"max_hp_loss":0,"event_name":"SensoryStone","floor":38,"gold_loss":0},{"damage_healed":0,"gold_gain":0,"player_choice":"Copied","damage_taken":0,"max_hp_gain":0,"max_hp_loss":0,"event_name":"Duplicator","floor":44,"gold_loss":0,"cards_obtained":["Dramatic Entrance"]}],"is_beta":false,"boss_relics":[{"not_picked":["Eternal Feather","Runic Dome"],"picked":"Velvet Choker"},{"not_picked":["Pandora\u0027s Box","White Beast Statue"],"picked":"Sozu"}],"items_purged_floors":[3,25,37,46],"is_endless":false,"potions_floor_spawned":[13,14,20,27,28,33,35,45,47],"killed_by":"Spire Growth","ascension_level":0}