{"gold_per_floor":[15,15,32,107,25,55,66,66,66,66,17,43,43,55,55,129,129,139,139,139,139,149,149,169,169,240,268,285,318,333,38,38,113,113,126,146,24,0,13,43,43,72,95,126,137,10,10,10,10,10],"floor_reached":51,"playtime":5352,"items_purged":[],"score":1339,"play_id":"bb3e9631-22ce-4f26-87f9-e4ca31624336","local_time":"20190128150758","is_ascension_mode":true,"campfire_choices":[{"data":"Neutralize","floor":10,"key":"SMITH"},{"floor":13,"key":"REST"},{"data":"Cloak And Dagger","floor":15,"key":"SMITH"},{"data":"RitualDagger","floor":23,"key":"SMITH"},{"data":"Cloak And Dagger","floor":25,"key":"SMITH"},{"data":"Accuracy","floor":32,"key":"SMITH"},{"floor":41,"key":"REST"},{"data":"Footwork","floor":49,"key":"SMITH"}],"neow_cost":"NO_GOLD","seed_source_timestamp":52853483619300,"circlet_count":0,"master_deck":["AscendersBane","Defend_G","Defend_G","Defend_G","Defend_G","Defend_G","Strike_G+1","Strike_G","Strike_G","Strike_G","Strike_G+1","Survivor+1","Neutralize+1","Backflip","Quick Slash","Backstab+1","Backstab","Blade Dance","Cloak And Dagger+1","Noxious Fumes","Blade Dance","Envenom","Cloak And Dagger+1","RitualDagger+1","Ghostly","Ghostly","Ghostly","Ghostly","Ghostly","Acrobatics","Writhe","Leg Sweep","Finisher+1","Accuracy+1","Tools of the Trade","Leg Sweep","Leg Sweep","Footwork+1","Dash+1","Parasite","PiercingWail"],"relics":["Ring of the Snake","Ice Cream","Ornamental Fan","Dodecahedron","Pear","Sundial","Cursed Key","MutagenicStrength","Bottled Flame","Strawberry","PreservedInsect","Du-Vu Doll","Snecko Eye","Red Mask","Gremlin Horn","Centennial Puzzle","Whetstone","Lantern"],"potions_floor_usage":[12,14,16,16,29,35,40,40,50,50],"damage_taken":[{"damage":0,"enemies":"Cultist","floor":1,"turns":4},{"damage":2,"enemies":"2 Louse","floor":3,"turns":4},{"damage":18,"enemies":"Gremlin Nob","floor":6,"turns":5},{"damage":0,"enemies":"Jaw Worm","floor":7,"turns":2},{"damage":6,"enemies":"Lagavulin","floor":12,"turns":6},{"damage":0,"enemies":"Large Slime","floor":14,"turns":4},{"damage":18,"enemies":"Slime Boss","floor":16,"turns":9},{"damage":2,"enemies":"3 Byrds","floor":18,"turns":5},{"damage":2,"enemies":"Chosen","floor":22,"turns":5},{"damage":0,"enemies":"Centurion and Healer","floor":24,"turns":7},{"damage":3,"enemies":"Gremlin Leader","floor":27,"turns":7},{"damage":0,"enemies":"Sentry and Sphere","floor":28,"turns":3},{"damage":5,"enemies":"Book of Stabbing","floor":29,"turns":7},{"damage":0,"enemies":"3 Cultists","floor":30,"turns":5},{"damage":6,"enemies":"Champ","floor":33,"turns":10},{"damage":14,"enemies":"3 Darklings","floor":35,"turns":6},{"damage":0,"enemies":"Orb Walker","floor":36,"turns":1},{"damage":2,"enemies":"Spire Growth","floor":39,"turns":6},{"damage":10,"enemies":"Giant Head","floor":40,"turns":7},{"damage":9,"enemies":"Reptomancer","floor":42,"turns":6},{"damage":0,"enemies":"Nemesis","floor":44,"turns":9},{"damage":0,"enemies":"4 Shapes","floor":45,"turns":1},{"damage":9,"enemies":"Awakened One","floor":50,"turns":17}],"seed_played":"3618297525209619381","potions_obtained":[{"floor":6,"key":"Fire Potion"},{"floor":12,"key":"Fire Potion"},{"floor":14,"key":"Weak Potion"},{"floor":18,"key":"Weak Potion"},{"floor":24,"key":"Energy Potion"},{"floor":28,"key":"GamblersBrew"},{"floor":35,"key":"FearPotion"},{"floor":42,"key":"Swift Potion"}],"is_trial":false,"path_per_floor":["M","T","M","?","$","E","M","?","T","R","$","E","R","M","R","B",null,"M","?","?","?","M","R","M","R","T","E","M","E","M","$","R","B",null,"M","M","$","?","M","E","R","E","T","E","M","$","?","?","R","B",null],"character_chosen":"THE_SILENT","items_purchased":["Backstab","Explosive Potion","Cloak And Dagger","Du-Vu Doll","Leg Sweep","Dexterity Potion","Regen Potion","Energy Potion"],"campfire_rested":2,"item_purchase_floors":[5,5,11,31,37,37,46,46],"current_hp_per_floor":[63,63,61,50,50,32,32,18,28,28,28,22,46,46,46,28,67,65,65,59,40,38,38,38,38,38,42,42,37,37,37,37,31,43,29,29,29,29,27,17,31,22,22,22,22,22,41,41,41,41],"gold":10,"neow_bonus":"ONE_RARE_RELIC","is_prod":false,"is_daily":false,"chose_seed":false,"campfire_upgraded":6,"win_rate":0,"timestamp":1548684478,"path_taken":["M","?","M","?","$","E","M","?","T","R","$","E","R","M","R","BOSS","M","?","?","?","M","R","M","R","T","E","?","E","M","$","R","BOSS","M","M","$","?","M","E","R","E","T","E","M","$","?","?","R","BOSS"],"build_version":"2019-01-23","purchased_purges":0,"victory":true,"max_hp_per_floor":[70,70,70,70,70,70,70,70,80,80,80,80,80,80,80,80,80,80,80,80,40,40,40,40,40,40,47,47,47,47,47,47,47,47,47,47,47,47,47,47,47,47,47,47,47,47,41,41,41,41],"card_choices":[{"not_picked":["Deflect","PiercingWail"],"picked":"Backflip","floor":1},{"not_picked":["Eviscerate","Poisoned Stab"],"picked":"Quick Slash","floor":3},{"not_picked":["Outmaneuver","Caltrops"],"picked":"Backstab","floor":6},{"not_picked":["Slice","Backstab"],"picked":"Blade Dance","floor":7},{"not_picked":["Blur","Backstab"],"picked":"Noxious Fumes","floor":12},{"not_picked":["Slice","Deflect"],"picked":"Blade Dance","floor":14},{"not_picked":["Venomology","Burst"],"picked":"Envenom","floor":16},{"not_picked":["Dagger Spray","Bane"],"picked":"Cloak And Dagger","floor":18},{"not_picked":["Bane+1","Heel Hook+1","Dagger Spray"],"picked":"SKIP","floor":22},{"not_picked":["Bane+1","Heel Hook+1","Dagger Spray"],"picked":"SKIP","floor":22},{"not_picked":["Slice","Dagger Spray"],"picked":"Acrobatics","floor":24},{"not_picked":["Caltrops","Tactician"],"picked":"Leg Sweep","floor":27},{"not_picked":["Acrobatics","Noxious Fumes"],"picked":"Finisher+1","floor":28},{"not_picked":["Envenom","Masterful Stab"],"picked":"Accuracy","floor":29},{"not_picked":["Predator","Masterful Stab","Deflect"],"picked":"SKIP","floor":30},{"not_picked":["Night Terror","Envenom"],"picked":"Tools of the Trade","floor":33},{"not_picked":["Dagger Spray+1","Sucker Punch+1"],"picked":"Leg Sweep","floor":35},{"not_picked":["Slice","Sucker Punch","Crippling Poison"],"picked":"SKIP","floor":36},{"not_picked":["Distraction","Prepared"],"picked":"Footwork","floor":39},{"not_picked":["Sucker Punch","Blur"],"picked":"Dash+1","floor":40},{"not_picked":["Poisoned Stab","Quick Slash+1","Flying Knee"],"picked":"SKIP","floor":42},{"not_picked":["Predator","Dagger Throw","Backstab"],"picked":"SKIP","floor":44},{"not_picked":["Deflect","Predator"],"picked":"PiercingWail","floor":45}],"player_experience":159942,"relics_obtained":[{"floor":2,"key":"Ornamental Fan"},{"floor":6,"key":"Dodecahedron"},{"floor":9,"key":"Pear"},{"floor":12,"key":"Sundial"},{"floor":26,"key":"Bottled Flame"},{"floor":27,"key":"Strawberry"},{"floor":29,"key":"PreservedInsect"},{"floor":40,"key":"Gremlin Horn"},{"floor":42,"key":"Centennial Puzzle"},{"floor":43,"key":"Whetstone"},{"floor":44,"key":"Lantern"}],"event_choices":[{"damage_healed":0,"gold_gain":75,"player_choice":"Gather Gold","damage_taken":11,"max_hp_gain":0,"max_hp_loss":0,"event_name":"World of Goop","floor":4,"gold_loss":0},{"damage_healed":0,"gold_gain":0,"player_choice":"Entered Light","damage_taken":14,"max_hp_gain":0,"max_hp_loss":0,"event_name":"Shining Light","floor":8,"gold_loss":0,"cards_upgraded":["Survivor","Strike_G"]},{"damage_healed":0,"gold_gain":0,"player_choice":"Inject Mutagens","damage_taken":0,"relics_obtained":["MutagenicStrength"],"max_hp_gain":0,"max_hp_loss":0,"event_name":"Drug Dealer","floor":19,"gold_loss":0},{"damage_healed":0,"gold_gain":0,"player_choice":"Joined the Cult","damage_taken":6,"max_hp_gain":0,"max_hp_loss":0,"event_name":"Nest","floor":20,"gold_loss":0,"cards_obtained":["RitualDagger"]},{"damage_healed":0,"gold_gain":0,"player_choice":"Became a Ghost","damage_taken":0,"max_hp_gain":0,"max_hp_loss":40,"event_name":"Ghosts","floor":21,"gold_loss":0,"cards_obtained":["Ghostly","Ghostly","Ghostly","Ghostly","Ghostly"]},{"damage_healed":0,"gold_gain":0,"player_choice":"Paid","damage_taken":0,"relics_obtained":["Red Mask"],"max_hp_gain":0,"max_hp_loss":0,"event_name":"Tomb of Lord Red Mask","floor":38,"gold_loss":24},{"damage_healed":41,"gold_gain":0,"player_choice":"Heal","damage_taken":0,"max_hp_gain":0,"max_hp_loss":6,"event_name":"The Moai Head","floor":47,"gold_loss":0},{"damage_healed":0,"gold_gain":0,"player_choice":"Memory 1","damage_taken":0,"max_hp_gain":0,"max_hp_loss":0,"event_name":"SensoryStone","floor":48,"gold_loss":0}],"is_beta":false,"boss_relics":[{"not_picked":["Astrolabe","Busted Crown"],"picked":"Cursed Key"},{"not_picked":["White Beast Statue","Philosopher\u0027s Stone"],"picked":"Snecko Eye"}],"items_purged_floors":[],"is_endless":false,"potions_floor_spawned":[6,7,12,14,18,24,28,35,42],"ascension_level":13}