{"gold_per_floor":[109,127,127,137,312,312,337,337,390,390,404,431,209,243,243,243],"floor_reached":16,"playtime":583,"items_purged":["Strike_R"],"score":130,"play_id":"cf21ba10-3919-4720-8da4-e216026feecb","local_time":"20190108095919","is_ascension_mode":true,"campfire_choices":[{"data":"Bash","floor":6,"key":"SMITH"},{"floor":8,"key":"REST"},{"data":"ReplayTheSpireMod:Muscle Training","floor":10,"key":"SMITH"},{"data":"Barricade","floor":15,"key":"SMITH"}],"neow_cost":"NONE","seed_source_timestamp":854745298121535,"circlet_count":0,"master_deck":["Strike_R","Strike_R","Strike_R","Strike_R","Defend_R","Defend_R","Defend_R+1","Defend_R","Bash+1","Twin Strike","Life Link","Run Through","Headbutt","Doubt","ReplayTheSpireMod:Muscle Training+1","Iron Wave","Barricade+1","Replay:Undeath\u0027s Touch"],"relics":["Burning Blood","Gremlin Food","Pet Ghost","Red Skull","Oddly Smooth Stone","ReplayTheSpireMod:Shallot"],"potions_floor_usage":[12,16],"damage_taken":[{"damage":7,"enemies":"2 Louse","floor":1,"turns":3},{"damage":12,"enemies":"Jaw Worm","floor":2,"turns":3},{"damage":6,"enemies":"Cultist","floor":4,"turns":3},{"damage":27,"enemies":"Gremlin Nob","floor":7,"turns":4},{"damage":18,"enemies":"Exordium Wildlife","floor":11,"turns":4},{"damage":20,"enemies":"3 Sentries","floor":12,"turns":7},{"damage":26,"enemies":"Gremlin Nob","floor":14,"turns":4},{"damage":30,"enemies":"The Guardian","floor":16,"turns":6}],"seed_played":"-672635244872183","potions_obtained":[{"floor":2,"key":"Ancient Potion"},{"floor":7,"key":"AttackPotion"},{"floor":14,"key":"GamblersBrew"}],"is_trial":false,"path_per_floor":["M","M","?","M","?","R","E","R","T","R","M","E","$","E","R","B"],"character_chosen":"IRONCLAD","items_purchased":["Oddly Smooth Stone"],"campfire_rested":1,"item_purchase_floors":[13],"current_hp_per_floor":[79,73,73,73,73,73,52,76,76,76,64,50,50,30,30,0],"gold":243,"neow_bonus":"THREE_CARDS","is_prod":false,"is_daily":false,"chose_seed":false,"campfire_upgraded":3,"win_rate":0,"timestamp":1546912759,"path_taken":["M","M","?","M","?","R","E","R","T","R","M","E","$","E","R","BOSS"],"build_version":"2019-01-03v4","purchased_purges":1,"victory":false,"max_hp_per_floor":[80,80,80,80,80,80,80,80,80,80,80,80,80,80,80,80],"card_choices":[{"not_picked":["Headbutt","Warcry"],"picked":"Twin Strike","floor":0},{"not_picked":["Anger","Searing Blow"],"picked":"Life Link","floor":1},{"not_picked":["Cleave","Warcry"],"picked":"Run Through","floor":2},{"not_picked":["Body Slam","Armaments"],"picked":"Headbutt","floor":4},{"not_picked":["Flex","Warcry"],"picked":"ReplayTheSpireMod:Muscle Training","floor":7},{"not_picked":["Twin Strike","Cleave"],"picked":"Iron Wave","floor":11},{"not_picked":["ReplayTheSpireMod:Stacked","Massacre"],"picked":"Barricade","floor":12},{"not_picked":["Flex","Headbutt"],"picked":"Replay:Undeath\u0027s Touch","floor":14}],"player_experience":95385,"relics_obtained":[{"floor":7,"key":"Gremlin Food"},{"floor":9,"key":"Pet Ghost"},{"floor":12,"key":"Red Skull"},{"floor":14,"key":"ReplayTheSpireMod:Shallot"}],"event_choices":[{"damage_healed":0,"gold_gain":175,"player_choice":"AGREE","damage_taken":0,"max_hp_gain":0,"max_hp_loss":0,"event_name":"Liars Game","floor":5,"gold_loss":0,"cards_obtained":["Doubt"]}],"is_beta":false,"boss_relics":[],"items_purged_floors":[13],"is_endless":false,"potions_floor_spawned":[2,7,14],"killed_by":"The Guardian","ascension_level":2}