{"gold_per_floor":[112,129,143,163,178,211,211,223,248,248,279,279,293,319,319,319],"floor_reached":16,"playtime":1448,"items_purged":[],"score":248,"play_id":"0ba09489-2713-475c-93f4-120ff79aaa3c","local_time":"20181227104914","is_ascension_mode":true,"campfire_choices":[{"data":"Neutralize","floor":7,"key":"SMITH"},{"floor":10,"key":"REST"},{"floor":12,"key":"REST"},{"floor":15,"key":"REST"}],"neow_cost":"NONE","seed_source_timestamp":865207871201943,"circlet_count":0,"master_deck":["AscendersBane","Defend_G","Defend_G","Defend_G","Defend_G","Defend_G","Strike_G","Strike_G","Strike_G","Strike_G","Strike_G","Survivor","Neutralize+1","Predator","Well Laid Plans","Crippling Poison","Footwork","Deadly Poison","Unload","Well Laid Plans","Deadly Poison"],"special_seed":0,"relics":["Ring of the Snake","Bottled Flame","Bag of Preparation","Ninja Scroll","Juzu Bracelet"],"potions_floor_usage":[6,6,16,16],"damage_taken":[{"damage":0.0,"enemies":"Jaw Worm","floor":1.0,"turns":5.0},{"damage":0.0,"enemies":"2 Louse","floor":2.0,"turns":2.0},{"damage":4.0,"enemies":"Small Slimes","floor":3.0,"turns":4.0},{"damage":10.0,"enemies":"Exordium Thugs","floor":4.0,"turns":6.0},{"damage":9.0,"enemies":"Blue Slaver","floor":5.0,"turns":7.0},{"damage":26,"enemies":"Gremlin Nob","floor":6,"turns":5},{"damage":4,"enemies":"Large Slime","floor":8,"turns":6},{"damage":21,"enemies":"Lagavulin","floor":11,"turns":9},{"damage":0,"enemies":"3 Louse","floor":13,"turns":3},{"damage":23,"enemies":"3 Sentries","floor":14,"turns":9},{"damage":33,"enemies":"Hexaghost","floor":16,"turns":11}],"seed_played":"-8386195775064312842","potions_obtained":[{"floor":3.0,"key":"GhostInAJar"},{"floor":4.0,"key":"SteroidPotion"},{"floor":6,"key":"SteroidPotion"},{"floor":13,"key":"EssenceOfSteel"}],"is_trial":false,"path_per_floor":["M","M","M","M","M","E","R","M","T","R","E","R","M","E","R","B"],"character_chosen":"THE_SILENT","items_purchased":[],"campfire_rested":3,"item_purchase_floors":[],"current_hp_per_floor":[65,65,61,51,42,16,16,12,12,33,12,33,33,10,31,0],"gold":319,"neow_bonus":"TEN_PERCENT_HP_BONUS","is_prod":false,"is_daily":false,"chose_seed":false,"campfire_upgraded":1,"win_rate":0,"timestamp":1545936554,"path_taken":["M","M","M","M","M","E","R","M","T","R","E","R","M","E","R","BOSS"],"build_version":"2018-12-20","purchased_purges":0,"victory":false,"max_hp_per_floor":[72,72,72,72,72,72,72,72,72,72,72,72,72,72,72,72],"card_choices":[{"not_picked":["Bane","Prepared"],"picked":"Predator","floor":1.0},{"not_picked":["Deadly Poison","Sucker Punch"],"picked":"Well Laid Plans","floor":2.0},{"not_picked":["Well Laid Plans","Quick Slash"],"picked":"Crippling Poison","floor":3.0},{"not_picked":["Storm of Steel","Acrobatics"],"picked":"Footwork","floor":4.0},{"not_picked":["Sucker Punch","Prepared"],"picked":"Deadly Poison","floor":5.0},{"not_picked":["Backflip","Footwork"],"picked":"Unload","floor":6},{"not_picked":["Acrobatics","Distraction"],"picked":"Well Laid Plans","floor":8},{"not_picked":["All Out Attack","Predator","Blade Dance"],"picked":"SKIP","floor":11},{"not_picked":["Acrobatics","Tools of the Trade","Dagger Throw"],"picked":"SKIP","floor":13},{"not_picked":["Caltrops","Phantasmal Killer"],"picked":"Deadly Poison","floor":14}],"player_experience":223637,"relics_obtained":[{"floor":6,"key":"Bottled Flame"},{"floor":9,"key":"Bag of Preparation"},{"floor":11,"key":"Ninja Scroll"},{"floor":14,"key":"Juzu Bracelet"}],"event_choices":[],"is_beta":false,"boss_relics":[],"items_purged_floors":[],"is_endless":false,"potions_floor_spawned":[3,4,6,13],"killed_by":"Hexaghost","ascension_level":20}