{"gold_per_floor":[119,131,131,156,179,179,215,229,529,567,567,235,235,71,71,71],"floor_reached":16,"playtime":1060,"items_purged":["Strike_G"],"score":248,"play_id":"8ebeeb14-1911-43a5-9325-552bc36da4ac","local_time":"20181102163114","is_ascension_mode":true,"campfire_choices":[{"data":"Bane","floor":6,"key":"SMITH"},{"floor":13,"key":"REST"},{"floor":15,"key":"REST"}],"neow_cost":"NONE","seed_source_timestamp":431607847839030,"circlet_count":0,"master_deck":["AscendersBane","Defend_G","Defend_G","Defend_G","Defend_G","Defend_G","Strike_G","Strike_G","Strike_G","Strike_G","Survivor","Neutralize","Leg Sweep","Bane+1","Poisoned Stab","Deadly Poison","Corpse Explosion","PiercingWail","Heel Hook","Blade Dance","Trip","Choke","Accuracy","Dodge and Roll"],"special_seed":0,"relics":["Sozu","Golden Idol","Ornamental Fan","Old Coin","Kunai","Omamori"],"potions_floor_usage":[],"damage_taken":[{"damage":3,"enemies":"Jaw Worm","floor":1,"turns":5},{"damage":0,"enemies":"2 Louse","floor":2,"turns":4},{"damage":0,"enemies":"Cultist","floor":4,"turns":5},{"damage":0,"enemies":"2 Fungi Beasts","floor":5,"turns":3},{"damage":24,"enemies":"3 Sentries","floor":7,"turns":9},{"damage":3,"enemies":"Blue Slaver","floor":8,"turns":3},{"damage":11,"enemies":"Gremlin Nob","floor":10,"turns":4},{"damage":47,"enemies":"Hexaghost","floor":16,"turns":9}],"seed_played":"-3764937719670556363","potions_obtained":[],"is_trial":false,"path_per_floor":["M","M","?","M","M","R","E","M","T","E","?","$","R","$","R","B"],"character_chosen":"THE_SILENT","items_purchased":["Blade Dance","Trip","Omamori","Choke","Accuracy","Dodge and Roll"],"campfire_rested":2,"item_purchase_floors":[12,12,12,12,14,14],"current_hp_per_floor":[60,60,43,43,43,43,19,16,16,5,5,5,26,26,47,0],"gold":71,"neow_bonus":"BOSS_RELIC","is_prod":false,"is_daily":false,"chose_seed":false,"campfire_upgraded":1,"win_rate":0,"timestamp":1541201474,"path_taken":["M","M","?","M","M","R","E","M","T","E","?","$","R","?","R","BOSS"],"build_version":"2018-11-01","purchased_purges":1,"victory":false,"max_hp_per_floor":[70,70,70,70,70,70,70,70,70,70,70,70,70,70,70,70],"card_choices":[{"not_picked":["Prepared","Underhanded Strike"],"picked":"Leg Sweep","floor":1},{"not_picked":["Reflex","Eviscerate"],"picked":"Bane","floor":2},{"not_picked":["Dagger Throw","Dagger Spray"],"picked":"Poisoned Stab","floor":4},{"not_picked":["Skewer","Sucker Punch"],"picked":"Deadly Poison","floor":5},{"not_picked":["Riddle With Holes","Concentrate"],"picked":"Corpse Explosion","floor":7},{"not_picked":["Deflect","Prepared"],"picked":"PiercingWail","floor":8},{"not_picked":["Sucker Punch","Concentrate"],"picked":"Heel Hook","floor":10}],"player_experience":94983,"relics_obtained":[{"floor":7,"key":"Ornamental Fan"},{"floor":9,"key":"Old Coin"},{"floor":10,"key":"Kunai"}],"event_choices":[{"damage_healed":0,"gold_gain":0,"player_choice":"Take Damage","damage_taken":17,"relics_obtained":["Golden Idol"],"max_hp_gain":0,"max_hp_loss":0,"event_name":"Golden Idol","floor":3,"gold_loss":0},{"damage_healed":0,"gold_gain":0,"player_choice":"Fled","damage_taken":0,"max_hp_gain":0,"max_hp_loss":0,"event_name":"Scrap Ooze","floor":11,"gold_loss":0}],"is_beta":false,"boss_relics":[],"items_purged_floors":[14],"is_endless":false,"potions_floor_spawned":[2,4,8],"killed_by":"Hexaghost","ascension_level":11}