{"gold_per_floor":[110,124,124,49,60,95,125,144,169,69,79,96,96,110,110,110],"floor_reached":16,"playtime":440,"items_purged":["Strike_B","Defend_B"],"score":104,"play_id":"d69cf909-a0b4-448f-9b8f-f1c24fb203b1","local_time":"20181202174545","is_ascension_mode":false,"campfire_choices":[{"floor":15,"key":"REST"}],"neow_cost":"NONE","seed_source_timestamp":326538523276330,"circlet_count":0,"master_deck":["Strike_B+1","Strike_B","Strike_B+1","Defend_B","Defend_B","Defend_B","Zap","Dualcast","Purity","Decay"],"special_seed":0,"relics":["Cracked Core","Pear","Tiny Chest","Whetstone"],"potions_floor_usage":[6,16,16],"damage_taken":[{"damage":0,"enemies":"2 Louse","floor":1,"turns":1},{"damage":2,"enemies":"Cultist","floor":2,"turns":5},{"damage":0,"enemies":"Small Slimes","floor":5,"turns":2},{"damage":14,"enemies":"Gremlin Nob","floor":6,"turns":3},{"damage":4,"enemies":"Blue Slaver","floor":8,"turns":4},{"damage":5,"enemies":"Looter","floor":11,"turns":4},{"damage":15,"enemies":"Exordium Thugs","floor":12,"turns":4},{"damage":9,"enemies":"Blue Slaver","floor":14,"turns":4},{"damage":63,"enemies":"Hexaghost","floor":16,"turns":9}],"seed_played":"-617409095040428274","potions_obtained":[{"floor":2,"key":"Regen Potion"},{"floor":3,"key":"Ancient Potion"},{"floor":3,"key":"SkillPotion"},{"floor":5,"key":"Dexterity Potion"},{"floor":8,"key":"AttackPotion"}],"is_trial":false,"path_per_floor":["M","M","?","$","M","E","T","M","T","$","M","M","?","M","R","B"],"character_chosen":"DEFECT","items_purchased":[],"campfire_rested":1,"item_purchase_floors":[],"current_hp_per_floor":[75,73,73,73,73,69,69,65,65,65,60,45,45,36,61,0],"gold":110,"neow_bonus":"RANDOM_COLORLESS","is_prod":false,"is_daily":false,"chose_seed":false,"campfire_upgraded":0,"win_rate":0,"timestamp":1543772745,"path_taken":["M","M","?","$","?","E","?","M","T","$","M","M","?","M","R","BOSS"],"build_version":"2018-11-15","purchased_purges":2,"victory":false,"max_hp_per_floor":[75,75,75,75,75,85,85,85,85,85,85,85,85,85,85,85],"card_choices":[{"not_picked":["Undo","Capacitor","Compile Driver"],"picked":"SKIP","floor":1},{"not_picked":["Force Field","Streamline","Go for the Eyes"],"picked":"SKIP","floor":2},{"not_picked":["Skim","Heatsinks","Leap"],"picked":"SKIP","floor":5},{"not_picked":["Coolheaded","Capacitor","Sunder"],"picked":"SKIP","floor":6},{"not_picked":["Hologram","Coolheaded","Steam"],"picked":"SKIP","floor":8},{"not_picked":["Compile Driver","Hologram","Barrage"],"picked":"SKIP","floor":11},{"not_picked":["Hello World","Chaos","Tempest"],"picked":"SKIP","floor":12},{"not_picked":["Chill","Conserve Battery","Steam"],"picked":"SKIP","floor":14}],"player_experience":845686,"relics_obtained":[{"floor":6,"key":"Pear"},{"floor":7,"key":"Tiny Chest"},{"floor":9,"key":"Whetstone"}],"event_choices":[{"damage_healed":0,"gold_gain":0,"player_choice":"Got Potions","damage_taken":0,"max_hp_gain":0,"max_hp_loss":0,"event_name":"Lab","floor":3,"gold_loss":0},{"damage_healed":0,"gold_gain":0,"player_choice":"Cursed","damage_taken":0,"max_hp_gain":0,"max_hp_loss":0,"event_name":"Wheel of Change","floor":13,"gold_loss":0,"cards_obtained":["Decay"]}],"is_beta":false,"boss_relics":[],"items_purged_floors":[4,10],"is_endless":false,"potions_floor_spawned":[2,5,8,11],"killed_by":"Hexaghost","ascension_level":0}