{"gold_per_floor":[117,41,60,60,235,235,271,271,271,271,306,324,324,324,324,445,445,355,355,23,23,23,23],"floor_reached":23,"playtime":778,"items_purged":["Strike_G"],"score":255,"play_id":"0b99e954-7d43-41a2-85da-45e8ed2b3bfc","local_time":"20181220040422","is_ascension_mode":true,"campfire_choices":[{"data":"Noxious Fumes","floor":6,"key":"SMITH"},{"data":"Neutralize","floor":8,"key":"SMITH"},{"floor":13,"key":"REST"},{"floor":15,"key":"REST"}],"neow_cost":"NONE","seed_source_timestamp":486636293658567,"circlet_count":0,"master_deck":["Defend_G","Defend_G","Defend_G","Defend_G","Defend_G","Strike_G","Strike_G","Strike_G","Strike_G","Survivor","Neutralize+1","Dodge and Roll","Well Laid Plans","Noxious Fumes+1","Doubt","Backflip","Leg Sweep","Dagger Spray","Writhe","Panacea","Grand Finale","Flying Knee","Escape Plan","Quick Slash"],"relics":["Ring of the Snake","NeowsBlessing","Golden Idol","Potion Belt","Pantograph","Ice Cream","Ectoplasm","Matryoshka"],"potions_floor_usage":[],"damage_taken":[{"damage":0,"enemies":"2 Louse","floor":1,"turns":1},{"damage":0,"enemies":"Jaw Worm","floor":3,"turns":1},{"damage":0,"enemies":"Gremlin Nob","floor":7,"turns":1},{"damage":24,"enemies":"3 Sentries","floor":11,"turns":7},{"damage":2,"enemies":"Cultist","floor":12,"turns":4},{"damage":55,"enemies":"Hexaghost","floor":16,"turns":13},{"damage":29,"enemies":"2 Thieves","floor":18,"turns":5},{"damage":27,"enemies":"Chosen","floor":19,"turns":8},{"damage":13,"enemies":"Snake Plant","floor":21,"turns":6},{"damage":0,"enemies":"Book of Stabbing","floor":23,"turns":1}],"seed_played":"-5057483481182409564","potions_obtained":[{"floor":10,"key":"SkillPotion"},{"floor":10,"key":"LiquidBronze"},{"floor":10,"key":"Energy Potion"},{"floor":11,"key":"SkillPotion"},{"floor":12,"key":"Weak Potion"}],"is_trial":false,"path_per_floor":["M","$","M","?","?","R","E","R","T","?","E","M","R","?","R","B",null,"M","M","$","M","$","E"],"character_chosen":"THE_SILENT","items_purchased":["Well Laid Plans","Matryoshka"],"campfire_rested":2,"item_purchase_floors":[2,20],"current_hp_per_floor":[70,70,70,53,53,53,53,53,53,53,29,27,48,48,69,15,70,41,14,14,1,1,1],"gold":23,"neow_bonus":"THREE_ENEMY_KILL","is_prod":false,"is_daily":false,"chose_seed":false,"campfire_upgraded":2,"win_rate":0,"timestamp":1545249862,"path_taken":["M","$","M","?","?","R","E","R","T","?","E","?","R","?","R","BOSS","M","M","$","M","$","E"],"build_version":"2018-12-13","purchased_purges":1,"victory":false,"max_hp_per_floor":[70,70,70,70,70,70,70,70,70,70,70,70,70,70,70,70,70,70,70,70,70,70,70],"card_choices":[{"not_picked":["Riddle With Holes","Cloak And Dagger"],"picked":"Dodge and Roll","floor":1},{"not_picked":["Poisoned Stab","Backstab"],"picked":"Noxious Fumes","floor":3},{"not_picked":["Dodge and Roll","Well Laid Plans"],"picked":"Backflip","floor":7},{"not_picked":["Masterful Stab","Slice"],"picked":"Leg Sweep","floor":11},{"not_picked":["Noxious Fumes","Escape Plan"],"picked":"Dagger Spray","floor":12},{"not_picked":["Glass Knife","Bullet Time"],"picked":"Grand Finale","floor":16},{"not_picked":["Finisher","Deflect"],"picked":"Flying Knee","floor":18},{"not_picked":["Choke","Cloak And Dagger"],"picked":"Escape Plan","floor":19},{"not_picked":["Outmaneuver","Acrobatics"],"picked":"Quick Slash","floor":21}],"player_experience":72744,"relics_obtained":[{"floor":7,"key":"Potion Belt"},{"floor":9,"key":"Pantograph"},{"floor":11,"key":"Ice Cream"}],"event_choices":[{"damage_healed":0,"gold_gain":0,"player_choice":"Take Damage","damage_taken":17,"relics_obtained":["Golden Idol"],"max_hp_gain":0,"max_hp_loss":0,"event_name":"Golden Idol","floor":4,"gold_loss":0},{"damage_healed":0,"gold_gain":175,"player_choice":"AGREE","damage_taken":0,"max_hp_gain":0,"max_hp_loss":0,"event_name":"Liars Game","floor":5,"gold_loss":0,"cards_obtained":["Doubt"]},{"damage_healed":0,"gold_gain":0,"player_choice":"Got Potions","damage_taken":0,"max_hp_gain":0,"max_hp_loss":0,"event_name":"Lab","floor":10,"gold_loss":0},{"damage_healed":0,"gold_gain":0,"player_choice":"2 cards matched","damage_taken":0,"max_hp_gain":0,"max_hp_loss":0,"event_name":"Match and Keep!","floor":14,"gold_loss":0,"cards_obtained":["Writhe","Panacea"]}],"is_beta":false,"boss_relics":[{"not_picked":["Ring of the Serpent","WristBlade"],"picked":"Ectoplasm"}],"items_purged_floors":[20],"is_endless":false,"potions_floor_spawned":[11,12,16,19],"killed_by":"Book of Stabbing","ascension_level":3}