{"gold_per_floor":[112,122,197,211,86,86,116,116,141,141,169,169,42,69,69,143,143,120,120,120,120,137,137,20,49,49,64,64,64,119,119,119,191,191,206,206,206,217,217,245,245,260,284,284,284,206,206,206],"floor_reached":48,"playtime":4521,"items_purged":["Strike_R"],"score":1071,"play_id":"ca1ad158-3c6c-43ab-a3c3-fa9ef5581532","local_time":"20190210001804","is_ascension_mode":true,"campfire_choices":[{"data":"Uppercut","floor":6,"key":"SMITH"},{"data":"Body Slam","floor":8,"key":"SMITH"},{"data":"1","floor":15,"key":"LIFT"},{"data":"2","floor":23,"key":"LIFT"},{"data":"3","floor":29,"key":"LIFT"},{"floor":32,"key":"REST"},{"floor":41,"key":"REST"},{"floor":47,"key":"REST"}],"neow_cost":"NONE","seed_source_timestamp":190629725367264,"circlet_count":0,"master_deck":["AscendersBane","Strike_R","Strike_R","Defend_R","Defend_R","Defend_R","Defend_R","Bash+1","Anger","Body Slam+1","Power Through","Uppercut+1","Evolve","True Grit+1","Spot Weakness","Metallicize","Whirlwind","Warcry+1","Feel No Pain","Shrug It Off","Offering","Flame Barrier","Whirlwind","Sword Boomerang","Offering","Secret Weapon","Brutality+1","Shrug It Off","Limit Break","Shockwave+1"],"relics":["Burning Blood","Juzu Bracelet","Ancient Tea Set","Girya","Dream Catcher","Fusion Hammer","MutagenicStrength","Boot","Matryoshka","Tiny Chest","Enchiridion","Orrery","Orichalcum","Question Card"],"potions_floor_usage":[11,11,11,18,30,30,35,42],"damage_taken":[{"damage":6,"enemies":"Small Slimes","floor":1,"turns":3},{"damage":6,"enemies":"Jaw Worm","floor":2,"turns":4},{"damage":1,"enemies":"Cultist","floor":4,"turns":3},{"damage":34,"enemies":"Lagavulin","floor":7,"turns":8},{"damage":14,"enemies":"Gremlin Nob","floor":11,"turns":4},{"damage":35,"enemies":"The Guardian","floor":16,"turns":16},{"damage":0,"enemies":"2 Thieves","floor":18,"turns":4},{"damage":0,"enemies":"3 Byrds","floor":22,"turns":4},{"damage":0,"enemies":"Slavers","floor":25,"turns":1},{"damage":17,"enemies":"Centurion and Healer","floor":27,"turns":7},{"damage":11,"enemies":"Gremlin Leader","floor":30,"turns":4},{"damage":59,"enemies":"Collector","floor":33,"turns":8},{"damage":6,"enemies":"3 Darklings","floor":35,"turns":2},{"damage":16,"enemies":"3 Shapes","floor":38,"turns":7},{"damage":32,"enemies":"Reptomancer","floor":40,"turns":4},{"damage":20,"enemies":"Maw","floor":42,"turns":5},{"damage":42,"enemies":"Nemesis","floor":48,"turns":3}],"seed_played":"7291161254563814536","potions_obtained":[{"floor":7,"key":"EntropicBrew"},{"floor":11,"key":"Strength Potion"},{"floor":16,"key":"AttackPotion"},{"floor":18,"key":"Explosive Potion"},{"floor":28,"key":"LiquidBronze"},{"floor":30,"key":"Ancient Potion"},{"floor":33,"key":"Fire Potion"},{"floor":40,"key":"Block Potion"}],"is_trial":false,"path_per_floor":["M","M","?","M","$","R","E","R","T","?","E","?","$","T","R","B",null,"M","?","?","?","M","R","$","E","T","M","?","R","E","?","R","B",null,"M","?","?","M","?","E","R","M","T","?","?","$","R","E"],"character_chosen":"IRONCLAD","items_purchased":["Uppercut","Evolve","Spot Weakness","Metallicize","Feel No Pain","Limit Break"],"campfire_rested":3,"item_purchase_floors":[5,5,13,13,24,46],"current_hp_per_floor":[68,68,57,62,62,62,34,34,34,34,38,38,38,38,38,9,59,65,65,65,65,71,71,71,75,75,64,64,64,59,38,60,7,58,58,58,48,38,38,12,34,20,20,20,20,20,42,0],"gold":206,"neow_bonus":"UPGRADE_CARD","is_prod":false,"is_daily":false,"chose_seed":false,"campfire_upgraded":2,"win_rate":0,"timestamp":1549718284,"path_taken":["M","M","?","M","$","R","E","R","T","?","E","?","$","?","R","BOSS","M","?","?","?","M","R","?","E","T","M","?","R","E","?","R","BOSS","M","?","?","M","?","E","R","M","T","?","?","$","R","E"],"build_version":"2019-01-23","purchased_purges":1,"victory":false,"max_hp_per_floor":[75,75,75,75,75,75,75,75,75,75,75,75,75,75,75,75,75,75,75,75,75,75,75,75,75,75,75,75,75,75,75,75,75,75,75,75,75,75,75,75,75,75,75,75,75,75,75,75],"card_choices":[{"not_picked":["True Grit","Dropkick"],"picked":"Anger","floor":1},{"not_picked":["Flex","Intimidate"],"picked":"Body Slam","floor":2},{"not_picked":["Shrug It Off","Carnage"],"picked":"Power Through","floor":4},{"not_picked":["Carnage","Havoc"],"picked":"True Grit","floor":7},{"not_picked":["Pommel Strike","Carnage","Thunderclap"],"picked":"SKIP","floor":11},{"not_picked":["Iron Wave","Rage","Searing Blow+1"],"picked":"SKIP","floor":18},{"not_picked":["Armaments","Clothesline"],"picked":"Warcry+1","floor":22},{"not_picked":["Fire Breathing","Reckless Charge","Bludgeon"],"picked":"SKIP","floor":25},{"not_picked":["Searing Blow","Wild Strike","Cleave"],"picked":"SKIP","floor":27},{"not_picked":["Perfected Strike","Wild Strike","Sever Soul"],"picked":"SKIP","floor":30},{"not_picked":["Havoc+1","Clothesline+1"],"picked":"Shrug It Off","floor":32},{"not_picked":["Berserk","Limit Break"],"picked":"Offering","floor":33},{"not_picked":["Bloodletting+1","Entrench"],"picked":"Flame Barrier","floor":34},{"not_picked":["Shrug It Off","Sword Boomerang"],"picked":"Whirlwind","floor":34},{"not_picked":["Body Slam","Clash+1"],"picked":"Sword Boomerang","floor":35},{"not_picked":["Forethought","Dramatic Entrance"],"picked":"Secret Weapon","floor":37},{"not_picked":["Twin Strike","Headbutt","Uppercut"],"picked":"SKIP","floor":38},{"not_picked":["Body Slam","Wild Strike","Entrench"],"picked":"SKIP","floor":40},{"not_picked":["Body Slam","Thunderclap+1"],"picked":"Brutality","floor":41},{"not_picked":["Clash","Headbutt"],"picked":"Shrug It Off","floor":42},{"not_picked":["Hemokinesis","Iron Wave","Disarm"],"picked":"Shockwave+1","floor":47}],"player_experience":733996,"relics_obtained":[{"floor":7,"key":"Juzu Bracelet"},{"floor":9,"key":"Ancient Tea Set"},{"floor":11,"key":"Girya"},{"floor":14,"key":"Dream Catcher"},{"floor":25,"key":"Boot"},{"floor":26,"key":"Matryoshka"},{"floor":30,"key":"Tiny Chest"},{"floor":31,"key":"Enchiridion"},{"floor":40,"key":"Orichalcum"},{"floor":43,"key":"Question Card"}],"event_choices":[{"damage_healed":0,"gold_gain":75,"player_choice":"Gather Gold","damage_taken":11,"max_hp_gain":0,"max_hp_loss":0,"event_name":"World of Goop","floor":3,"gold_loss":0},{"damage_healed":0,"gold_gain":0,"player_choice":"Forge","damage_taken":0,"max_hp_gain":0,"max_hp_loss":0,"event_name":"Accursed Blacksmith","floor":10,"gold_loss":0,"cards_upgraded":["True Grit"]},{"cards_removed":["Strike_R"],"damage_healed":0,"gold_gain":0,"player_choice":"Offered Basic","damage_taken":0,"max_hp_gain":0,"max_hp_loss":0,"event_name":"Bonfire Elementals","floor":12,"gold_loss":0},{"damage_healed":0,"gold_gain":0,"player_choice":"Inject Mutagens","damage_taken":0,"relics_obtained":["MutagenicStrength"],"max_hp_gain":0,"max_hp_loss":0,"event_name":"Drug Dealer","floor":19,"gold_loss":0},{"damage_healed":0,"gold_gain":0,"player_choice":"Read","damage_taken":0,"max_hp_gain":0,"max_hp_loss":0,"event_name":"The Library","floor":20,"gold_loss":0,"cards_obtained":["Whirlwind"]},{"damage_healed":0,"gold_gain":0,"player_choice":"Ignored","damage_taken":0,"max_hp_gain":0,"max_hp_loss":0,"event_name":"Ghosts","floor":21,"gold_loss":0},{"damage_healed":0,"gold_gain":0,"player_choice":"Got Potions","damage_taken":0,"max_hp_gain":0,"max_hp_loss":0,"event_name":"Lab","floor":28,"gold_loss":0},{"damage_healed":0,"gold_gain":0,"player_choice":"Obtained Book","damage_taken":21,"max_hp_gain":0,"max_hp_loss":0,"event_name":"Cursed Tome","floor":31,"gold_loss":0},{"damage_healed":0,"gold_gain":0,"player_choice":"Copied","damage_taken":0,"max_hp_gain":0,"max_hp_loss":0,"event_name":"Duplicator","floor":36,"gold_loss":0,"cards_obtained":["Offering"]},{"damage_healed":0,"gold_gain":0,"player_choice":"Memory 3","damage_taken":10,"max_hp_gain":0,"max_hp_loss":0,"event_name":"SensoryStone","floor":37,"gold_loss":0},{"cards_removed":["Strike_R"],"damage_healed":0,"gold_gain":0,"player_choice":"Removed Attack","damage_taken":0,"max_hp_gain":0,"max_hp_loss":0,"event_name":"Falling","floor":39,"gold_loss":0},{"damage_healed":0,"gold_gain":0,"player_choice":"Upgraded","damage_taken":0,"max_hp_gain":0,"max_hp_loss":0,"event_name":"Upgrade Shrine","floor":44,"gold_loss":0,"cards_upgraded":["Brutality"]},{"damage_healed":0,"gold_gain":0,"player_choice":"Ignored","damage_taken":0,"max_hp_gain":0,"max_hp_loss":0,"event_name":"The Moai Head","floor":45,"gold_loss":0}],"is_beta":false,"boss_relics":[{"not_picked":["Black Star","Cursed Key"],"picked":"Fusion Hammer"},{"not_picked":["Runic Pyramid","Lizard Tail"],"picked":"Orrery"}],"items_purged_floors":[24],"is_endless":false,"potions_floor_spawned":[7,11,16,18,30,33,40],"killed_by":"Nemesis","ascension_level":20}