{"gold_per_floor":[111,127,141,160,176,211,211,239,266,285,304,372,401,414,414,414],"floor_reached":16,"playtime":1030,"items_purged":[],"score":132,"play_id":"f27c7a1b-021a-4e26-985b-e407dcba99e6","local_time":"20181219141656","is_ascension_mode":true,"campfire_choices":[{"data":"Bash","floor":7.0,"key":"SMITH"},{"data":"Armaments","floor":15,"key":"SMITH"}],"neow_cost":"NONE","seed_source_timestamp":0,"circlet_count":0,"master_deck":["Strike_R","Strike_R","Strike_R","Strike_R","Strike_R","Defend_R","Defend_R","Defend_R","Defend_R","Bash+1","Infernal Blade","Whirlwind","Shrug It Off","Clothesline","Inflame","Body Slam","Twin Strike","Shrug It Off","True Grit","Intimidate","Bludgeon","Flame Barrier","Armaments+1"],"special_seed":0,"relics":["Burning Blood","Potion Belt","Omamori","Prayer Wheel","Dream Catcher","Blood Vial"],"potions_floor_usage":[16],"damage_taken":[{"damage":10.0,"enemies":"Small Slimes","floor":1.0,"turns":4.0},{"damage":0.0,"enemies":"2 Louse","floor":2.0,"turns":4.0},{"damage":8.0,"enemies":"Jaw Worm","floor":3.0,"turns":5.0},{"damage":5.0,"enemies":"Looter","floor":4.0,"turns":4.0},{"damage":6.0,"enemies":"Exordium Thugs","floor":5.0,"turns":5.0},{"damage":32.0,"enemies":"Lagavulin","floor":6.0,"turns":8.0},{"damage":26.0,"enemies":"3 Sentries","floor":8.0,"turns":6.0},{"damage":0.0,"enemies":"Large Slime","floor":10.0,"turns":5.0},{"damage":14.0,"enemies":"Lots of Slimes","floor":11.0,"turns":6.0},{"damage":12.0,"enemies":"Lagavulin","floor":13.0,"turns":8.0},{"damage":0,"enemies":"2 Fungi Beasts","floor":14,"turns":5},{"damage":39,"enemies":"The Guardian","floor":16,"turns":13}],"seed_played":"2219973042672599351","potions_obtained":[{"floor":2.0,"key":"FearPotion"},{"floor":3.0,"key":"SkillPotion"},{"floor":4.0,"key":"FearPotion"}],"is_trial":false,"path_per_floor":["M","M","M","M","M","E","R","E","T","M","M","?","E","M","R","B"],"character_chosen":"IRONCLAD","items_purchased":[],"campfire_rested":0,"item_purchase_floors":[],"current_hp_per_floor":[76,80,78,79,79,53,53,33,33,39,31,31,25,33,33,0],"gold":414,"neow_bonus":"RANDOM_COMMON_RELIC","is_prod":false,"is_daily":false,"chose_seed":false,"campfire_upgraded":2,"win_rate":0,"timestamp":1545257816,"path_taken":["M","M","M","M","M","E","R","E","T","M","M","?","E","M","R","BOSS"],"build_version":"2018-12-13","purchased_purges":0,"victory":false,"max_hp_per_floor":[80,80,80,80,80,80,80,80,80,80,80,80,80,80,80,80],"card_choices":[{"not_picked":["Anger","Reckless Charge"],"picked":"Infernal Blade","floor":1.0},{"not_picked":["Sword Boomerang","Perfected Strike"],"picked":"Whirlwind","floor":2.0},{"not_picked":["Burning Pact","Whirlwind"],"picked":"Shrug It Off","floor":3.0},{"not_picked":["Entrench","Burning Pact"],"picked":"Clothesline","floor":4.0},{"not_picked":["Battle Trance","Dropkick"],"picked":"Inflame","floor":5.0},{"not_picked":["Burning Pact","Reckless Charge"],"picked":"Body Slam","floor":6.0},{"not_picked":["Corruption","Flex"],"picked":"Twin Strike","floor":8.0},{"not_picked":["Uppercut","Body Slam"],"picked":"Shrug It Off","floor":10.0},{"not_picked":["Twin Strike","Headbutt","Rupture"],"picked":"SKIP","floor":10.0},{"not_picked":["Perfected Strike","Sword Boomerang"],"picked":"True Grit","floor":11.0},{"not_picked":["Iron Wave","Inflame"],"picked":"Intimidate","floor":11.0},{"not_picked":["Sever Soul","Rupture"],"picked":"Bludgeon","floor":13.0},{"not_picked":["Disarm","Wild Strike"],"picked":"Flame Barrier","floor":14},{"not_picked":["Thunderclap","Body Slam"],"picked":"Armaments","floor":14}],"player_experience":166498,"relics_obtained":[{"floor":6.0,"key":"Omamori"},{"floor":8.0,"key":"Prayer Wheel"},{"floor":9.0,"key":"Dream Catcher"},{"floor":13.0,"key":"Blood Vial"}],"event_choices":[{"damage_healed":0.0,"max_hp_gain":0.0,"max_hp_loss":0.0,"gold_gain":68.0,"event_name":"Golden Wing","player_choice":"Gained Gold","floor":12.0,"gold_loss":0.0,"damage_taken":0.0}],"is_beta":false,"boss_relics":[],"items_purged_floors":[],"is_endless":false,"potions_floor_spawned":[2,3,4],"killed_by":"The Guardian","ascension_level":1}