{"gold_per_floor":[113,113,124,137,98,98,128,128,209,209,225,225,252,265,265,368,368,358,358,372,388,407,407,407],"floor_reached":24,"playtime":1532,"items_purged":[],"score":297,"play_id":"a67957ca-7150-43c0-b371-e9bb4b290cdc","local_time":"20180706143503","is_ascension_mode":true,"campfire_choices":[{"floor":6,"key":"REST"},{"floor":10,"key":"REST"},{"floor":15,"key":"REST"},{"floor":23,"key":"REST"}],"neow_cost":"NONE","seed_source_timestamp":9628689535376,"circlet_count":0,"master_deck":["Strike_B","Strike_B","Defend_B+1","Defend_B","Defend_B","Zap","Dualcast+1","Reboot","Static Discharge","Redo","Go for the Eyes","Doom and Gloom","Heatsinks","Ball Lightning","Buffer+1","Go for the Eyes","Creative AI+1","Storm+1","White Noise+1","Sweeping Beam+1","Ball Lightning","Self Repair+1","Steam Power+1","Consume"],"relics":["Cracked Core","War Paint","Frozen Egg 2","Question Card","Potion Belt","Astrolabe"],"potions_floor_usage":[13,13,24,24],"damage_taken":[{"damage":13,"enemies":"2 Louse","floor":1,"turns":3},{"damage":1,"enemies":"Cultist","floor":3,"turns":4},{"damage":7,"enemies":"Jaw Worm","floor":4,"turns":3},{"damage":35,"enemies":"Lagavulin","floor":7,"turns":5},{"damage":10,"enemies":"Exordium Wildlife","floor":11,"turns":3},{"damage":21,"enemies":"Gremlin Nob","floor":13,"turns":3},{"damage":0,"enemies":"2 Fungi Beasts","floor":14,"turns":4},{"damage":0,"enemies":"Slime Boss","floor":16,"turns":7},{"damage":20,"enemies":"2 Thieves","floor":18,"turns":4},{"damage":12,"enemies":"Chosen","floor":20,"turns":4},{"damage":0,"enemies":"Snecko","floor":21,"turns":4},{"damage":28,"enemies":"Centurion and Healer","floor":22,"turns":6},{"damage":62,"enemies":"Gremlin Leader","floor":24,"turns":4}],"seed_played":"-1116224132903548306","potions_obtained":[{"floor":1,"key":"EssenceOfSteel"},{"floor":7,"key":"AttackPotion"},{"floor":14,"key":"GamblersBrew"},{"floor":22,"key":"Regen Potion"}],"is_trial":false,"path_per_floor":["M","?","M","M","$","R","E","?","T","R","M","?","E","M","R","B",null,"M","?","M","M","M","R"],"character_chosen":"DEFECT","items_purchased":["Doom and Gloom"],"campfire_rested":4,"item_purchase_floors":[5],"current_hp_per_floor":[62,62,61,54,54,75,40,33,33,55,45,45,24,24,46,46,75,55,41,29,39,21,45,0],"gold":407,"neow_bonus":"ONE_RANDOM_RARE_CARD","is_prod":false,"is_daily":false,"chose_seed":false,"campfire_upgraded":0,"win_rate":0,"timestamp":1530902103,"path_taken":["M","?","?","M","$","R","E","?","T","R","M","?","E","M","R","BOSS","M","?","M","M","M","R","E"],"build_version":"2018-07-05","purchased_purges":0,"victory":false,"max_hp_per_floor":[75,75,75,75,75,75,75,75,75,75,75,75,75,75,75,75,75,75,80,80,80,80,80,80],"card_choices":[{"not_picked":["Rip and Tear","Cold Snap"],"picked":"Static Discharge","floor":1},{"not_picked":["Cold Snap","Sweeping Beam"],"picked":"Redo","floor":3},{"not_picked":["Rebound","Coolheaded"],"picked":"Go for the Eyes","floor":4},{"not_picked":["Biased Cognition","Coolheaded"],"picked":"Heatsinks","floor":7},{"not_picked":["Beam Cell","Turbo","Go for the Eyes"],"picked":"Ball Lightning","floor":11},{"not_picked":["Capacitor+1","Meteor Strike","Gash"],"picked":"Buffer+1","floor":13},{"not_picked":["Compile Driver","Streamline","Capacitor+1"],"picked":"Go for the Eyes","floor":14},{"not_picked":["Amplify","Multi-Cast","Reboot"],"picked":"Creative AI+1","floor":16},{"not_picked":["Gash","Coolheaded+1","Streamline"],"picked":"Ball Lightning","floor":18},{"not_picked":["Coolheaded+1","Ball Lightning","Stack"],"picked":"Self Repair+1","floor":20},{"not_picked":["Gash","Barrage","Sweeping Beam+1"],"picked":"Steam Power+1","floor":21},{"not_picked":["Barrage","Chill","Steam Power"],"picked":"Consume","floor":22}],"player_experience":257068,"relics_obtained":[{"floor":7,"key":"War Paint"},{"floor":9,"key":"Question Card"},{"floor":13,"key":"Potion Belt"}],"event_choices":[{"event_name":"Liars Game","player_choice":"disagreed","floor":2,"damage_taken":0},{"event_name":"Scrap Ooze","player_choice":"success","floor":8,"damage_taken":7},{"event_name":"The Cleric","player_choice":"Leave","floor":12,"damage_taken":0},{"event_name":"Forgotten Altar","player_choice":"Shed Blood","floor":19,"damage_taken":0}],"boss_relics":[{"not_picked":["Velvet Choker","Fusion Hammer"],"picked":"Astrolabe"}],"items_purged_floors":[],"is_endless":false,"potions_floor_spawned":[1,7,14,22],"killed_by":"Gremlin Leader","ascension_level":3}