{"gold_per_floor":[11,23,33,33,33,58,58,58,58,88,88,143,208,218,218,316,316,331,331,331,331,381,381,414,414,414,447,547,558,6,19,19,19],"floor_reached":33,"playtime":2306,"items_purged":["Strike_B+1"],"score":324,"play_id":"df1c75de-e0d2-4fd3-8b3b-aedb87174f7a","local_time":"20180626094036","is_ascension_mode":false,"campfire_choices":[{"data":"Zap","floor":8,"key":"SMITH"},{"floor":11,"key":"REST"},{"floor":15,"key":"REST"},{"floor":23,"key":"REST"},{"floor":25,"key":"REST"},{"floor":32,"key":"REST"}],"neow_cost":"NO_GOLD","seed_source_timestamp":11140696928920,"circlet_count":0,"master_deck":["Strike_B+1","Defend_B+1","Defend_B+1","Defend_B+1","Defend_B+1","Zap+1","Dualcast","Sunder","Storm","BootSequence","Sweeping Beam","Hologram","Sunder","Gash","Fusion","Genetic Algorithm","Glacier","Creative AI","Cold Snap+1","Buffer","Zap","Double Energy","Hello World","Gash","Electrodynamics","Static Discharge","Go for the Eyes","Doom and Gloom","Thunder Strike","Gash","Loop"],"relics":["Cracked Core","Bottled Lightning","Bronze Scales","The Courier","Juzu Bracelet","Peace Pipe","Tiny Chest","Inserter","Art of War","Pear","Potion Belt","Anchor"],"potions_floor_usage":[6,13,16,31,33],"damage_taken":[{"damage":0,"enemies":"Cultist","floor":1,"turns":2},{"damage":0,"enemies":"2 Louse","floor":2,"turns":2},{"damage":0,"enemies":"Jaw Worm","floor":3,"turns":3},{"damage":8,"enemies":"3 Sentries","floor":6,"turns":4},{"damage":28,"enemies":"Gremlin Nob","floor":10,"turns":4},{"damage":15,"enemies":"Gremlin Nob","floor":12,"turns":3},{"damage":16,"enemies":"3 Sentries","floor":13,"turns":4},{"damage":5,"enemies":"Exordium Thugs","floor":14,"turns":4},{"damage":11,"enemies":"Slime Boss","floor":16,"turns":8},{"damage":22,"enemies":"Spheric Guardian","floor":18,"turns":4},{"damage":22,"enemies":"Gremlin Leader","floor":24,"turns":9},{"damage":30,"enemies":"Book of Stabbing","floor":27,"turns":5},{"damage":17,"enemies":"2 Thieves","floor":29,"turns":3},{"damage":22,"enemies":"Centurion and Healer","floor":31,"turns":5},{"damage":64,"enemies":"Automaton","floor":33,"turns":6}],"seed_played":"4262263102853105962","potions_obtained":[{"floor":1,"key":"Fire Potion"},{"floor":2,"key":"FocusPotion"},{"floor":10,"key":"Strength Potion"},{"floor":12,"key":"Fire Potion"},{"floor":12,"key":"SkillPotion"},{"floor":27,"key":"FearPotion"}],"is_trial":false,"path_per_floor":["M","M","M","T","$","E","?","R","T","E","R","?","E","M","R","B",null,"M","?","?","?","?","R","E","R","T","E","?","M","$","M","R"],"character_chosen":"DEFECT","items_purchased":["Electrodynamics","Static Discharge","Anchor","Go for the Eyes","Doom and Gloom","Thunder Strike","Gash"],"campfire_rested":5,"item_purchase_floors":[30,30,30,30,30,30,30],"current_hp_per_floor":[75,75,75,75,75,67,67,67,67,39,61,46,30,25,47,36,75,53,39,39,39,39,63,41,65,75,45,45,28,28,6,33,0],"gold":19,"neow_bonus":"TRANSFORM_TWO_CARDS","is_prod":false,"is_daily":false,"chose_seed":false,"campfire_upgraded":1,"win_rate":0.0,"timestamp":1530020436,"path_taken":["M","M","?","?","$","E","?","R","T","E","R","?","E","M","R","BOSS","M","?","?","?","?","R","E","R","T","E","?","M","$","M","R","BOSS"],"build_version":"2018-06-21v2","purchased_purges":1,"victory":false,"max_hp_per_floor":[75,75,75,75,75,75,75,75,75,75,75,75,75,75,75,75,75,75,80,80,80,80,80,80,80,90,90,90,90,90,90,90,90],"card_choices":[{"not_picked":["Leap","Rebound"],"picked":"BootSequence","floor":1},{"not_picked":["Scrape","BootSequence"],"picked":"Sweeping Beam","floor":2},{"not_picked":["Storm","Go for the Eyes"],"picked":"Hologram","floor":3},{"not_picked":["Steam Power","Go for the Eyes"],"picked":"Sunder","floor":6},{"not_picked":["Beam Cell","Storm"],"picked":"Gash","floor":10},{"not_picked":["Barrage","Cold Snap"],"picked":"Fusion","floor":12},{"not_picked":["Streamline","Capacitor"],"picked":"Genetic Algorithm","floor":13},{"not_picked":["Redo","Buffer"],"picked":"Glacier","floor":14},{"not_picked":["Reboot","All For One"],"picked":"Creative AI","floor":16},{"not_picked":["Coolheaded","Streamline"],"picked":"Cold Snap+1","floor":18},{"not_picked":["Coolheaded","Undo"],"picked":"Double Energy","floor":24},{"not_picked":["White Noise","Redo"],"picked":"Hello World","floor":27},{"not_picked":["Rebound+1","Reprogram+1"],"picked":"Gash","floor":29},{"not_picked":["Scrape+1","Redo"],"picked":"Loop","floor":31}],"player_experience":101901,"relics_obtained":[{"floor":4,"key":"Bottled Lightning"},{"floor":6,"key":"Bronze Scales"},{"floor":9,"key":"The Courier"},{"floor":10,"key":"Juzu Bracelet"},{"floor":12,"key":"Peace Pipe"},{"floor":13,"key":"Tiny Chest"},{"floor":24,"key":"Art of War"},{"floor":26,"key":"Pear"},{"floor":27,"key":"Potion Belt"}],"event_choices":[{"event_name":"Golden Idol","player_choice":"Ignored","floor":7,"damage_taken":0},{"event_name":"Dead Adventurer","player_choice":"Searched \u00271\u0027 times","floor":12,"damage_taken":0},{"event_name":"Forgotten Altar","player_choice":"Shed Blood","floor":19,"damage_taken":0},{"event_name":"Back to Basics","player_choice":"Simplicity","floor":20,"damage_taken":0},{"event_name":"Match and Keep!","player_choice":"2 cards matched","floor":21,"damage_taken":0},{"event_name":"Match and Keep!","player_choice":"2 cards matched","floor":21,"damage_taken":0},{"event_name":"The Joust","player_choice":"Bet on Murderer","floor":22,"damage_taken":0},{"event_name":"Golden Shrine","player_choice":"Pray","floor":28,"damage_taken":0}],"boss_relics":[{"not_picked":["Philosopher\u0027s Stone","Cursed Key"],"picked":"Inserter"}],"items_purged_floors":[30],"is_endless":false,"potions_floor_spawned":[1,2,10,12,12,27],"killed_by":"Automaton","ascension_level":0}