{"gold_per_floor":[214,234,234,249,260,286,286,18,18,35,48,83,83,94,94,168,168,187,387,399,3,16,42,42,68,93,106,106,25,25,57,57,57],"floor_reached":33,"playtime":3846,"items_purged":["Strike_G"],"score":634,"play_id":"a2515e30-2ac8-473c-941a-2f49fbaf3692","local_time":"20181229200607","is_ascension_mode":true,"campfire_choices":[{"data":"Neutralize","floor":7,"key":"SMITH"},{"data":"Envenom","floor":13,"key":"SMITH"},{"data":"Cloak And Dagger","floor":15,"key":"SMITH"},{"floor":24,"key":"REST"},{"floor":32,"key":"REST"}],"neow_cost":"NONE","seed_source_timestamp":0,"circlet_count":0,"master_deck":["AscendersBane","Defend_G","Defend_G","Defend_G","Defend_G","Defend_G","Strike_G+1","Strike_G","Strike_G","Strike_G+1","Survivor","Neutralize+1","Endless Agony","Dagger Spray","Backflip","Poisoned Stab","Endless Agony","Leg Sweep","Cloak And Dagger+1","Backflip","Envenom+1","Glass Knife","Well Laid Plans","Crippling Poison","Finisher","Catalyst"],"special_seed":0,"relics":["Ring of the Snake","PreservedInsect","Membership Card","The Courier","Calipers","White Beast Statue","ClockworkSouvenir","Ninja Scroll","Bronze Scales","Bag of Marbles","Happy Flower","Dodecahedron","Juzu Bracelet","Oddly Smooth Stone","Potion Belt"],"potions_floor_usage":[6,18,20,23,23,25,31,33,33],"damage_taken":[{"damage":0,"enemies":"Jaw Worm","floor":1,"turns":6},{"damage":1,"enemies":"Cultist","floor":2,"turns":5},{"damage":0,"enemies":"Small Slimes","floor":4,"turns":2},{"damage":1,"enemies":"3 Louse","floor":5,"turns":2},{"damage":8,"enemies":"Gremlin Nob","floor":6,"turns":3},{"damage":0,"enemies":"2 Fungi Beasts","floor":10,"turns":3},{"damage":0,"enemies":"Lots of Slimes","floor":11,"turns":2},{"damage":2,"enemies":"3 Sentries","floor":12,"turns":6},{"damage":1,"enemies":"Blue Slaver","floor":14,"turns":4},{"damage":23,"enemies":"The Guardian","floor":16,"turns":14},{"damage":21,"enemies":"Chosen","floor":18,"turns":4},{"damage":21,"enemies":"Shell Parasite","floor":20,"turns":6},{"damage":4,"enemies":"Sentry and Sphere","floor":22,"turns":11},{"damage":21,"enemies":"Book of Stabbing","floor":23,"turns":4},{"damage":3,"enemies":"Gremlin Leader","floor":25,"turns":2},{"damage":7,"enemies":"Snake Plant","floor":27,"turns":4},{"damage":21,"enemies":"Book of Stabbing","floor":31,"turns":2},{"damage":40,"enemies":"Automaton","floor":33,"turns":6}],"seed_played":"-5422090072542120445","potions_obtained":[{"floor":5,"key":"SteroidPotion"},{"floor":11,"key":"Strength Potion"},{"floor":12,"key":"FairyPotion"},{"floor":18,"key":"Regen Potion"},{"floor":20,"key":"SpeedPotion"},{"floor":22,"key":"Regen Potion"},{"floor":23,"key":"SteroidPotion"},{"floor":25,"key":"Strength Potion"},{"floor":27,"key":"Regen Potion"},{"floor":31,"key":"Strength Potion"}],"is_trial":false,"path_per_floor":["M","M","?","M","M","E","R","$","T","M","M","E","R","M","R","B",null,"M","?","M","$","M","E","R","E","T","M","?","$","?","E","R","B"],"character_chosen":"THE_SILENT","items_purchased":["Membership Card","Leg Sweep","Well Laid Plans","Crippling Poison","ClockworkSouvenir","Ninja Scroll","Bronze Scales","Bag of Marbles","Oddly Smooth Stone","Catalyst"],"campfire_rested":2,"item_purchase_floors":[8,8,21,21,21,21,21,21,29,29],"current_hp_per_floor":[59,58,38,38,37,29,29,29,29,29,29,27,27,26,26,3,50,29,29,23,23,19,10,29,26,26,19,19,19,19,7,26,0],"gold":57,"neow_bonus":"HUNDRED_GOLD","is_prod":false,"is_daily":false,"chose_seed":false,"campfire_upgraded":3,"win_rate":0,"timestamp":1546142767,"path_taken":["M","M","?","M","M","E","R","$","T","M","M","E","R","M","R","BOSS","M","?","M","$","M","E","R","E","T","M","?","$","?","E","R","BOSS"],"build_version":"2018-12-20","purchased_purges":1,"victory":false,"max_hp_per_floor":[66,66,66,66,66,66,66,66,66,66,66,66,66,66,66,66,66,66,66,66,66,66,66,66,66,66,66,66,66,66,66,66,66],"card_choices":[{"not_picked":["Backflip","PiercingWail"],"picked":"Endless Agony","floor":1},{"not_picked":["Endless Agony","Concentrate"],"picked":"Dagger Spray","floor":2},{"not_picked":["Acrobatics","Dodge and Roll"],"picked":"Backflip","floor":4},{"not_picked":["Escape Plan","Caltrops"],"picked":"Poisoned Stab","floor":5},{"not_picked":["Storm of Steel","Bane"],"picked":"Endless Agony","floor":6},{"not_picked":["Outmaneuver","Underhanded Strike"],"picked":"Cloak And Dagger","floor":10},{"not_picked":["Outmaneuver","Prepared"],"picked":"Backflip","floor":11},{"not_picked":["Dagger Throw","Blur"],"picked":"Envenom","floor":12},{"not_picked":["Flying Knee","Acrobatics","Outmaneuver"],"picked":"SKIP","floor":14},{"not_picked":["Grand Finale","Bullet Time"],"picked":"Glass Knife","floor":16},{"not_picked":["Poisoned Stab","All Out Attack","Prepared"],"picked":"SKIP","floor":18},{"not_picked":["Expertise","Predator","Dodge and Roll"],"picked":"SKIP","floor":20},{"not_picked":["Distraction","Bane","Underhanded Strike"],"picked":"SKIP","floor":22},{"not_picked":["Skewer","Deflect"],"picked":"Finisher","floor":23},{"not_picked":["Acrobatics","PiercingWail","Endless Agony"],"picked":"SKIP","floor":25},{"not_picked":["Reflex","PiercingWail","Blade Dance"],"picked":"SKIP","floor":27},{"not_picked":["Malaise","Setup","Underhanded Strike+1"],"picked":"SKIP","floor":31}],"player_experience":267930,"relics_obtained":[{"floor":6,"key":"PreservedInsect"},{"floor":9,"key":"The Courier"},{"floor":12,"key":"Calipers"},{"floor":23,"key":"Happy Flower"},{"floor":25,"key":"Dodecahedron"},{"floor":26,"key":"Juzu Bracelet"},{"floor":31,"key":"Potion Belt"}],"event_choices":[{"damage_healed":0,"gold_gain":0,"player_choice":"Entered Light","damage_taken":20,"max_hp_gain":0,"max_hp_loss":0,"event_name":"Shining Light","floor":3,"gold_loss":0,"cards_upgraded":["Strike_G","Strike_G"]},{"damage_healed":0,"gold_gain":200,"player_choice":"Gold","damage_taken":0,"max_hp_gain":0,"max_hp_loss":0,"event_name":"Wheel of Change","floor":19,"gold_loss":0},{"damage_healed":0,"gold_gain":0,"player_choice":"Ignored","damage_taken":0,"max_hp_gain":0,"max_hp_loss":0,"event_name":"Vampires","floor":28,"gold_loss":0},{"damage_healed":0,"gold_gain":0,"player_choice":"Ignored","damage_taken":0,"max_hp_gain":0,"max_hp_loss":0,"event_name":"Beggar","floor":30,"gold_loss":0}],"is_beta":false,"boss_relics":[{"not_picked":["Empty Cage","Runic Pyramid"],"picked":"White Beast Statue"}],"items_purged_floors":[21],"is_endless":false,"potions_floor_spawned":[5,11,12,16,18,20,22,23,25,27,31],"killed_by":"Automaton","ascension_level":20}