{"gold_per_floor":[19,19,34,109,127,127,127,163,163,207,207,207,221,53,53,53],"floor_reached":16,"playtime":1331,"items_purged":["Decay"],"score":189,"play_id":"42064b20-c550-4b49-a52b-925d912e44e2","local_time":"20190203014311","is_ascension_mode":true,"campfire_choices":[{"data":"Bash","floor":7,"key":"SMITH"},{"floor":11,"key":"REST"},{"floor":15,"key":"REST"}],"neow_cost":"NO_GOLD","seed_source_timestamp":101739110567100,"circlet_count":0,"master_deck":["AscendersBane","Strike_R","Strike_R","Strike_R","Strike_R","Strike_R","Defend_R","Defend_R","Defend_R","Defend_R","Bash+1","Shrug It Off","Heavy Blade","Wild Strike","Perfected Strike","Pommel Strike","Feel No Pain"],"relics":["Burning Blood","WingedGreaves","Golden Idol","Prayer Wheel","Pantograph","Gambling Chip"],"potions_floor_usage":[8,10,16],"damage_taken":[{"damage":1,"enemies":"2 Louse","floor":1,"turns":2},{"damage":0,"enemies":"Small Slimes","floor":3,"turns":3},{"damage":0,"enemies":"Cultist","floor":5,"turns":3},{"damage":50,"enemies":"Lagavulin","floor":8,"turns":9},{"damage":22,"enemies":"3 Sentries","floor":10,"turns":10},{"damage":22,"enemies":"Looter","floor":13,"turns":4},{"damage":64,"enemies":"Hexaghost","floor":16,"turns":8}],"seed_played":"-4715956154207312244","potions_obtained":[{"floor":1,"key":"SpeedPotion"},{"floor":3,"key":"FearPotion"},{"floor":8,"key":"Fire Potion"}],"is_trial":false,"path_per_floor":["M","?","M","?","M","?","R","E","T","E","R","?","M","$","R","B"],"character_chosen":"IRONCLAD","items_purchased":["Pommel Strike","Feel No Pain"],"campfire_rested":2,"item_purchase_floors":[14,14],"current_hp_per_floor":[73,78,80,69,75,72,72,28,28,12,33,33,17,17,38,0],"gold":53,"neow_bonus":"ONE_RARE_RELIC","is_prod":false,"is_daily":false,"chose_seed":false,"campfire_upgraded":1,"win_rate":0,"timestamp":1549154591,"path_taken":["M","?","M","?","M","?","R","E","T","E","R","?","?","$","R","BOSS"],"build_version":"2019-01-23","purchased_purges":1,"victory":false,"max_hp_per_floor":[75,80,80,80,80,72,72,72,72,72,72,72,72,72,72,72],"card_choices":[{"not_picked":["Power Through","Thunderclap"],"picked":"Shrug It Off","floor":1},{"not_picked":["Flex","Flame Barrier"],"picked":"Heavy Blade","floor":3},{"not_picked":["Heavy Blade","Clash","Corruption"],"picked":"SKIP","floor":5},{"not_picked":["Seeing Red","Entrench"],"picked":"Wild Strike","floor":8},{"not_picked":["Sword Boomerang","Warcry"],"picked":"Perfected Strike","floor":10},{"not_picked":["Power Through","Clash","Thunderclap"],"picked":"SKIP","floor":13},{"not_picked":["Second Wind","Headbutt","Fire Breathing"],"picked":"SKIP","floor":13}],"player_experience":337383,"relics_obtained":[{"floor":8,"key":"Prayer Wheel"},{"floor":9,"key":"Pantograph"},{"floor":10,"key":"Gambling Chip"}],"event_choices":[{"damage_healed":0,"gold_gain":0,"player_choice":"Donut","damage_taken":0,"max_hp_gain":5,"max_hp_loss":0,"event_name":"Big Fish","floor":2,"gold_loss":0},{"damage_healed":0,"gold_gain":75,"player_choice":"Gather Gold","damage_taken":11,"max_hp_gain":0,"max_hp_loss":0,"event_name":"World of Goop","floor":4,"gold_loss":0},{"damage_healed":0,"gold_gain":0,"player_choice":"Lose Max HP","damage_taken":0,"relics_obtained":["Golden Idol"],"max_hp_gain":0,"max_hp_loss":8,"event_name":"Golden Idol","floor":6,"gold_loss":0},{"damage_healed":0,"gold_gain":0,"player_choice":"Cursed","damage_taken":0,"max_hp_gain":0,"max_hp_loss":0,"event_name":"Wheel of Change","floor":12,"gold_loss":0,"cards_obtained":["Decay"]}],"is_beta":false,"boss_relics":[],"items_purged_floors":[14],"is_endless":false,"potions_floor_spawned":[1,3,8],"killed_by":"Hexaghost","ascension_level":15}