{"gold_per_floor":[118,193,213,138,149,149,174,174,174,190,207,207,207,242,242,242],"floor_reached":16,"playtime":1994,"items_purged":["Shame"],"score":160,"play_id":"9c4199be-cb36-45c1-b8e7-06a1dcb9d5c9","local_time":"20190127132107","is_ascension_mode":true,"campfire_choices":[{"data":"Neutralize","floor":6,"key":"SMITH"},{"floor":8,"key":"REST"},{"floor":12,"key":"REST"},{"floor":15,"key":"REST"}],"neow_cost":"CURSE","seed_source_timestamp":232767797240300,"circlet_count":0,"master_deck":["Defend_G","Defend_G","Defend_G","Defend_G","Defend_G","Strike_G","Strike_G","Strike_G","Strike_G","Survivor","Neutralize+1","Leg Sweep","Dagger Spray","Dagger Throw","Flechettes","Escape Plan","Dodge and Roll","Dodge and Roll"],"relics":["Ring of the Snake","Calipers","Ornamental Fan","Letter Opener","Art of War"],"potions_floor_usage":[7,10,14],"damage_taken":[{"damage":12,"enemies":"Jaw Worm","floor":1,"turns":9},{"damage":0,"enemies":"2 Louse","floor":3,"turns":3},{"damage":0,"enemies":"Small Slimes","floor":5,"turns":3},{"damage":25,"enemies":"Gremlin Nob","floor":7,"turns":5},{"damage":9,"enemies":"Exordium Thugs","floor":10,"turns":8},{"damage":0,"enemies":"2 Fungi Beasts","floor":11,"turns":3},{"damage":23,"enemies":"Lagavulin","floor":14,"turns":10},{"damage":48,"enemies":"The Guardian","floor":16,"turns":19}],"seed_played":"8701802398236776012","potions_obtained":[{"floor":3,"key":"Ancient Potion"},{"floor":7,"key":"EssenceOfSteel"},{"floor":11,"key":"Block Potion"}],"is_trial":false,"path_per_floor":["M","?","M","$","M","R","E","R","T","M","M","R","?","E","R","B"],"character_chosen":"THE_SILENT","items_purchased":[],"campfire_rested":3,"item_purchase_floors":[],"current_hp_per_floor":[51,40,40,40,40,40,15,36,36,27,27,48,48,25,46,0],"gold":242,"neow_bonus":"ONE_RARE_RELIC","is_prod":false,"is_daily":false,"chose_seed":false,"campfire_upgraded":1,"win_rate":0,"timestamp":1548591667,"path_taken":["M","?","M","$","M","R","E","R","T","M","M","R","?","E","R","BOSS"],"build_version":"2019-01-23","purchased_purges":1,"victory":false,"max_hp_per_floor":[70,70,70,70,70,70,70,70,70,70,70,70,70,70,70,70],"card_choices":[{"not_picked":["Tactician","Blade Dance"],"picked":"Leg Sweep","floor":1},{"not_picked":["Bane","Deflect"],"picked":"Dagger Spray","floor":3},{"not_picked":["Quick Slash","Expertise"],"picked":"Dagger Throw","floor":5},{"not_picked":["Doppelganger","Deadly Poison"],"picked":"Flechettes","floor":7},{"not_picked":["Flying Knee","Masterful Stab"],"picked":"Escape Plan","floor":10},{"not_picked":["Blade Dance","Accuracy"],"picked":"Dodge and Roll","floor":11},{"not_picked":["Bane","Dagger Spray"],"picked":"Dodge and Roll","floor":14}],"player_experience":129488,"relics_obtained":[{"floor":7,"key":"Ornamental Fan"},{"floor":9,"key":"Letter Opener"},{"floor":14,"key":"Art of War"}],"event_choices":[{"damage_healed":0,"gold_gain":75,"player_choice":"Gather Gold","damage_taken":11,"max_hp_gain":0,"max_hp_loss":0,"event_name":"World of Goop","floor":2,"gold_loss":0},{"cards_removed":["Strike_G"],"damage_healed":0,"gold_gain":0,"player_choice":"Forget","damage_taken":0,"max_hp_gain":0,"max_hp_loss":0,"event_name":"Living Wall","floor":13,"gold_loss":0}],"is_beta":false,"boss_relics":[],"items_purged_floors":[4],"is_endless":false,"potions_floor_spawned":[3,7,11],"killed_by":"The Guardian","ascension_level":9}