{"gold_per_floor":[118,130,15,15,28,28,55,55,81,111,186,199,217,231,231,308,308,326,338,53,73,73,73,100,100,126,326,83,83,98,125,125,196,196,208,222,222,239,251,251,19,19],"floor_reached":42,"playtime":5190,"items_purged":["Strike_G","Strike_G","Strike_G","Defend_G"],"score":856,"play_id":"ddcaf610-1feb-4ef2-ae60-6ce37d9ebd43","local_time":"20190209235512","is_ascension_mode":true,"campfire_choices":[{"data":"Skewer","floor":6,"key":"SMITH"},{"floor":8,"key":"REST"},{"floor":15,"key":"REST"},{"floor":23,"key":"REST"},{"floor":25,"key":"REST"},{"data":"Footwork","floor":29,"key":"SMITH"},{"floor":32,"key":"REST"},{"floor":40,"key":"REST"}],"neow_cost":"NONE","seed_source_timestamp":390459447983000,"circlet_count":0,"master_deck":["AscendersBane","Defend_G","Defend_G","Defend_G","Defend_G","Survivor","Neutralize","Skewer+1","Slice","Finisher","Poisoned Stab","All Out Attack","Cloak And Dagger","Well Laid Plans","Terror","Corpse Explosion","Apotheosis","Storm of Steel","Footwork+1","Sucker Punch","Envenom","Dodge and Roll","Escape Plan","Infinite Blades","Cloak And Dagger"],"relics":["Ring of the Snake","PreservedInsect","Anchor","Bag of Preparation","Pocketwatch","Snecko Eye","Tough Bandages","Orichalcum","Smiling Mask","Philosopher\u0027s Stone","Bag of Marbles"],"potions_floor_usage":[7,7,10,33,35,39,42],"damage_taken":[{"damage":7,"enemies":"Jaw Worm","floor":1,"turns":5},{"damage":0,"enemies":"2 Louse","floor":2,"turns":2},{"damage":0,"enemies":"Cultist","floor":5,"turns":3},{"damage":37,"enemies":"3 Sentries","floor":7,"turns":8},{"damage":4,"enemies":"Gremlin Nob","floor":10,"turns":3},{"damage":2,"enemies":"Exordium Thugs","floor":12,"turns":3},{"damage":3,"enemies":"Large Slime","floor":13,"turns":6},{"damage":0,"enemies":"Lots of Slimes","floor":14,"turns":2},{"damage":1,"enemies":"The Guardian","floor":16,"turns":14},{"damage":23,"enemies":"Spheric Guardian","floor":18,"turns":5},{"damage":0,"enemies":"3 Byrds","floor":19,"turns":2},{"damage":18,"enemies":"Snake Plant","floor":21,"turns":5},{"damage":16,"enemies":"Gremlin Leader","floor":24,"turns":5},{"damage":5,"enemies":"Centurion and Healer","floor":30,"turns":5},{"damage":46,"enemies":"Automaton","floor":33,"turns":8},{"damage":25,"enemies":"3 Darklings","floor":35,"turns":3},{"damage":5,"enemies":"Orb Walker","floor":36,"turns":3},{"damage":7,"enemies":"Maw","floor":38,"turns":7},{"damage":0,"enemies":"3 Darklings","floor":39,"turns":1},{"damage":49,"enemies":"Nemesis","floor":42,"turns":6}],"seed_played":"2971679008539015117","potions_obtained":[{"floor":2,"key":"Explosive Potion"},{"floor":5,"key":"Strength Potion"},{"floor":7,"key":"SteroidPotion"},{"floor":18,"key":"Energy Potion"},{"floor":33,"key":"PowerPotion"},{"floor":36,"key":"SteroidPotion"},{"floor":39,"key":"Regen Potion"}],"is_trial":false,"path_per_floor":["M","M","$","?","M","R","E","R","T","E","?","M","M","M","R","B",null,"M","M","$","M","?","R","E","R","T","?","$","R","M","T","R","B",null,"M","M","?","M","M","R","$","E"],"character_chosen":"THE_SILENT","items_purchased":["Finisher","Apotheosis","Footwork","Sucker Punch","Bag of Marbles","Cloak And Dagger"],"campfire_rested":6,"item_purchase_floors":[3,20,28,28,41,41],"current_hp_per_floor":[52,52,52,45,45,45,8,27,27,23,12,10,7,7,26,25,56,33,33,33,15,15,34,18,37,37,37,37,37,32,32,51,5,51,26,21,21,14,14,33,33,0],"gold":19,"neow_bonus":"RANDOM_COMMON_RELIC","is_prod":false,"is_daily":false,"chose_seed":false,"campfire_upgraded":2,"win_rate":0,"timestamp":1549752912,"path_taken":["M","M","$","?","M","R","E","R","T","E","?","M","M","M","R","BOSS","M","M","$","M","?","R","E","R","T","?","$","R","?","?","R","BOSS","M","M","?","M","M","R","$","E"],"build_version":"2019-01-23","purchased_purges":4,"victory":false,"max_hp_per_floor":[66,66,66,66,66,66,66,66,66,66,66,66,66,66,66,66,66,66,66,66,66,66,66,66,66,66,66,66,66,66,66,66,66,66,66,66,66,66,66,66,66,66],"card_choices":[{"not_picked":["Deadly Poison","Poisoned Stab"],"picked":"Skewer","floor":1},{"not_picked":["Flechettes","Escape Plan"],"picked":"Slice","floor":2},{"not_picked":["Concentrate","Heel Hook","Distraction"],"picked":"SKIP","floor":5},{"not_picked":["Crippling Poison","Underhanded Strike"],"picked":"Poisoned Stab","floor":7},{"not_picked":["Flying Knee","Quick Slash"],"picked":"All Out Attack","floor":10},{"not_picked":["Deadly Poison","Wraith Form v2"],"picked":"Cloak And Dagger","floor":12},{"not_picked":["Skewer","PiercingWail"],"picked":"Well Laid Plans","floor":13},{"not_picked":["Well Laid Plans","Underhanded Strike"],"picked":"Terror","floor":14},{"not_picked":["Burst","Envenom"],"picked":"Corpse Explosion","floor":16},{"not_picked":["Deflect","Underhanded Strike+1","Dagger Throw"],"picked":"SKIP","floor":18},{"not_picked":["Expertise","Poisoned Stab","Backstab"],"picked":"SKIP","floor":19},{"not_picked":["Dagger Spray","Underhanded Strike","Deflect"],"picked":"SKIP","floor":21},{"not_picked":["PiercingWail","Blade Dance"],"picked":"Storm of Steel","floor":24},{"not_picked":["Flying Knee","Slice","Prepared"],"picked":"SKIP","floor":30},{"not_picked":["Grand Finale","Night Terror"],"picked":"Envenom","floor":33},{"not_picked":["All Out Attack","Prepared"],"picked":"Dodge and Roll","floor":35},{"not_picked":["Blade Dance","Prepared","Distraction+1"],"picked":"SKIP","floor":36},{"not_picked":["Backstab","Finisher+1","Infinite Blades"],"picked":"SKIP","floor":38},{"not_picked":["Backstab","Finisher+1"],"picked":"Infinite Blades","floor":38},{"not_picked":["Slice+1","Escape Plan","Underhanded Strike"],"picked":"SKIP","floor":39}],"player_experience":511457,"relics_obtained":[{"floor":7,"key":"Anchor"},{"floor":9,"key":"Bag of Preparation"},{"floor":10,"key":"Pocketwatch"},{"floor":24,"key":"Tough Bandages"},{"floor":26,"key":"Orichalcum"},{"floor":31,"key":"Smiling Mask"}],"event_choices":[{"cards_removed":["Strike_G"],"damage_healed":0,"gold_gain":0,"player_choice":"Card Removal","damage_taken":7,"max_hp_gain":0,"max_hp_loss":0,"event_name":"Golden Wing","floor":4,"gold_loss":0},{"damage_healed":0,"gold_gain":75,"player_choice":"Gather Gold","damage_taken":11,"max_hp_gain":0,"max_hp_loss":0,"event_name":"World of Goop","floor":11,"gold_loss":0},{"damage_healed":0,"gold_gain":0,"player_choice":"Ignored","damage_taken":0,"max_hp_gain":0,"max_hp_loss":0,"event_name":"Cursed Tome","floor":22,"gold_loss":0},{"damage_healed":0,"gold_gain":200,"player_choice":"Gold","damage_taken":0,"max_hp_gain":0,"max_hp_loss":0,"event_name":"Wheel of Change","floor":27,"gold_loss":0},{"damage_healed":0,"gold_gain":0,"cards_transformed":["Strike_G"],"player_choice":"Transformed","damage_taken":0,"max_hp_gain":0,"max_hp_loss":0,"event_name":"Transmorgrifier","floor":37,"gold_loss":0,"cards_obtained":["Escape Plan"]}],"is_beta":false,"boss_relics":[{"not_picked":["White Beast Statue","Calling Bell"],"picked":"Snecko Eye"},{"not_picked":["Empty Cage","Ring of the Serpent"],"picked":"Philosopher\u0027s Stone"}],"items_purged_floors":[3,20,28,41],"is_endless":false,"potions_floor_spawned":[2,5,7,18,33,36,39],"killed_by":"Nemesis","ascension_level":20}