{"gold_per_floor":[111,131,142,162,312,312,342,354,354,354,354,366,336,354,354,431,431,447,461,475,238,255,255,268,58,85,85,10,42,42,42,42,42],"floor_reached":33,"playtime":1445,"items_purged":["Doubt"],"score":484,"play_id":"78363111-32e6-4257-8bbc-8efa3dd640c4","local_time":"20190120151657","is_ascension_mode":true,"campfire_choices":[{"data":"Zap","floor":6.0,"key":"SMITH"},{"data":"Go for the Eyes","floor":10.0,"key":"SMITH"},{"floor":15.0,"key":"REST"},{"data":"Biased Cognition","floor":23.0,"key":"SMITH"},{"data":"Dualcast","floor":27.0,"key":"SMITH"},{"data":"Core Surge","floor":30.0,"key":"SMITH"},{"data":"Glacier","floor":32.0,"key":"SMITH"}],"neow_cost":"NONE","seed_source_timestamp":0,"circlet_count":0,"master_deck":["AscendersBane","Strike_B","Strike_B","Strike_B","Defend_B","Defend_B","Defend_B","Defend_B","Zap+1","Dualcast+1","Glacier+1","Go for the Eyes+1","Leap","Ball Lightning","Conserve Battery","Biased Cognition+1","Cold Snap","Core Surge+1","Self Repair","FTL"],"special_seed":0,"relics":["Cracked Core","Pantograph","Matryoshka","Bag of Marbles","Inserter","Anchor","Lee\u0027s Waffle","Singing Bowl","Turnip"],"potions_floor_usage":[33,33],"damage_taken":[{"damage":0.0,"enemies":"Cultist","floor":1.0,"turns":4.0},{"damage":0.0,"enemies":"Small Slimes","floor":2.0,"turns":3.0},{"damage":2.0,"enemies":"Jaw Worm","floor":3.0,"turns":4.0},{"damage":1.0,"enemies":"Looter","floor":4.0,"turns":4.0},{"damage":12.0,"enemies":"3 Sentries","floor":7.0,"turns":8.0},{"damage":35.0,"enemies":"Gremlin Gang","floor":8.0,"turns":6.0},{"damage":0.0,"enemies":"Red Slaver","floor":12.0,"turns":4.0},{"damage":8.0,"enemies":"3 Louse","floor":14.0,"turns":3.0},{"damage":23.0,"enemies":"The Guardian","floor":16.0,"turns":11.0},{"damage":11.0,"enemies":"Shell Parasite","floor":18.0,"turns":6.0},{"damage":1.0,"enemies":"Spheric Guardian","floor":19.0,"turns":5.0},{"damage":34.0,"enemies":"3 Cultists","floor":20.0,"turns":6.0},{"damage":7.0,"enemies":"Cultist and Chosen","floor":22.0,"turns":7.0},{"damage":14.0,"enemies":"Centurion and Healer","floor":24.0,"turns":8.0},{"damage":28.0,"enemies":"Book of Stabbing","floor":29.0,"turns":7.0},{"damage":20,"enemies":"Champ","floor":33,"turns":10}],"seed_played":"-4788219067962985817","potions_obtained":[{"floor":2.0,"key":"AttackPotion"},{"floor":3.0,"key":"GamblersBrew"},{"floor":4.0,"key":"SkillPotion"},{"floor":13.0,"key":"Block Potion"},{"floor":13.0,"key":"PowerPotion"},{"floor":16.0,"key":"Dexterity Potion"},{"floor":22.0,"key":"Strength Potion"}],"is_trial":false,"path_per_floor":["M","M","M","M","?","R","E","M","T","R","?","M","?","M","R","B",null,"M","M","M","$","M","R","M","$","T","R","?","E","R","?","R","B"],"character_chosen":"DEFECT","items_purchased":["Anchor","Lee\u0027s Waffle"],"campfire_rested":1,"item_purchase_floors":[21,25],"current_hp_per_floor":[71,71,69,68,68,68,56,21,21,21,16,16,16,8,31,33,67,56,55,28,28,28,28,21,85,85,85,85,66,66,66,66,67],"gold":42,"neow_bonus":"TEN_PERCENT_HP_BONUS","is_prod":false,"is_daily":false,"chose_seed":false,"campfire_upgraded":6,"win_rate":0,"timestamp":1548026217,"path_taken":["M","M","?","M","?","R","E","M","T","R","?","M","?","M","R","BOSS","M","?","?","?","M","R","M","$","T","R","?","E","R","?","R","BOSS"],"build_version":"2019-01-17v2","purchased_purges":1,"victory":false,"max_hp_per_floor":[78,78,78,78,78,78,78,78,78,78,78,78,78,78,78,78,78,78,78,78,78,78,78,78,85,85,85,85,87,87,87,87,87],"card_choices":[{"not_picked":["Steam","Streamline"],"picked":"Glacier","floor":1.0},{"not_picked":["Doom and Gloom","Melter"],"picked":"Go for the Eyes","floor":2.0},{"not_picked":["Rebound","Steam Power"],"picked":"Leap","floor":3.0},{"not_picked":["Chill","Steam"],"picked":"Ball Lightning","floor":4.0},{"not_picked":["Redo","Lockon"],"picked":"Conserve Battery","floor":7.0},{"not_picked":["Coolheaded","Turbo"],"picked":"Biased Cognition","floor":8.0},{"not_picked":["Redo","Leap"],"picked":"Cold Snap","floor":12.0},{"not_picked":["BootSequence","Turbo"],"picked":"Core Surge","floor":14.0},{"not_picked":["Streamline","Gash","Rebound"],"picked":"SKIP","floor":18.0},{"not_picked":["Redo","Chaos"],"picked":"Self Repair","floor":19.0},{"not_picked":["Darkness","Steam Power","Steam"],"picked":"SKIP","floor":20.0},{"not_picked":["Redo","Consume"],"picked":"FTL","floor":22.0},{"not_picked":["Ball Lightning","Turbo","Rebound"],"picked":"SKIP","floor":24.0},{"not_picked":["Turbo","Streamline","Fusion"],"picked":"Singing Bowl","floor":29.0}],"player_experience":1136908,"relics_obtained":[{"floor":7.0,"key":"Pantograph"},{"floor":9.0,"key":"Matryoshka"},{"floor":26.0,"key":"Singing Bowl"},{"floor":29.0,"key":"Turnip"}],"event_choices":[{"damage_healed":0.0,"max_hp_gain":0.0,"max_hp_loss":0.0,"gold_gain":150.0,"event_name":"Liars Game","player_choice":"AGREE","floor":5.0,"gold_loss":0.0,"damage_taken":0.0,"cards_obtained":["Doubt"]},{"damage_healed":0.0,"max_hp_gain":0.0,"max_hp_loss":0.0,"gold_gain":0.0,"event_name":"Scrap Ooze","player_choice":"Success","floor":11.0,"gold_loss":0.0,"damage_taken":5.0,"relics_obtained":["Bag of Marbles"]},{"damage_healed":0.0,"max_hp_gain":0.0,"max_hp_loss":0.0,"gold_gain":0.0,"event_name":"The Woman in Blue","player_choice":"Bought 2 Potions","floor":13.0,"gold_loss":0.0,"damage_taken":0.0},{"cards_removed":["Strike_B"],"damage_healed":0.0,"max_hp_gain":0.0,"max_hp_loss":0.0,"gold_gain":0.0,"event_name":"Beggar","player_choice":"Gave Gold","floor":28.0,"gold_loss":75.0,"damage_taken":0.0},{"damage_healed":0.0,"max_hp_gain":0.0,"max_hp_loss":0.0,"gold_gain":0.0,"event_name":"N\u0027loth","player_choice":"Ignored","floor":31.0,"gold_loss":0.0,"damage_taken":0.0}],"is_beta":false,"boss_relics":[{"not_picked":["Sozu","Coffee Dripper"],"picked":"Inserter"}],"items_purged_floors":[21],"is_endless":false,"potions_floor_spawned":[2,3,4,16,22],"killed_by":"Champ","ascension_level":16}