{"gold_per_floor":[114,114,14,33,49,49,74,74,123,198,198,217,64,77,77,181,181,199,114,124,140,150,150,168,168,223,243,243,277,287,302,302,397,397,415,415,82,92,29,29,129,129,179,190,219,219],"floor_reached":46,"playtime":1883,"items_purged":["Strike_G","Strike_G","Well Laid Plans"],"score":610,"play_id":"7d5a5f33-44d1-4930-b4a1-f574671f5606","local_time":"20190208154000","is_ascension_mode":true,"campfire_choices":[{"data":"Noxious Fumes","floor":6,"key":"SMITH"},{"data":"Dagger Spray","floor":8,"key":"SMITH"},{"floor":15,"key":"REST"},{"floor":23,"key":"REST"},{"floor":25,"key":"REST"},{"floor":32,"key":"REST"},{"data":"Strike_G","floor":40,"key":"PURGE"},{"data":"Strike_G","floor":42,"key":"PURGE"}],"neow_cost":"NONE","seed_source_timestamp":597848347605381,"circlet_count":0,"master_deck":["Defend_G","Defend_G","Defend_G","Defend_G","Defend_G","Strike_G","Survivor","Neutralize+1","Prepared","Dagger Spray+1","Infinite Blades","Noxious Fumes+1","Deflect","Sucker Punch","After Image","Corpse Explosion","Prepared+1","Catalyst","Noxious Fumes+1","Catalyst","Backflip","Night Terror","Acrobatics+1","Footwork"],"relics":["Lizard Tail","Odd Mushroom","Strawberry","Runic Pyramid","Bag of Preparation","Regal Pillow","Peace Pipe","Busted Crown","Membership Card","Tiny Chest","Calipers","Centennial Puzzle"],"potions_floor_usage":[7,12,16,27,30,31],"damage_taken":[{"damage":3,"enemies":"2 Louse","floor":1,"turns":4},{"damage":0,"enemies":"Cultist","floor":4,"turns":4},{"damage":7,"enemies":"Jaw Worm","floor":5,"turns":5},{"damage":34,"enemies":"The Mushroom Lair","floor":7,"turns":5},{"damage":10,"enemies":"Looter","floor":12,"turns":4},{"damage":10,"enemies":"Large Slime","floor":14,"turns":6},{"damage":6,"enemies":"Hexaghost","floor":16,"turns":11},{"damage":16,"enemies":"Spheric Guardian","floor":18,"turns":4},{"damage":31,"enemies":"2 Thieves","floor":20,"turns":4},{"damage":24,"enemies":"Sentry and Sphere","floor":21,"turns":6},{"damage":29,"enemies":"Shelled Parasite and Fungi","floor":22,"turns":6},{"damage":26,"enemies":"Centurion and Healer","floor":24,"turns":5},{"damage":8,"enemies":"Cultist and Chosen","floor":27,"turns":5},{"damage":37,"enemies":"Book of Stabbing","floor":29,"turns":8},{"damage":21,"enemies":"Snake Plant","floor":30,"turns":5},{"damage":3,"enemies":"3 Cultists","floor":31,"turns":3},{"damage":23,"enemies":"Champ","floor":33,"turns":9},{"damage":3,"enemies":"3 Shapes","floor":35,"turns":4},{"damage":9,"enemies":"Orb Walker","floor":38,"turns":5},{"damage":15,"enemies":"Mind Bloom Boss Battle","floor":41,"turns":8},{"damage":0,"enemies":"Spire Growth","floor":44,"turns":8},{"damage":38,"enemies":"Reptomancer","floor":45,"turns":5},{"damage":22,"enemies":"Sphere and 2 Shapes","floor":46,"turns":3}],"seed_played":"-5763069038286809084","potions_obtained":[{"floor":5,"key":"Poison Potion"},{"floor":7,"key":"Fruit Juice"},{"floor":14,"key":"Explosive Potion"},{"floor":18,"key":"EssenceOfSteel"},{"floor":21,"key":"FearPotion"},{"floor":22,"key":"Fruit Juice"},{"floor":29,"key":"AttackPotion"},{"floor":35,"key":"PowerPotion"},{"floor":41,"key":"GhostInAJar"}],"is_trial":false,"path_per_floor":["M","?","$","M","M","R","?","R","T","?","?","M","$","M","R","B",null,"M","?","M","M","M","R","M","R","T","M","?","E","M","M","R","B",null,"M","?","$","M","$","R","?","R","T","M","E","M"],"character_chosen":"THE_SILENT","items_purchased":["Dagger Spray","After Image","Membership Card","Tiny Chest","Footwork"],"campfire_rested":4,"item_purchase_floors":[3,13,37,37,37],"current_hp_per_floor":[67,67,67,67,60,60,26,26,33,22,22,17,17,7,31,25,82,66,66,35,11,24,48,22,46,46,43,72,35,14,11,52,29,87,84,84,84,75,75,75,60,60,60,60,22,0],"gold":219,"neow_bonus":"BOSS_RELIC","is_prod":false,"is_daily":false,"chose_seed":false,"campfire_upgraded":2,"win_rate":0,"timestamp":1549611600,"path_taken":["M","?","$","M","?","R","?","R","T","?","?","M","?","M","R","BOSS","M","?","M","M","M","R","M","R","T","M","?","E","M","M","R","BOSS","M","?","$","M","?","R","?","R","T","?","E","M"],"build_version":"2019-01-23","purchased_purges":3,"victory":false,"max_hp_per_floor":[70,70,70,70,70,70,70,70,77,77,77,82,82,82,82,82,82,82,82,82,82,82,82,82,82,82,87,87,87,87,87,87,87,87,87,87,87,87,87,87,87,87,87,87,87,87],"card_choices":[{"not_picked":["Underhanded Strike","Catalyst"],"picked":"Prepared","floor":1},{"not_picked":["Acrobatics","Expertise"],"picked":"Infinite Blades","floor":4},{"not_picked":["Acrobatics","Poisoned Stab"],"picked":"Noxious Fumes","floor":5},{"not_picked":["Sucker Punch","Night Terror"],"picked":"Deflect","floor":7},{"not_picked":["Bane","PiercingWail"],"picked":"Sucker Punch","floor":12},{"not_picked":["Phantasmal Killer","Dagger Spray","Outmaneuver"],"picked":"SKIP","floor":14},{"not_picked":["Glass Knife","Venomology"],"picked":"Corpse Explosion","floor":16},{"not_picked":["Blur","Dagger Spray"],"picked":"Prepared+1","floor":18},{"not_picked":["Outmaneuver","Riddle With Holes"],"picked":"Catalyst","floor":20},{"not_picked":["Poisoned Stab","Dagger Throw+1"],"picked":"Noxious Fumes+1","floor":21},{"not_picked":["Endless Agony","Poisoned Stab","All Out Attack"],"picked":"SKIP","floor":22},{"not_picked":["Acrobatics","Bane"],"picked":"Catalyst","floor":24},{"not_picked":["Slice","Outmaneuver+1"],"picked":"Well Laid Plans","floor":27},{"not_picked":["Heel Hook","Dodge and Roll","Infinite Blades"],"picked":"SKIP","floor":29},{"not_picked":["Acrobatics","Concentrate","Quick Slash"],"picked":"SKIP","floor":30},{"not_picked":["Phantasmal Killer","Backstab+1"],"picked":"Backflip","floor":31},{"not_picked":["Wraith Form v2","Venomology"],"picked":"Night Terror","floor":33},{"not_picked":[],"picked":"Acrobatics+1","floor":35},{"not_picked":["Choke+1"],"picked":"SKIP","floor":38},{"not_picked":["Acrobatics"],"picked":"SKIP","floor":44},{"not_picked":["Well Laid Plans"],"picked":"SKIP","floor":45}],"player_experience":210732,"relics_obtained":[{"floor":7,"key":"Odd Mushroom"},{"floor":9,"key":"Strawberry"},{"floor":26,"key":"Regal Pillow"},{"floor":29,"key":"Peace Pipe"},{"floor":41,"key":"Calipers"},{"floor":45,"key":"Centennial Puzzle"}],"event_choices":[{"damage_healed":0,"gold_gain":0,"player_choice":"Forge","damage_taken":0,"max_hp_gain":0,"max_hp_loss":0,"event_name":"Accursed Blacksmith","floor":2,"gold_loss":0,"cards_upgraded":["Neutralize"]},{"damage_healed":0,"gold_gain":0,"player_choice":"Fought Mushrooms","damage_taken":0,"max_hp_gain":0,"max_hp_loss":0,"event_name":"Mushrooms","floor":7,"gold_loss":0},{"damage_healed":0,"gold_gain":75,"player_choice":"Gather Gold","damage_taken":11,"max_hp_gain":0,"max_hp_loss":0,"event_name":"World of Goop","floor":10,"gold_loss":0},{"damage_healed":0,"gold_gain":0,"player_choice":"Ignored","damage_taken":0,"max_hp_gain":0,"max_hp_loss":0,"event_name":"Liars Game","floor":11,"gold_loss":0},{"damage_healed":0,"gold_gain":0,"player_choice":"Obtained Relic","damage_taken":0,"relics_obtained":["Bag of Preparation"],"max_hp_gain":0,"max_hp_loss":0,"event_name":"Addict","floor":19,"gold_loss":85},{"damage_healed":29,"gold_gain":0,"player_choice":"Heal","damage_taken":0,"max_hp_gain":0,"max_hp_loss":0,"event_name":"The Library","floor":28,"gold_loss":0},{"damage_healed":0,"gold_gain":0,"player_choice":"Bought 0 Potions","damage_taken":0,"max_hp_gain":0,"max_hp_loss":0,"event_name":"The Woman in Blue","floor":36,"gold_loss":0},{"damage_healed":0,"gold_gain":0,"player_choice":"Fight","damage_taken":0,"max_hp_gain":0,"max_hp_loss":0,"event_name":"MindBloom","floor":41,"gold_loss":0}],"is_beta":false,"boss_relics":[{"not_picked":["Pandora\u0027s Box","Calling Bell"],"picked":"Runic Pyramid"},{"not_picked":["Orrery","HoveringKite"],"picked":"Busted Crown"}],"items_purged_floors":[3,37,39],"is_endless":false,"potions_floor_spawned":[5,7,14,18,21,22,24,29,35,41],"killed_by":"Sphere and 2 Shapes","ascension_level":3}