{"gold_per_floor":[361,36,50,67,67,67,96,96,149,149,149,149,179,254,254,254],"floor_reached":16,"playtime":843,"items_purged":["Pain"],"score":196,"play_id":"8498e453-4b56-4e5a-878d-52823afc3248","local_time":"20190210121058","is_ascension_mode":true,"campfire_choices":[{"data":"Body Slam","floor":6,"key":"SMITH"},{"floor":8,"key":"REST"},{"data":"Bash","floor":10,"key":"SMITH"},{"floor":12,"key":"REST"},{"floor":15,"key":"REST"}],"neow_cost":"CURSE","seed_source_timestamp":438953788443600,"circlet_count":0,"master_deck":["AscendersBane","Strike_R","Strike_R","Strike_R","Strike_R+1","Defend_R","Defend_R","Defend_R","Defend_R","Bash+1","Feel No Pain","Armaments+1","Body Slam+1","Twin Strike"],"relics":["Burning Blood","Vajra","Bag of Preparation","Oddly Smooth Stone","Ice Cream"],"potions_floor_usage":[7,13,16],"damage_taken":[{"damage":9,"enemies":"Cultist","floor":1,"turns":4},{"damage":13,"enemies":"Jaw Worm","floor":3,"turns":6},{"damage":7,"enemies":"2 Louse","floor":4,"turns":3},{"damage":49,"enemies":"Lagavulin","floor":7,"turns":8},{"damage":22,"enemies":"Gremlin Nob","floor":13,"turns":4},{"damage":26,"enemies":"Hexaghost","floor":16,"turns":9}],"seed_played":"-512078525247185846","potions_obtained":[{"floor":3,"key":"Explosive Potion"},{"floor":7,"key":"LiquidBronze"},{"floor":13,"key":"Swift Potion"}],"is_trial":false,"path_per_floor":["M","$","M","M","?","R","E","R","T","R","?","R","E","?","R","B"],"character_chosen":"IRONCLAD","items_purchased":["Feel No Pain","Vajra"],"campfire_rested":3,"item_purchase_floors":[2,2],"current_hp_per_floor":[65,65,58,57,50,50,7,29,29,29,6,28,12,1,23,0],"gold":254,"neow_bonus":"TWO_FIFTY_GOLD","is_prod":false,"is_daily":false,"chose_seed":false,"campfire_upgraded":2,"win_rate":0,"timestamp":1549797058,"path_taken":["M","$","M","?","?","R","E","R","T","R","?","R","E","?","R","BOSS"],"build_version":"2019-01-23","purchased_purges":1,"victory":false,"max_hp_per_floor":[75,75,75,75,75,75,75,75,75,75,75,75,75,75,75,75],"card_choices":[{"not_picked":["Havoc","Bloodletting","Dropkick"],"picked":"SKIP","floor":1},{"not_picked":["Thunderclap","Power Through"],"picked":"Armaments","floor":3},{"not_picked":["Rage","Thunderclap"],"picked":"Body Slam","floor":4},{"not_picked":["Evolve","Clash","Sever Soul"],"picked":"SKIP","floor":7},{"not_picked":["Evolve","Sever Soul"],"picked":"Twin Strike","floor":13}],"player_experience":548031,"relics_obtained":[{"floor":7,"key":"Bag of Preparation"},{"floor":9,"key":"Oddly Smooth Stone"},{"floor":13,"key":"Ice Cream"}],"event_choices":[{"cards_removed":["Strike_R"],"damage_healed":0,"gold_gain":0,"player_choice":"Card Removal","damage_taken":7,"max_hp_gain":0,"max_hp_loss":0,"event_name":"Golden Wing","floor":5,"gold_loss":0},{"damage_healed":0,"gold_gain":0,"player_choice":"Entered Light","damage_taken":23,"max_hp_gain":0,"max_hp_loss":0,"event_name":"Shining Light","floor":11,"gold_loss":0,"cards_upgraded":["Strike_R","Armaments"]},{"damage_healed":0,"gold_gain":75,"player_choice":"Gather Gold","damage_taken":11,"max_hp_gain":0,"max_hp_loss":0,"event_name":"World of Goop","floor":14,"gold_loss":0}],"is_beta":false,"boss_relics":[],"items_purged_floors":[2],"is_endless":false,"potions_floor_spawned":[3,7,13],"killed_by":"Hexaghost","ascension_level":17}