{"gold_per_floor":[112,132,152,168,168,168,194,194,217,217,236,262,141,141],"floor_reached":14,"playtime":612,"items_purged":[],"score":150,"play_id":"2989d85c-718f-45b3-8b10-6ad184b9729f","local_time":"20190120223137","is_ascension_mode":true,"campfire_choices":[{"data":"Dualcast","floor":6,"key":"SMITH"},{"data":"Self Repair","floor":8,"key":"SMITH"}],"neow_cost":"NONE","seed_source_timestamp":910621036342837,"circlet_count":0,"master_deck":["AscendersBane","Strike_B","Strike_B","Strike_B","Defend_B","Defend_B","Defend_B","Defend_B","Zap+1","Dualcast+1","Fusion+1","Self Repair+1","Ball Lightning","Core Surge","Conserve Battery","Fission"],"relics":["Cracked Core","Anchor","Juzu Bracelet","Bronze Scales"],"potions_floor_usage":[7,14,14,14,14,14,14],"damage_taken":[{"damage":0,"enemies":"Small Slimes","floor":1,"turns":2},{"damage":0,"enemies":"2 Louse","floor":2,"turns":3},{"damage":7,"enemies":"Jaw Worm","floor":3,"turns":3},{"damage":12,"enemies":"3 Louse","floor":4,"turns":4},{"damage":20,"enemies":"Lagavulin","floor":7,"turns":6},{"damage":3,"enemies":"Blue Slaver","floor":11,"turns":3},{"damage":38,"enemies":"Gremlin Nob","floor":12,"turns":5},{"damage":18,"enemies":"Lagavulin","floor":14,"turns":4}],"seed_played":"720776179259231793","potions_obtained":[{"floor":1,"key":"Energy Potion"},{"floor":3,"key":"PowerPotion"},{"floor":12,"key":"EntropicBrew"}],"is_trial":false,"path_per_floor":["M","M","M","M","?","R","E","R","T","?","M","E","$","E"],"character_chosen":"DEFECT","items_purchased":["AttackPotion","Fission"],"campfire_rested":0,"item_purchase_floors":[13,13],"current_hp_per_floor":[68,68,61,56,56,56,43,43,43,36,43,15,15,0],"gold":141,"neow_bonus":"UPGRADE_CARD","is_prod":false,"is_daily":false,"chose_seed":false,"campfire_upgraded":2,"win_rate":0,"timestamp":1548052297,"path_taken":["M","M","M","M","?","R","E","R","T","?","M","E","$","E"],"build_version":"2019-01-17v2","purchased_purges":0,"victory":false,"max_hp_per_floor":[75,75,75,75,75,75,75,75,75,75,75,75,75,75],"card_choices":[{"not_picked":["Streamline","Steam"],"picked":"Fusion","floor":1},{"not_picked":["Rebound","Lockon","Turbo"],"picked":"SKIP","floor":2},{"not_picked":["Steam","Double Energy"],"picked":"Self Repair","floor":3},{"not_picked":["Sweeping Beam","Streamline"],"picked":"Ball Lightning","floor":4},{"not_picked":["Rebound","Melter"],"picked":"Core Surge","floor":7},{"not_picked":["Hologram","FTL","Compile Driver"],"picked":"SKIP","floor":11},{"not_picked":["Lockon","Machine Learning"],"picked":"Conserve Battery","floor":12}],"player_experience":440545,"relics_obtained":[{"floor":7,"key":"Anchor"},{"floor":9,"key":"Juzu Bracelet"},{"floor":12,"key":"Bronze Scales"}],"event_choices":[{"damage_healed":0,"gold_gain":0,"player_choice":"Grow","damage_taken":0,"max_hp_gain":0,"max_hp_loss":0,"event_name":"Living Wall","floor":5,"gold_loss":0,"cards_upgraded":["Fusion"]},{"cards_removed":["Strike_B"],"damage_healed":0,"gold_gain":0,"player_choice":"Card Removal","damage_taken":7,"max_hp_gain":0,"max_hp_loss":0,"event_name":"Golden Wing","floor":10,"gold_loss":0}],"is_beta":false,"boss_relics":[],"items_purged_floors":[],"is_endless":false,"potions_floor_spawned":[1,3,12],"killed_by":"Lagavulin","ascension_level":10}