{"gold_per_floor":[115,127,137,12,29,29,54,68,118,118,132,162,22,41,41,117,117,117,117,17,17,17,17,17,17,17,17,17,17,17,17,17,17],"floor_reached":33,"playtime":2345,"items_purged":["Strike_G","Decay"],"score":505,"play_id":"9b280039-ee76-4f64-81d7-670da0049f14","local_time":"20190203092424","is_ascension_mode":true,"campfire_choices":[{"data":"Dagger Spray","floor":6,"key":"SMITH"},{"data":"Caltrops","floor":10,"key":"SMITH"},{"floor":15,"key":"REST"},{"data":"Noxious Fumes","floor":23,"key":"SMITH"},{"floor":29,"key":"REST"},{"data":"Crippling Poison","floor":32,"key":"SMITH"}],"neow_cost":"NONE","seed_source_timestamp":128395367070200,"circlet_count":0,"master_deck":["AscendersBane","Defend_G","Defend_G","Defend_G","Defend_G","Defend_G","Strike_G","Strike_G","Strike_G","Strike_G","Survivor","Neutralize","Dagger Throw","Deadly Poison","Caltrops+1","Dagger Spray+1","PiercingWail","Malaise","Backflip","Sucker Punch","A Thousand Cuts","Noxious Fumes+1","Cloak And Dagger","Corpse Explosion","Acrobatics","Crippling Poison+1","Deadly Poison+1","PiercingWail","Deadly Poison"],"relics":["Ring of the Snake","Strawberry","Bottled Tornado","Centennial Puzzle","Darkstone Periapt","Ectoplasm","Meat on the Bone","Paper Crane","MutagenicStrength"],"potions_floor_usage":[7,7,7,12,12,27,33],"damage_taken":[{"damage":0,"enemies":"Cultist","floor":1,"turns":4},{"damage":1,"enemies":"Jaw Worm","floor":2,"turns":4},{"damage":7,"enemies":"Small Slimes","floor":3,"turns":4},{"damage":6,"enemies":"Blue Slaver","floor":5,"turns":5},{"damage":8,"enemies":"Gremlin Nob","floor":7,"turns":3},{"damage":1,"enemies":"Looter","floor":8,"turns":3},{"damage":0,"enemies":"2 Fungi Beasts","floor":11,"turns":3},{"damage":9,"enemies":"Lagavulin","floor":12,"turns":8},{"damage":5,"enemies":"3 Louse","floor":14,"turns":2},{"damage":26,"enemies":"Hexaghost","floor":16,"turns":10},{"damage":16,"enemies":"Spheric Guardian","floor":18,"turns":6},{"damage":1,"enemies":"3 Byrds","floor":22,"turns":2},{"damage":19,"enemies":"Centurion and Healer","floor":24,"turns":9},{"damage":13,"enemies":"3 Cultists","floor":25,"turns":3},{"damage":13,"enemies":"Snecko","floor":27,"turns":6},{"damage":60,"enemies":"Automaton","floor":33,"turns":6}],"seed_played":"6251321865147519228","potions_obtained":[{"floor":3,"key":"GamblersBrew"},{"floor":5,"key":"EntropicBrew"},{"floor":11,"key":"Block Potion"},{"floor":14,"key":"Explosive Potion"},{"floor":16,"key":"FearPotion"},{"floor":18,"key":"GamblersBrew"},{"floor":24,"key":"GamblersBrew"}],"is_trial":false,"path_per_floor":["M","M","M","$","M","R","E","M","T","R","M","E","$","M","R","B",null,"M","?","$","?","M","R","M","M","T","M","T","R","?","$","R","B"],"character_chosen":"THE_SILENT","items_purchased":["Dagger Spray","Noxious Fumes","Cloak And Dagger"],"campfire_rested":2,"item_purchase_floors":[4,13,13],"current_hp_per_floor":[66,65,58,58,52,52,44,43,43,43,43,34,34,29,50,24,61,45,51,51,51,50,50,31,18,18,17,17,40,40,40,40,0],"gold":17,"neow_bonus":"RANDOM_COMMON_RELIC","is_prod":false,"is_daily":false,"chose_seed":false,"campfire_upgraded":4,"win_rate":0,"timestamp":1549182264,"path_taken":["M","?","M","?","M","R","E","M","T","R","M","E","$","?","R","BOSS","M","?","$","?","M","R","M","M","T","M","?","R","?","$","R","BOSS"],"build_version":"2019-01-23","purchased_purges":2,"victory":false,"max_hp_per_floor":[73,73,73,73,73,73,73,73,73,73,73,73,73,73,73,73,73,73,79,79,79,79,79,79,79,79,79,79,79,79,79,79,79],"card_choices":[{"not_picked":["Dodge and Roll","Sucker Punch"],"picked":"Dagger Throw","floor":1},{"not_picked":["Dodge and Roll","Flechettes"],"picked":"Deadly Poison","floor":2},{"not_picked":["Distraction","Deadly Poison"],"picked":"Caltrops","floor":3},{"not_picked":["Acrobatics","Concentrate"],"picked":"PiercingWail","floor":5},{"not_picked":["Flechettes","Prepared"],"picked":"Malaise","floor":7},{"not_picked":["Riddle With Holes","Acrobatics"],"picked":"Backflip","floor":8},{"not_picked":["Bane","Underhanded Strike"],"picked":"Sucker Punch","floor":11},{"not_picked":["Catalyst","Blur"],"picked":"A Thousand Cuts","floor":12},{"not_picked":["Sucker Punch","Dagger Spray","Slice"],"picked":"SKIP","floor":14},{"not_picked":["Sucker Punch","Dagger Spray","Slice"],"picked":"SKIP","floor":14},{"not_picked":["Night Terror","Unload"],"picked":"Corpse Explosion","floor":16},{"not_picked":["Calculated Gamble","Poisoned Stab"],"picked":"Acrobatics","floor":18},{"not_picked":["Poisoned Stab","Sucker Punch"],"picked":"Crippling Poison","floor":22},{"not_picked":["Dagger Spray","Slice"],"picked":"Deadly Poison+1","floor":24},{"not_picked":["Sucker Punch+1","Underhanded Strike"],"picked":"PiercingWail","floor":25},{"not_picked":["Blade Dance","Quick Slash"],"picked":"Deadly Poison","floor":27}],"player_experience":362575,"relics_obtained":[{"floor":7,"key":"Bottled Tornado"},{"floor":9,"key":"Centennial Puzzle"},{"floor":12,"key":"Darkstone Periapt"},{"floor":26,"key":"Meat on the Bone"},{"floor":28,"key":"Paper Crane"}],"event_choices":[{"damage_healed":0,"gold_gain":0,"player_choice":"Smashed Altar","damage_taken":0,"max_hp_gain":0,"max_hp_loss":0,"event_name":"Forgotten Altar","floor":19,"gold_loss":0,"cards_obtained":["Decay"]},{"damage_healed":0,"gold_gain":0,"player_choice":"Inject Mutagens","damage_taken":0,"relics_obtained":["MutagenicStrength"],"max_hp_gain":0,"max_hp_loss":0,"event_name":"Drug Dealer","floor":30,"gold_loss":0}],"is_beta":false,"boss_relics":[{"not_picked":["Tiny House","White Beast Statue"],"picked":"Ectoplasm"}],"items_purged_floors":[4,20],"is_endless":false,"potions_floor_spawned":[3,5,11,14,16,18,24],"killed_by":"Automaton","ascension_level":19}