{"gold_per_floor":[118,118,129,76,88,88,107,122,147,147,147,175,250,263,263,360,360,379,379,379,270,270,270,302,202,202,202,216,216,241,257,257,257],"floor_reached":33,"playtime":1169,"items_purged":["Decay","Shame"],"score":308,"play_id":"45bfef5d-1898-426c-8bca-32f4af6c0c8b","local_time":"20181121190253","is_ascension_mode":false,"campfire_choices":[{"data":"Dualcast","floor":6.0,"key":"SMITH"},{"data":"Zap","floor":11.0,"key":"SMITH"},{"data":"Go for the Eyes","floor":15.0,"key":"SMITH"},{"data":"Rainbow","floor":23,"key":"SMITH"},{"floor":27,"key":"REST"},{"floor":29,"key":"REST"},{"floor":32,"key":"REST"}],"neow_cost":"NONE","seed_source_timestamp":0,"circlet_count":0,"master_deck":["Strike_B+1","Strike_B+1","Strike_B+1","Defend_B+1","Defend_B+1","Defend_B+1","Defend_B+1","Zap+1","Dualcast+1","Ball Lightning","Lockon","Go for the Eyes+1","Conserve Battery","Chill","Capacitor","Coolheaded","Capacitor","Rainbow+1","Injury","Glacier"],"special_seed":0,"relics":["Cracked Core","Pen Nib","Dream Catcher","Boot","Calling Bell","Happy Flower","Singing Bowl","Turnip","Juzu Bracelet","StoneCalendar","Ginger"],"potions_floor_usage":[22],"damage_taken":[{"damage":0.0,"enemies":"Small Slimes","floor":1.0,"turns":4.0},{"damage":0.0,"enemies":"Cultist","floor":3.0,"turns":2.0},{"damage":0.0,"enemies":"2 Louse","floor":5.0,"turns":3.0},{"damage":7.0,"enemies":"Blue Slaver","floor":7.0,"turns":2.0},{"damage":0.0,"enemies":"Large Slime","floor":8.0,"turns":5.0},{"damage":5.0,"enemies":"Lagavulin","floor":12.0,"turns":5.0},{"damage":0.0,"enemies":"Exordium Wildlife","floor":14.0,"turns":2.0},{"damage":11.0,"enemies":"The Guardian","floor":16.0,"turns":9.0},{"damage":12.0,"enemies":"Chosen","floor":18.0,"turns":6.0},{"damage":19,"enemies":"Colosseum Slavers","floor":22,"turns":6},{"damage":36,"enemies":"Book of Stabbing","floor":24,"turns":8},{"damage":0,"enemies":"3 Byrds","floor":28,"turns":5},{"damage":23,"enemies":"Gremlin Leader","floor":30,"turns":9},{"damage":9,"enemies":"Cultist and Chosen","floor":31,"turns":7},{"damage":41,"enemies":"Automaton","floor":33,"turns":12}],"seed_played":"4470978598878192804","potions_obtained":[{"floor":1.0,"key":"EssenceOfSteel"},{"floor":12.0,"key":"Fire Potion"},{"floor":14.0,"key":"Weak Potion"},{"floor":28,"key":"Dexterity Potion"}],"is_trial":false,"path_per_floor":["M","?","M","$","M","R","M","M","T","$","R","E","?","M","R","B",null,"M","M","?","?","$","?","R","E","$","T","R","M","R","E","M","R","B"],"character_chosen":"DEFECT","items_purchased":["Conserve Battery","Glacier"],"campfire_rested":3,"item_purchase_floors":[4,21],"current_hp_per_floor":[75,75,75,75,75,75,68,68,68,68,68,63,52,52,52,41,75,65,65,65,65,46,46,12,12,12,37,39,65,44,37,65,24],"gold":257,"neow_bonus":"RANDOM_COMMON_RELIC","is_prod":false,"is_daily":false,"chose_seed":false,"campfire_upgraded":4,"win_rate":0,"timestamp":1542826973,"path_taken":["M","?","M","$","?","R","M","M","T","$","R","E","?","M","R","BOSS","M","?","?","$","?","R","E","$","T","R","M","R","E","M","R","BOSS"],"build_version":"2018-11-15","purchased_purges":2,"victory":false,"max_hp_per_floor":[75,75,75,75,75,75,75,75,75,75,75,75,75,75,75,75,75,77,77,77,77,77,77,79,79,79,81,83,85,87,89,91,91],"card_choices":[{"not_picked":["Blizzard","Gash"],"picked":"Ball Lightning","floor":1.0},{"not_picked":["Aggregate","Steam"],"picked":"Go for the Eyes","floor":3.0},{"not_picked":["Conserve Battery","Force Field"],"picked":"Chill","floor":5.0},{"not_picked":["Redo","Barrage"],"picked":"Capacitor","floor":7.0},{"not_picked":["Reinforced Body","Scrape"],"picked":"Coolheaded","floor":8.0},{"not_picked":["Sunder","Skim","Beam Cell"],"picked":"SKIP","floor":12.0},{"not_picked":["Stack","Sunder"],"picked":"Capacitor","floor":14.0},{"not_picked":["Thunder Strike","Amplify"],"picked":"Rainbow","floor":16.0},{"not_picked":["Reprogram","Cold Snap","Ball Lightning"],"picked":"Singing Bowl","floor":18},{"not_picked":["Steam","Sweeping Beam","Scrape+1"],"picked":"Singing Bowl","floor":24},{"not_picked":["Coolheaded","Cold Snap","Steam Power"],"picked":"Singing Bowl","floor":27},{"not_picked":["Biased Cognition","Hologram+1","Sweeping Beam+1"],"picked":"Singing Bowl","floor":28},{"not_picked":["Sunder","Melter","Go for the Eyes"],"picked":"Singing Bowl","floor":29},{"not_picked":["Scrape","Hologram","Fusion"],"picked":"Singing Bowl","floor":30},{"not_picked":["Rebound","Sweeping Beam+1","Redo"],"picked":"Singing Bowl","floor":31},{"not_picked":["Beam Cell","Sweeping Beam","Streamline+1"],"picked":"Singing Bowl","floor":32}],"player_experience":808352,"relics_obtained":[{"floor":9.0,"key":"Dream Catcher"},{"floor":12.0,"key":"Boot"},{"floor":17.0,"key":"Happy Flower"},{"floor":17.0,"key":"Singing Bowl"},{"floor":17.0,"key":"Turnip"},{"floor":24,"key":"Juzu Bracelet"},{"floor":26,"key":"StoneCalendar"},{"floor":30,"key":"Ginger"}],"event_choices":[{"damage_healed":0.0,"max_hp_gain":0.0,"max_hp_loss":0.0,"gold_gain":0.0,"cards_transformed":["Strike_B"],"event_name":"Transmorgrifier","player_choice":"Transformed","floor":2.0,"gold_loss":0.0,"damage_taken":0.0,"cards_obtained":["Lockon"]},{"damage_healed":0.0,"max_hp_gain":0.0,"max_hp_loss":0.0,"gold_gain":75.0,"event_name":"World of Goop","player_choice":"Gather Gold","floor":13.0,"gold_loss":0.0,"damage_taken":11.0},{"damage_healed":0,"gold_gain":0,"player_choice":"Simplicity","damage_taken":0,"max_hp_gain":0,"max_hp_loss":0,"event_name":"Back to Basics","floor":19,"gold_loss":0,"cards_upgraded":["Strike_B","Strike_B","Strike_B","Defend_B","Defend_B","Defend_B","Defend_B"]},{"damage_healed":0,"gold_gain":0,"player_choice":"Ignored","damage_taken":0,"max_hp_gain":0,"max_hp_loss":0,"event_name":"Cursed Tome","floor":20,"gold_loss":0},{"damage_healed":0,"gold_gain":0,"player_choice":"Fight","damage_taken":0,"max_hp_gain":0,"max_hp_loss":0,"event_name":"Colosseum","floor":22,"gold_loss":0},{"damage_healed":0,"gold_gain":0,"player_choice":"Fled From Nobs","damage_taken":0,"max_hp_gain":0,"max_hp_loss":0,"event_name":"Colosseum","floor":22,"gold_loss":0}],"is_beta":false,"boss_relics":[{"not_picked":["Velvet Choker","Fusion Hammer"],"picked":"Calling Bell"}],"items_purged_floors":[21,25],"is_endless":false,"potions_floor_spawned":[1,12,14,28],"killed_by":"Automaton","ascension_level":0}