{"gold_per_floor":[219,231,248,51,68,68,88,88,111,81,94,110,129,145,145,241,241,258,185,185,185,197,197,208,34,83,83,98,98,98,148,148,243,243,257,217,1266,1277,778,809,36,86,86,86,97,162,162,179,179,179],"floor_reached":51,"playtime":7881,"items_purged":["Strike_G","Strike_G","Normality","Normality"],"score":850,"play_id":"d59505a7-f68b-43e6-a0a4-0d45a0980163","local_time":"20180904195048","is_ascension_mode":true,"campfire_choices":[{"data":"Neutralize","floor":6,"key":"SMITH"},{"data":"Footwork","floor":8,"key":"SMITH"},{"data":"Catalyst","floor":15,"key":"SMITH"},{"data":"Crippling Poison","floor":23,"key":"SMITH"},{"data":"Crippling Poison","floor":27,"key":"SMITH"},{"data":"Malaise","floor":29,"key":"SMITH"},{"data":"Poisoned Stab","floor":32,"key":"SMITH"},{"data":"Catalyst","floor":44,"key":"SMITH"},{"floor":47,"key":"REST"},{"data":"Well Laid Plans","floor":49,"key":"SMITH"}],"neow_cost":"NONE","seed_source_timestamp":420670739909511,"circlet_count":0,"master_deck":["Defend_G","Defend_G+1","Defend_G","Defend_G","Defend_G","Strike_G","Strike_G+1","Survivor","Neutralize+1","Catalyst+1","Footwork+1","Backflip","Dagger Spray+1","Dodge and Roll","Sucker Punch","Poisoned Stab+1","Crippling Poison+1","Malaise+1","Poisoned Stab","Backflip","Backstab","Crippling Poison+1","Outmaneuver","Dodge and Roll+1","Catalyst+1","Escape Plan","Well Laid Plans+1","Flash of Steel","Distraction","Madness","Madness","Deadly Poison"],"relics":["Ring of the Snake","Bronze Scales","Busted Crown","Whetstone","SsserpentHead","Cursed Key","Oddly Smooth Stone","Lantern","Bag of Marbles","Toolbox"],"potions_floor_usage":[5,16,16,16,28,33,40,40,45,50,50,50],"damage_taken":[{"damage":0,"enemies":"Cultist","floor":1,"turns":3},{"damage":3,"enemies":"2 Louse","floor":2,"turns":3},{"damage":0,"enemies":"Small Slimes","floor":3,"turns":4},{"damage":9,"enemies":"Gremlin Gang","floor":5,"turns":5},{"damage":8,"enemies":"Exordium Thugs","floor":7,"turns":6},{"damage":0,"enemies":"Looter","floor":10,"turns":4},{"damage":22,"enemies":"Gremlin Gang","floor":11,"turns":5},{"damage":0,"enemies":"3 Louse","floor":12,"turns":5},{"damage":0,"enemies":"Red Slaver","floor":13,"turns":4},{"damage":0,"enemies":"2 Fungi Beasts","floor":14,"turns":3},{"damage":0,"enemies":"The Guardian","floor":16,"turns":7},{"damage":17,"enemies":"Shell Parasite","floor":18,"turns":6},{"damage":4,"enemies":"2 Thieves","floor":22,"turns":5},{"damage":4,"enemies":"Snake Plant","floor":24,"turns":4},{"damage":4,"enemies":"Centurion and Healer","floor":28,"turns":5},{"damage":39,"enemies":"Collector","floor":33,"turns":6},{"damage":15,"enemies":"3 Darklings","floor":35,"turns":6},{"damage":0,"enemies":"3 Shapes","floor":38,"turns":4},{"damage":13,"enemies":"Giant Head","floor":40,"turns":8},{"damage":0,"enemies":"Spire Growth","floor":45,"turns":4},{"damage":4,"enemies":"Reptomancer","floor":46,"turns":5},{"damage":0,"enemies":"4 Shapes","floor":48,"turns":4},{"damage":13,"enemies":"Donu and Deca","floor":50,"turns":13}],"seed_played":"7231418094732400537","potions_obtained":[{"floor":1,"key":"Swift Potion"},{"floor":3,"key":"LiquidBronze"},{"floor":5,"key":"Ancient Potion"},{"floor":12,"key":"Regen Potion"},{"floor":14,"key":"Poison Potion"},{"floor":18,"key":"PowerPotion"},{"floor":24,"key":"GamblersBrew"},{"floor":33,"key":"FearPotion"},{"floor":35,"key":"Energy Potion"},{"floor":45,"key":"Fruit Juice"},{"floor":46,"key":"Ancient Potion"}],"is_trial":false,"path_per_floor":["M","M","M","$","M","R","M","R","T","M","M","M","M","M","R","B",null,"M","$","?","$","M","R","M","$","T","R","M","R","?","?","R","B",null,"M","?","?","M","$","E","$","?","T","R","M","M","R","M","R","B"],"character_chosen":"THE_SILENT","items_purchased":["Dagger Spray","Escape Plan","Poisoned Stab","Backflip","Crippling Poison","Oddly Smooth Stone","Catalyst","Escape Plan","Regen Potion","Well Laid Plans","Bag of Marbles","Toolbox","Flash of Steel","Distraction","Block Potion"],"campfire_rested":1,"item_purchase_floors":[4,4,19,19,25,39,39,39,39,41,41,41,41,41,41],"current_hp_per_floor":[70,67,67,67,58,58,50,50,50,50,28,28,28,28,28,43,70,53,53,53,53,49,49,45,45,45,45,41,41,41,70,70,31,70,55,55,55,55,55,57,57,48,48,48,53,49,71,75,75,62],"gold":179,"neow_bonus":"HUNDRED_GOLD","is_prod":false,"is_daily":false,"chose_seed":false,"campfire_upgraded":9,"win_rate":0,"timestamp":1536105048,"path_taken":["M","M","M","$","M","R","M","R","T","M","?","M","?","M","R","BOSS","M","$","?","?","M","R","M","$","T","R","M","R","?","?","R","BOSS","M","?","?","M","$","E","$","?","T","R","M","?","R","M","R","BOSS"],"build_version":"2018-08-30","purchased_purges":4,"victory":true,"max_hp_per_floor":[70,70,70,70,70,70,70,70,70,70,70,70,70,70,70,70,70,70,70,70,70,70,70,70,70,70,70,70,70,70,70,70,70,70,70,70,70,70,70,70,70,70,70,70,75,75,75,75,75,75],"card_choices":[{"not_picked":["Blur","Quick Slash"],"picked":"Catalyst","floor":1},{"not_picked":["Endless Agony","Backstab"],"picked":"Footwork","floor":2},{"not_picked":["Accuracy","Reflex"],"picked":"Backflip","floor":3},{"not_picked":["Underhanded Strike","Dagger Spray","Slice"],"picked":"SKIP","floor":5},{"not_picked":["Skewer","Concentrate"],"picked":"Dodge and Roll","floor":7},{"not_picked":["Dagger Spray","Infinite Blades"],"picked":"Sucker Punch","floor":10},{"not_picked":["Terror","Backflip"],"picked":"Poisoned Stab","floor":11},{"not_picked":["Underhanded Strike","Eviscerate","Riddle With Holes"],"picked":"SKIP","floor":12},{"not_picked":["Quick Slash","Expertise","Bane"],"picked":"SKIP","floor":13},{"not_picked":["PiercingWail","Dash"],"picked":"Crippling Poison","floor":14},{"not_picked":["Doppelganger","Adrenaline"],"picked":"Malaise","floor":16},{"not_picked":["Finisher"],"picked":"SKIP","floor":18},{"not_picked":["Dagger Throw+1"],"picked":"SKIP","floor":22},{"not_picked":[],"picked":"Backstab","floor":24},{"not_picked":[],"picked":"Outmaneuver","floor":28},{"not_picked":["Underhanded Strike+1"],"picked":"SKIP","floor":35},{"not_picked":[],"picked":"Dodge and Roll+1","floor":38},{"not_picked":["Flechettes"],"picked":"SKIP","floor":40},{"not_picked":["Dagger Throw+1"],"picked":"SKIP","floor":45},{"not_picked":[],"picked":"Deadly Poison","floor":46},{"not_picked":["Deflect"],"picked":"SKIP","floor":48}],"player_experience":2620814,"relics_obtained":[{"floor":9,"key":"Bronze Scales"},{"floor":26,"key":"Whetstone"},{"floor":40,"key":"Lantern"}],"event_choices":[{"event_name":"Ghosts","player_choice":"Ignored","floor":20,"damage_taken":0},{"event_name":"FaceTrader","player_choice":"Trade","floor":30,"damage_taken":0},{"event_name":"Bonfire Elementals","player_choice":"UNCOMMON","floor":31,"damage_taken":0},{"event_name":"Designer","player_choice":"Full Service","floor":36,"damage_taken":0},{"event_name":"MindBloom","player_choice":"Gold","floor":37,"damage_taken":0},{"event_name":"Winding Halls","player_choice":"Embrace Madness","floor":42,"damage_taken":0}],"is_beta":false,"boss_relics":[{"not_picked":["Black Star","WristBlade"],"picked":"Busted Crown"},{"not_picked":["White Beast Statue","Tiny House"],"picked":"Cursed Key"}],"items_purged_floors":[4,25,39,41],"is_endless":false,"potions_floor_spawned":[1,3,5,12,14,18,24,33,35,45,46],"ascension_level":3}