{"gold_per_floor":[116,130,27,37,37,37,70,70,115,136,136,154,170,201,201,327,327,311,236,261,275,84,84,99,99,99,115,131,131,164,189,189,314,314,339,239,239,253,378,378,397,415,415,435,435,460,2,23,23,23],"floor_reached":51,"playtime":2307,"items_purged":["Pain","Writhe","Rip and Tear"],"score":760,"play_id":"08532b75-55ea-436a-a329-bf76abefe4f1","local_time":"20181205170602","is_ascension_mode":false,"campfire_choices":[{"data":"Dualcast","floor":6.0,"key":"SMITH"},{"data":"Zap","floor":8.0,"key":"SMITH"},{"data":"Ball Lightning","floor":11.0,"key":"SMITH"},{"data":"Cold Snap","floor":15.0,"key":"SMITH"},{"data":"Defragment","floor":23,"key":"SMITH"},{"data":"Defragment","floor":25,"key":"SMITH"},{"floor":29,"key":"REST"},{"data":"Go for the Eyes","floor":32,"key":"SMITH"},{"data":"Blizzard","floor":40,"key":"SMITH"},{"data":"Defragment","floor":45,"key":"SMITH"},{"floor":49,"key":"REST"}],"neow_cost":"NONE","seed_source_timestamp":581460476835063,"circlet_count":0,"master_deck":["Zap+1","Dualcast+1","Glacier","Cold Snap+1","Chill","Ball Lightning+1","Glacier","BootSequence","Electrodynamics","Conserve Battery+1","Defragment+1","Defragment+1","Go for the Eyes+1","Conserve Battery+1","Rainbow","Conserve Battery","Ball Lightning","Rebound","Redo","Leap","Coolheaded","Loop","Blizzard+1","Defragment+1","Creative AI","Defragment"],"special_seed":0,"relics":["Cracked Core","Vajra","Golden Idol","Dream Catcher","Strawberry","Happy Flower","Calling Bell","Bag of Marbles","Sundial","Calipers","DollysMirror","Question Card","Mango","Pandora\u0027s Box","Shovel","Gremlin Horn","Runic Capacitor"],"potions_floor_usage":[50,50,50],"damage_taken":[{"damage":3.0,"enemies":"Small Slimes","floor":1.0,"turns":3.0},{"damage":0.0,"enemies":"Cultist","floor":2.0,"turns":3.0},{"damage":0.0,"enemies":"2 Louse","floor":4.0,"turns":3.0},{"damage":14.0,"enemies":"Gremlin Nob","floor":7.0,"turns":5.0},{"damage":0.0,"enemies":"Exordium Thugs","floor":10.0,"turns":4.0},{"damage":3.0,"enemies":"Gremlin Gang","floor":12.0,"turns":3.0},{"damage":2.0,"enemies":"Lots of Slimes","floor":13.0,"turns":4.0},{"damage":0.0,"enemies":"3 Sentries","floor":14.0,"turns":8.0},{"damage":4.0,"enemies":"Slime Boss","floor":16.0,"turns":10.0},{"damage":12,"enemies":"2 Thieves","floor":18,"turns":4},{"damage":0,"enemies":"Shell Parasite","floor":20,"turns":7},{"damage":4,"enemies":"Shelled Parasite and Fungi","floor":21,"turns":8},{"damage":10,"enemies":"Chosen and Byrds","floor":24,"turns":6},{"damage":10,"enemies":"Centurion and Healer","floor":27,"turns":10},{"damage":0,"enemies":"3 Cultists","floor":28,"turns":6},{"damage":23,"enemies":"Slavers","floor":30,"turns":4},{"damage":0,"enemies":"Chosen and Byrds","floor":31,"turns":7},{"damage":21,"enemies":"Automaton","floor":33,"turns":23},{"damage":5,"enemies":"Orb Walker","floor":35,"turns":4},{"damage":0,"enemies":"3 Shapes","floor":38,"turns":5},{"damage":8,"enemies":"Mind Bloom Boss Battle","floor":39,"turns":7},{"damage":17,"enemies":"3 Darklings","floor":41,"turns":6},{"damage":14,"enemies":"Jaw Worm Horde","floor":42,"turns":5},{"damage":6,"enemies":"Transient","floor":44,"turns":5},{"damage":0,"enemies":"4 Shapes","floor":46,"turns":3},{"damage":2,"enemies":"Writhing Mass","floor":48,"turns":5},{"damage":32,"enemies":"Awakened One","floor":50,"turns":14}],"seed_played":"2145993168528973827","potions_obtained":[{"floor":1.0,"key":"PowerPotion"},{"floor":2.0,"key":"FocusPotion"}],"is_trial":false,"path_per_floor":["M","M","$","M","?","R","E","R","T","M","R","M","M","E","R","B",null,"M","$","M","M","$","R","M","R","T","M","M","R","E","M","R","B",null,"M","$","?","M","?","R","M","M","T","M","R","M","$","M","R","B",null],"character_chosen":"DEFECT","items_purchased":["Cold Snap","FocusPotion","DollysMirror","Defragment","Runic Capacitor","Dexterity Potion"],"campfire_rested":2,"item_purchase_floors":[3,3,22,47,47,47],"current_hp_per_floor":[72,72,72,72,54,54,40,40,47,47,47,44,42,42,42,38,82,70,70,70,66,66,66,56,56,56,46,46,70,61,61,61,40,96,91,91,91,91,83,83,66,52,52,46,46,46,46,44,72,40],"gold":23,"neow_bonus":"RANDOM_COMMON_RELIC","is_prod":false,"is_daily":false,"chose_seed":false,"campfire_upgraded":9,"win_rate":0,"timestamp":1544029562,"path_taken":["M","M","$","M","?","R","E","R","T","M","R","M","M","E","R","BOSS","M","$","M","M","$","R","M","R","T","M","M","R","E","M","R","BOSS","M","$","?","?","?","R","M","M","T","M","R","M","$","M","R","BOSS"],"build_version":"2018-11-15","purchased_purges":3,"victory":true,"max_hp_per_floor":[75,75,75,75,75,75,75,75,82,82,82,82,82,82,82,82,82,82,82,82,82,82,82,82,82,82,82,82,82,96,96,96,96,96,96,96,96,96,96,96,96,96,96,96,96,96,96,96,96,96],"card_choices":[{"not_picked":["Doom and Gloom","Rebound","Leap"],"picked":"SKIP","floor":1.0},{"not_picked":["Steam","Streamline"],"picked":"Glacier","floor":2.0},{"not_picked":["Streamline","Self Repair"],"picked":"Chill","floor":4.0},{"not_picked":["Buffer","Genetic Algorithm"],"picked":"Ball Lightning","floor":7.0},{"not_picked":["Ball Lightning","Rebound","Redo"],"picked":"SKIP","floor":10.0},{"not_picked":["Double Energy","Coolheaded","Beam Cell"],"picked":"SKIP","floor":12.0},{"not_picked":["Redo","Double Energy"],"picked":"Glacier","floor":13.0},{"not_picked":["Static Discharge","Compile Driver"],"picked":"BootSequence","floor":14.0},{"not_picked":["Multi-Cast","Reboot"],"picked":"Electrodynamics","floor":16.0},{"not_picked":["Loop","Sweeping Beam+1"],"picked":"Conserve Battery+1","floor":18},{"not_picked":["Tempest","Capacitor+1"],"picked":"Defragment","floor":20},{"not_picked":["Ball Lightning","Sweeping Beam","Rebound+1"],"picked":"SKIP","floor":21},{"not_picked":["Steam","Aggregate","Stack"],"picked":"SKIP","floor":24},{"not_picked":["Scrape","Leap","Loop","White Noise"],"picked":"SKIP","floor":27},{"not_picked":["Static Discharge+1","Redo","Meteor Strike"],"picked":"Go for the Eyes","floor":28},{"not_picked":["Cold Snap","Aggregate","Sweeping Beam"],"picked":"Conserve Battery+1","floor":30},{"not_picked":["Coolheaded+1","Sunder","Compile Driver","Steam"],"picked":"SKIP","floor":31},{"not_picked":["All For One","Thunder Strike","Fission"],"picked":"Rainbow","floor":33},{"not_picked":["Rebound+1","Reprogram","Turbo","Leap+1"],"picked":"SKIP","floor":35},{"not_picked":["Stack+1","Gash+1","Steam"],"picked":"Blizzard","floor":38},{"not_picked":["Gash","Ball Lightning","Turbo"],"picked":"Defragment","floor":41},{"not_picked":["Recycle+1","Leap+1","Coolheaded","Stack+1"],"picked":"SKIP","floor":42},{"not_picked":["Leap+1","Steam","Cold Snap+1"],"picked":"Creative AI","floor":44},{"not_picked":["Ball Lightning","Steam+1","Rebound+1","Gash"],"picked":"SKIP","floor":46},{"not_picked":["Sunder","Creative AI","Sweeping Beam+1","Ball Lightning"],"picked":"SKIP","floor":48}],"player_experience":854266,"relics_obtained":[{"floor":7.0,"key":"Dream Catcher"},{"floor":9.0,"key":"Strawberry"},{"floor":14.0,"key":"Happy Flower"},{"floor":17.0,"key":"Bag of Marbles"},{"floor":17.0,"key":"Sundial"},{"floor":17.0,"key":"Calipers"},{"floor":26,"key":"Question Card"},{"floor":30,"key":"Mango"},{"floor":39,"key":"Shovel"},{"floor":43,"key":"Gremlin Horn"}],"event_choices":[{"damage_healed":0.0,"max_hp_gain":0.0,"max_hp_loss":0.0,"gold_gain":0.0,"event_name":"Golden Idol","player_choice":"Take Damage","floor":5.0,"gold_loss":0.0,"damage_taken":18.0,"relics_obtained":["Golden Idol"]},{"cards_removed":["Injury"],"damage_healed":0,"gold_gain":0,"player_choice":"Purged","damage_taken":0,"max_hp_gain":0,"max_hp_loss":0,"event_name":"Purifier","floor":37,"gold_loss":0},{"damage_healed":0,"gold_gain":0,"player_choice":"Fight","damage_taken":0,"max_hp_gain":0,"max_hp_loss":0,"event_name":"MindBloom","floor":39,"gold_loss":0}],"is_beta":false,"boss_relics":[{"not_picked":["White Beast Statue","Tiny House"],"picked":"Calling Bell"},{"not_picked":["Eternal Feather","Velvet Choker"],"picked":"Pandora\u0027s Box"}],"items_purged_floors":[19,36,47],"is_endless":false,"potions_floor_spawned":[1,2,7,12,14,16,20,27,31,33,38,39,44],"ascension_level":0}