{"gold_per_floor":[115,129,4,18,18,49,49,63,63,77,77,113,137,168,168,288,288,307,307,327,342,252,252],"floor_reached":23,"playtime":3064,"items_purged":[],"score":213,"play_id":"53607422-ed84-4d94-993c-1d66276f58a0","local_time":"20190129133024","is_ascension_mode":false,"campfire_choices":[{"data":"Barrage","floor":7,"key":"SMITH"},{"floor":11,"key":"REST"},{"floor":15,"key":"REST"}],"neow_cost":"NONE","seed_source_timestamp":135698202818300,"circlet_count":0,"master_deck":["Strike_B","Strike_B","Strike_B","Defend_B","Defend_B+1","Defend_B","Defend_B","Zap","Dualcast","Barrage+1","Coolheaded","Steam Power","Cold Snap","Reboot","Chill","Barrage","Reboot","Defragment","Redo","All For One","Hello World","Darkness","Doom and Gloom+1","Coolheaded+1"],"relics":["Cracked Core","Golden Idol","Art of War","Smiling Mask","Question Card","Matryoshka","Inserter"],"potions_floor_usage":[8,10,10,12,16,23,23,23],"damage_taken":[{"damage":0,"enemies":"Cultist","floor":1,"turns":4},{"damage":7,"enemies":"2 Louse","floor":2,"turns":2},{"damage":1,"enemies":"Jaw Worm","floor":4,"turns":3},{"damage":23,"enemies":"3 Sentries","floor":6,"turns":9},{"damage":18,"enemies":"Exordium Thugs","floor":8,"turns":6},{"damage":6,"enemies":"Gremlin Gang","floor":10,"turns":3},{"damage":10,"enemies":"Lagavulin","floor":12,"turns":6},{"damage":12,"enemies":"Blue Slaver","floor":13,"turns":3},{"damage":9,"enemies":"3 Sentries","floor":14,"turns":7},{"damage":4,"enemies":"The Guardian","floor":16,"turns":13},{"damage":3,"enemies":"3 Byrds","floor":18,"turns":5},{"damage":5,"enemies":"Spheric Guardian","floor":20,"turns":6},{"damage":23,"enemies":"Centurion and Healer","floor":21,"turns":6},{"damage":53,"enemies":"Slavers","floor":23,"turns":3}],"seed_played":"-5431420012383882289","potions_obtained":[{"floor":6,"key":"Ancient Potion"},{"floor":8,"key":"Poison Potion"},{"floor":10,"key":"Poison Potion"},{"floor":12,"key":"FocusPotion"},{"floor":13,"key":"Explosive Potion"},{"floor":16,"key":"Poison Potion"},{"floor":21,"key":"Dexterity Potion"}],"is_trial":false,"path_per_floor":["M","M","$","M","?","E","R","M","T","M","R","E","M","E","R","B",null,"M","?","M","M","?","E"],"character_chosen":"DEFECT","items_purchased":["Steam Power","Fire Potion"],"campfire_rested":2,"item_purchase_floors":[3,3],"current_hp_per_floor":[82,75,75,74,74,51,51,33,33,27,49,39,27,18,40,36,76,73,73,68,45,45,0],"gold":252,"neow_bonus":"TEN_PERCENT_HP_BONUS","is_prod":false,"is_daily":false,"chose_seed":false,"campfire_upgraded":1,"win_rate":0.0,"timestamp":1548765024,"path_taken":["M","M","$","?","?","E","R","M","T","M","R","E","M","E","R","BOSS","M","?","M","M","?","E"],"build_version":"2019-01-23","purchased_purges":0,"victory":false,"max_hp_per_floor":[82,82,82,82,76,76,76,76,76,76,76,76,76,76,76,76,76,76,76,76,76,76,76],"card_choices":[{"not_picked":["Beam Cell","Redo"],"picked":"Barrage","floor":1},{"not_picked":["Scrape","Hologram"],"picked":"Coolheaded","floor":2},{"not_picked":["Thunder Strike","Rebound"],"picked":"Cold Snap","floor":4},{"not_picked":["Go for the Eyes","FTL"],"picked":"Reboot","floor":6},{"not_picked":["Gash","FTL"],"picked":"Chill","floor":8},{"not_picked":["Stack","Tempest"],"picked":"Barrage","floor":10},{"not_picked":["Steam Power","Cold Snap"],"picked":"Reboot","floor":12},{"not_picked":["Compile Driver","Heatsinks","Reinforced Body"],"picked":"Defragment","floor":13},{"not_picked":["Rebound","Ball Lightning","Beam Cell"],"picked":"Redo","floor":14},{"not_picked":["Buffer","Reboot","Multi-Cast"],"picked":"All For One","floor":16},{"not_picked":["Rebound","Gash","Genetic Algorithm"],"picked":"Hello World","floor":18},{"not_picked":["Beam Cell","Gash","Cold Snap"],"picked":"Doom and Gloom+1","floor":20},{"not_picked":["Barrage","Loop+1","Chill"],"picked":"Coolheaded+1","floor":21}],"player_experience":183057,"relics_obtained":[{"floor":6,"key":"Art of War"},{"floor":9,"key":"Smiling Mask"},{"floor":12,"key":"Question Card"},{"floor":14,"key":"Matryoshka"}],"event_choices":[{"damage_healed":0,"gold_gain":0,"player_choice":"Lose Max HP","damage_taken":0,"relics_obtained":["Golden Idol"],"max_hp_gain":0,"max_hp_loss":6,"event_name":"Golden Idol","floor":5,"gold_loss":0},{"damage_healed":0,"gold_gain":0,"player_choice":"Read","damage_taken":0,"max_hp_gain":0,"max_hp_loss":0,"event_name":"The Library","floor":19,"gold_loss":0,"cards_obtained":["Darkness"]},{"cards_removed":["Strike_B"],"damage_healed":0,"gold_gain":0,"player_choice":"Upgrade and Remove","damage_taken":0,"max_hp_gain":0,"max_hp_loss":0,"event_name":"Designer","floor":22,"gold_loss":90,"cards_upgraded":["Defend_B"]}],"is_beta":false,"boss_relics":[{"not_picked":["Snecko Eye","Coffee Dripper"],"picked":"Inserter"}],"items_purged_floors":[],"is_endless":false,"potions_floor_spawned":[6,8,10,12,13,16,21],"killed_by":"Slavers","ascension_level":0}