{"gold_per_floor":[115,115,40,53,53,53,82,101,101,101,101,116,116,133,133,231,231,245,261,278,278,297,297,310,310,310,326,251,269,269,296,296,296],"floor_reached":33,"playtime":1194,"items_purged":["Strike_G"],"score":338,"play_id":"c1c11902-2534-40df-b5fb-9deb550c3c0b","local_time":"20181220032412","is_ascension_mode":true,"campfire_choices":[{"data":"Dodge and Roll","floor":6,"key":"SMITH"},{"data":"Burst","floor":10,"key":"SMITH"},{"data":"Masterful Stab","floor":13,"key":"SMITH"},{"data":"Dagger Spray","floor":15,"key":"SMITH"},{"floor":23,"key":"REST"},{"floor":25,"key":"REST"},{"floor":30,"key":"REST"},{"floor":32,"key":"REST"}],"neow_cost":"NONE","seed_source_timestamp":483809890853216,"circlet_count":0,"master_deck":["Defend_G","Defend_G","Defend_G","Defend_G","Defend_G","Strike_G","Strike_G","Survivor","Neutralize+1","Quick Slash","Burst+1","Dodge and Roll+1","Quick Slash","Quick Slash","Masterful Stab+1","Dagger Spray+1","Adrenaline","Terror","Dagger Spray+1","All Out Attack","All Out Attack","Flying Knee","Riddle With Holes","Die Die Die","Envenom+1"],"relics":["Ring of the Snake","NeowsBlessing","Sundial","Mercury Hourglass","GremlinMask","Philosopher\u0027s Stone","Blood Vial","Frozen Egg 2","Dodecahedron"],"potions_floor_usage":[16,16,31,33],"damage_taken":[{"damage":0,"enemies":"Small Slimes","floor":1,"turns":1},{"damage":0,"enemies":"Cultist","floor":4,"turns":1},{"damage":0,"enemies":"Gremlin Nob","floor":7,"turns":1},{"damage":8,"enemies":"2 Louse","floor":8,"turns":3},{"damage":0,"enemies":"Red Slaver","floor":12,"turns":5},{"damage":20,"enemies":"Exordium Wildlife","floor":14,"turns":5},{"damage":39,"enemies":"Slime Boss","floor":16,"turns":9},{"damage":2,"enemies":"Spheric Guardian","floor":18,"turns":4},{"damage":18,"enemies":"3 Byrds","floor":19,"turns":4},{"damage":4,"enemies":"Cultist and Chosen","floor":20,"turns":6},{"damage":19,"enemies":"Snake Plant","floor":22,"turns":4},{"damage":42,"enemies":"Sentry and Sphere","floor":24,"turns":6},{"damage":14,"enemies":"Chosen and Byrds","floor":27,"turns":4},{"damage":13,"enemies":"Cultist and Chosen","floor":29,"turns":4},{"damage":12,"enemies":"Book of Stabbing","floor":31,"turns":4},{"damage":46,"enemies":"Collector","floor":33,"turns":5}],"seed_played":"8035621957730350164","potions_obtained":[{"floor":12,"key":"Strength Potion"},{"floor":14,"key":"Strength Potion"},{"floor":18,"key":"FearPotion"},{"floor":24,"key":"EssenceOfSteel"},{"floor":31,"key":"Energy Potion"}],"is_trial":false,"path_per_floor":["M","?","$","M","?","R","E","M","T","R","?","M","R","M","R","B",null,"M","M","M","?","M","R","M","R","T","M","?","M","R","E","R","B"],"character_chosen":"THE_SILENT","items_purchased":[],"campfire_rested":4,"item_purchase_floors":[],"current_hp_per_floor":[70,70,70,70,70,70,70,62,62,62,62,62,62,42,42,3,70,68,50,46,46,29,50,10,31,31,19,19,8,29,19,40,0],"gold":296,"neow_bonus":"THREE_ENEMY_KILL","is_prod":false,"is_daily":false,"chose_seed":false,"campfire_upgraded":4,"win_rate":0,"timestamp":1545247452,"path_taken":["M","?","$","?","?","R","E","M","T","R","?","M","R","M","R","BOSS","M","M","M","?","?","R","M","R","T","M","?","M","R","E","R","BOSS"],"build_version":"2018-12-13","purchased_purges":1,"victory":false,"max_hp_per_floor":[70,70,70,70,70,70,70,70,70,70,70,70,70,70,70,70,70,70,70,70,70,70,70,70,70,70,70,70,70,70,70,70,70],"card_choices":[{"not_picked":["Bane","Deflect"],"picked":"Quick Slash","floor":1},{"not_picked":["PiercingWail","Deadly Poison"],"picked":"Dodge and Roll","floor":4},{"not_picked":["Wraith Form v2","Heel Hook"],"picked":"Quick Slash","floor":7},{"not_picked":["Distraction","Poisoned Stab"],"picked":"Quick Slash","floor":8},{"not_picked":["Prepared","PiercingWail"],"picked":"Masterful Stab","floor":12},{"not_picked":["Bane","Backstab"],"picked":"Dagger Spray","floor":14},{"not_picked":["Venomology","Burst"],"picked":"Adrenaline","floor":16},{"not_picked":["Backflip","PiercingWail"],"picked":"Terror","floor":18},{"not_picked":["PiercingWail","Tactician"],"picked":"Dagger Spray+1","floor":19},{"not_picked":["Bouncing Flask","Deadly Poison"],"picked":"All Out Attack","floor":20},{"not_picked":["Distraction+1","Acrobatics"],"picked":"All Out Attack","floor":22},{"not_picked":["Concentrate+1","Outmaneuver"],"picked":"Flying Knee","floor":24},{"not_picked":["Bane","Blur"],"picked":"Riddle With Holes","floor":27},{"not_picked":["Bouncing Flask","Deflect"],"picked":"Die Die Die","floor":29},{"not_picked":["Infinite Blades+1","Outmaneuver"],"picked":"Envenom+1","floor":31}],"player_experience":69968,"relics_obtained":[{"floor":7,"key":"Sundial"},{"floor":9,"key":"Mercury Hourglass"},{"floor":26,"key":"Frozen Egg 2"},{"floor":31,"key":"Dodecahedron"}],"event_choices":[{"damage_healed":0,"gold_gain":0,"cards_transformed":["Strike_G"],"player_choice":"Transformed","damage_taken":0,"max_hp_gain":0,"max_hp_loss":0,"event_name":"Transmorgrifier","floor":2,"gold_loss":0,"cards_obtained":["Burst"]},{"damage_healed":0,"gold_gain":0,"player_choice":"Grow","damage_taken":0,"max_hp_gain":0,"max_hp_loss":0,"event_name":"Living Wall","floor":5,"gold_loss":0,"cards_upgraded":["Neutralize"]},{"damage_healed":0,"gold_gain":0,"player_choice":"Trade","damage_taken":0,"relics_obtained":["GremlinMask"],"max_hp_gain":0,"max_hp_loss":0,"event_name":"FaceTrader","floor":11,"gold_loss":0},{"damage_healed":0,"gold_gain":0,"player_choice":"Gave Potion","damage_taken":0,"relics_obtained":["Blood Vial"],"max_hp_gain":0,"max_hp_loss":0,"event_name":"WeMeetAgain","floor":21,"gold_loss":0},{"cards_removed":["Strike_G"],"damage_healed":0,"gold_gain":0,"player_choice":"Gave Gold","damage_taken":0,"max_hp_gain":0,"max_hp_loss":0,"event_name":"Beggar","floor":28,"gold_loss":75}],"is_beta":false,"boss_relics":[{"not_picked":["Orrery","Runic Pyramid"],"picked":"Philosopher\u0027s Stone"}],"items_purged_floors":[3],"is_endless":false,"potions_floor_spawned":[12,14,18,24,31],"killed_by":"Collector","ascension_level":3}