{"gold_per_floor":[112,1,13,30,47,74,74,87,113,113,66,66,81,91,91,192,192,210,210,230,5,20,20,20,20],"floor_reached":25,"playtime":2311,"items_purged":["Strike_B"],"score":277,"play_id":"89579245-d286-475e-88c9-0c7c991b9172","local_time":"20180716193012","is_ascension_mode":true,"campfire_choices":[{"floor":7,"key":"REST"},{"floor":10,"key":"REST"},{"floor":15,"key":"REST"},{"floor":23,"key":"REST"}],"neow_cost":"NONE","seed_source_timestamp":3113742559062,"circlet_count":0,"master_deck":["Strike_B","Strike_B","Defend_B","Defend_B","Defend_B","Defend_B","Zap+1","Dualcast","White Noise","Static Discharge","Sunder","Beam Cell","Turbo","Beam Cell","Gash","Go for the Eyes","Steam","Undo","Seek","Go for the Eyes+1","Doom and Gloom","Streamline+1"],"relics":["Cracked Core","Vajra","Strawberry","Nuclear Battery","Juzu Bracelet"],"potions_floor_usage":[5,13,25],"damage_taken":[{"damage":1,"enemies":"Cultist","floor":1,"turns":4},{"damage":4,"enemies":"2 Louse","floor":3,"turns":3},{"damage":12,"enemies":"Jaw Worm","floor":4,"turns":2},{"damage":0,"enemies":"Lots of Slimes","floor":5,"turns":1},{"damage":36,"enemies":"Gremlin Nob","floor":6,"turns":4},{"damage":9,"enemies":"Exordium Wildlife","floor":8,"turns":3},{"damage":0,"enemies":"Red Slaver","floor":13,"turns":1},{"damage":10,"enemies":"2 Fungi Beasts","floor":14,"turns":3},{"damage":35,"enemies":"Hexaghost","floor":16,"turns":7},{"damage":16,"enemies":"Spheric Guardian","floor":18,"turns":4},{"damage":30,"enemies":"Shell Parasite","floor":20,"turns":5},{"damage":19,"enemies":"Chosen and Byrds","floor":22,"turns":6},{"damage":47,"enemies":"Slaver and Parasite","floor":25,"turns":5}],"seed_played":"-4822869574019329716","potions_obtained":[{"floor":4,"key":"AttackPotion"},{"floor":5,"key":"SpeedPotion"},{"floor":8,"key":"Fire Potion"},{"floor":13,"key":"SteroidPotion"},{"floor":18,"key":"SpeedPotion"},{"floor":22,"key":"Block Potion"}],"is_trial":false,"path_per_floor":["M","$","M","M","M","E","R","M","T","R","$","?","M","M","R","B",null,"M","?","M","$","M","R","?"],"character_chosen":"DEFECT","items_purchased":["Static Discharge","Sunder","Go for the Eyes","Juzu Bracelet"],"campfire_rested":4,"item_purchase_floors":[2,2,11,21],"current_hp_per_floor":[67,67,63,51,51,15,37,35,42,66,66,66,66,56,80,45,73,57,82,52,52,33,57,41,0],"gold":20,"neow_bonus":"UPGRADE_CARD","is_prod":false,"is_daily":false,"chose_seed":false,"campfire_upgraded":0,"win_rate":0,"timestamp":1531783812,"path_taken":["M","$","?","M","M","E","R","M","T","R","$","?","M","M","R","BOSS","M","?","M","$","M","R","?","M"],"build_version":"2018-07-12","purchased_purges":1,"victory":false,"max_hp_per_floor":[75,75,75,75,75,75,75,75,82,82,82,82,82,82,82,82,82,82,82,82,82,82,82,87,87],"card_choices":[{"not_picked":["Go for the Eyes","Conserve Battery"],"picked":"White Noise","floor":1},{"not_picked":["FTL","Hello World"],"picked":"Beam Cell","floor":3},{"not_picked":["Compile Driver","Stack"],"picked":"Turbo","floor":4},{"not_picked":["Cold Snap","Lockon"],"picked":"Beam Cell","floor":5},{"not_picked":["Hyperbeam","Steam"],"picked":"Gash","floor":6},{"not_picked":["Stack","Sweeping Beam","Barrage"],"picked":"SKIP","floor":8},{"not_picked":["Beam Cell","Genetic Algorithm"],"picked":"Steam","floor":13},{"not_picked":["Barrage","Chaos"],"picked":"Undo","floor":14},{"not_picked":["Biased Cognition","Meteor Strike"],"picked":"Seek","floor":16},{"not_picked":["Undo","Static Discharge"],"picked":"Go for the Eyes+1","floor":18},{"not_picked":["Steam","Stack+1"],"picked":"Doom and Gloom","floor":20},{"not_picked":["Barrage","Hello World"],"picked":"Streamline+1","floor":22}],"player_experience":429286,"relics_obtained":[{"floor":6,"key":"Vajra"},{"floor":9,"key":"Strawberry"}],"event_choices":[{"event_name":"Living Wall","player_choice":"Forget","floor":12,"damage_taken":0},{"event_name":"Wheel of Change","player_choice":"Full Heal","floor":19,"damage_taken":0},{"event_name":"Forgotten Altar","player_choice":"Shed Blood","floor":24,"damage_taken":0}],"boss_relics":[{"not_picked":["Busted Crown","Black Star"],"picked":"Nuclear Battery"}],"items_purged_floors":[21],"is_endless":false,"potions_floor_spawned":[4,5,8,13,18,22],"killed_by":"Slaver and Parasite","ascension_level":7}