{"gold_per_floor":[115,40,40,56,66,92,92,124,124,124,134,198,210,55,55,55],"floor_reached":16,"playtime":3276,"items_purged":["Pain"],"score":157,"play_id":"0975da08-e37b-4769-8544-55c642b03dc3","local_time":"20190131085909","is_ascension_mode":true,"campfire_choices":[{"data":"Rampage","floor":7,"key":"SMITH"},{"data":"Flame Barrier","floor":10,"key":"SMITH"},{"data":"Fiend Fire","floor":13,"key":"SMITH"},{"data":"Offering","floor":15,"key":"SMITH"}],"neow_cost":"CURSE","seed_source_timestamp":292006326928000,"circlet_count":0,"master_deck":["Strike_R","Strike_R","Strike_R","Strike_R","Strike_R","Defend_R","Defend_R","Defend_R","Defend_R","Bash","Flame Barrier+1","Twin Strike","Pommel Strike","Rampage+1","Fiend Fire+1","Shrug It Off","Shrug It Off","Offering+1"],"relics":["Burning Blood","Shovel","Mercury Hourglass","Frozen Egg 2","Shuriken","MawBank"],"potions_floor_usage":[6,6,12],"damage_taken":[{"damage":5,"enemies":"Cultist","floor":1,"turns":4},{"damage":1,"enemies":"Jaw Worm","floor":4,"turns":5},{"damage":0,"enemies":"Small Slimes","floor":5,"turns":4},{"damage":21,"enemies":"Gremlin Nob","floor":6,"turns":4},{"damage":23,"enemies":"Lagavulin","floor":8,"turns":6},{"damage":15,"enemies":"Exordium Thugs","floor":11,"turns":5},{"damage":18,"enemies":"Gremlin Nob","floor":12,"turns":4},{"damage":29,"enemies":"The Guardian","floor":16,"turns":9}],"seed_played":"5854100785431269111","potions_obtained":[{"floor":1,"key":"FearPotion"},{"floor":5,"key":"SkillPotion"},{"floor":11,"key":"Strength Potion"}],"is_trial":false,"path_per_floor":["M","$","?","M","M","E","R","E","T","R","M","?","R","$","R","B"],"character_chosen":"IRONCLAD","items_purchased":["Shrug It Off","Offering"],"campfire_rested":0,"item_purchase_floors":[14,14],"current_hp_per_floor":[73,73,73,78,80,65,65,48,48,48,39,27,27,27,27,0],"gold":55,"neow_bonus":"ONE_RARE_RELIC","is_prod":false,"is_daily":false,"chose_seed":false,"campfire_upgraded":4,"win_rate":0,"timestamp":1548921549,"path_taken":["M","$","?","M","M","E","R","E","T","R","M","?","R","?","R","BOSS"],"build_version":"2019-01-23","purchased_purges":1,"victory":false,"max_hp_per_floor":[80,80,80,80,80,80,80,80,80,80,80,80,80,80,80,80],"card_choices":[{"not_picked":["Pommel Strike","Clothesline"],"picked":"Flame Barrier","floor":1},{"not_picked":["Clothesline","Bloodletting"],"picked":"Twin Strike","floor":4},{"not_picked":["Rupture","Sword Boomerang"],"picked":"Pommel Strike","floor":5},{"not_picked":["Disarm","Anger"],"picked":"Rampage","floor":6},{"not_picked":["Fire Breathing","Perfected Strike","Pommel Strike"],"picked":"SKIP","floor":8},{"not_picked":["Body Slam","Clash"],"picked":"Fiend Fire","floor":11},{"not_picked":["Clash","Anger"],"picked":"Shrug It Off","floor":12}],"player_experience":211728,"relics_obtained":[{"floor":6,"key":"Mercury Hourglass"},{"floor":8,"key":"Frozen Egg 2"},{"floor":9,"key":"Shuriken"},{"floor":12,"key":"MawBank"}],"event_choices":[{"damage_healed":0,"gold_gain":0,"player_choice":"Ignored","damage_taken":0,"max_hp_gain":0,"max_hp_loss":0,"event_name":"Liars Game","floor":3,"gold_loss":0},{"damage_healed":0,"gold_gain":30,"player_choice":"Searched \u00273\u0027 times","damage_taken":0,"max_hp_gain":0,"max_hp_loss":0,"event_name":"Dead Adventurer","floor":12,"gold_loss":0}],"is_beta":false,"boss_relics":[],"items_purged_floors":[2],"is_endless":false,"potions_floor_spawned":[1,5,11],"killed_by":"The Guardian","ascension_level":9}