{"gold_per_floor":[360,360,380,305,380,380,414,414,437,468,241,251,251,267,267,364,364,379,176,192,192,212,245,245,261,261,279,279,279],"floor_reached":29,"playtime":1181,"items_purged":["Pain","Strike_B","Strike_B"],"score":303,"play_id":"74d86382-42f0-4c36-8a18-a42a0172e72c","local_time":"20181103165011","is_ascension_mode":false,"campfire_choices":[{"data":"Dualcast","floor":6.0,"key":"SMITH"},{"data":"Zap","floor":8.0,"key":"SMITH"},{"data":"Defragment","floor":15.0,"key":"SMITH"},{"data":"Defragment","floor":24.0,"key":"SMITH"},{"data":"Buffer","floor":28,"key":"SMITH"}],"neow_cost":"CURSE","seed_source_timestamp":0,"circlet_count":0,"master_deck":["Strike_B","Strike_B","Defend_B","Defend_B","Defend_B","Defend_B","Zap+1","Dualcast+1","Chill","Defragment+1","Go for the Eyes","Beam Cell","Conserve Battery","Buffer+1","White Noise+1","Defragment+1","Chill","Capacitor","Barrage+1","Barrage"],"special_seed":0,"relics":["Cracked Core","Boot","Ancient Tea Set","Sundial","Cursed Key","Juzu Bracelet"],"potions_floor_usage":[],"damage_taken":[{"damage":12.0,"enemies":"Jaw Worm","floor":1.0,"turns":4.0},{"damage":2.0,"enemies":"Cultist","floor":3.0,"turns":3.0},{"damage":24.0,"enemies":"Lagavulin","floor":7.0,"turns":8.0},{"damage":9.0,"enemies":"3 Sentries","floor":10.0,"turns":10.0},{"damage":1.0,"enemies":"Small Slimes","floor":12.0,"turns":3.0},{"damage":0.0,"enemies":"Gremlin Gang","floor":14.0,"turns":4.0},{"damage":0.0,"enemies":"Slime Boss","floor":16.0,"turns":9.0},{"damage":0.0,"enemies":"3 Byrds","floor":18.0,"turns":6.0},{"damage":3.0,"enemies":"Shell Parasite","floor":20.0,"turns":6.0},{"damage":0.0,"enemies":"Chosen and Byrds","floor":22.0,"turns":10.0},{"damage":18.0,"enemies":"Gremlin Leader","floor":23.0,"turns":10.0},{"damage":13.0,"enemies":"Centurion and Healer","floor":25.0,"turns":13.0},{"damage":24,"enemies":"Snake Plant","floor":27,"turns":5},{"damage":10,"enemies":"Book of Stabbing","floor":29,"turns":4}],"seed_played":"4297519120663716392","potions_obtained":[{"floor":3.0,"key":"Weak Potion"},{"floor":7.0,"key":"Swift Potion"},{"floor":10.0,"key":"EntropicBrew"},{"floor":16.0,"key":"Block Potion"},{"floor":21.0,"key":"Ancient Potion"},{"floor":25.0,"key":"LiquidBronze"},{"floor":27,"key":"LiquidBronze"}],"is_trial":false,"path_per_floor":["M","?","M","$","?","R","E","R","T","E","$","M","$","M","R","B",null,"M","$","M","?","M","E","R","M","T","M","R","E"],"character_chosen":"DEFECT","items_purchased":["Defragment","Go for the Eyes","Defragment"],"campfire_rested":0,"item_purchase_floors":[11,11,19],"current_hp_per_floor":[63,63,61,61,50,50,26,26,26,17,17,16,16,16,16,16,75,75,75,72,72,72,54,54,41,41,17,17,7],"gold":279,"neow_bonus":"TWO_FIFTY_GOLD","is_prod":false,"is_daily":false,"chose_seed":false,"campfire_upgraded":5,"win_rate":0,"timestamp":1541263811,"path_taken":["M","?","?","$","?","R","E","R","T","E","?","M","$","M","R","BOSS","M","$","M","?","?","E","R","M","T","M","R","E"],"build_version":"2018-11-01","purchased_purges":3,"victory":false,"max_hp_per_floor":[75,75,75,75,75,75,75,75,75,75,75,75,75,75,75,75,75,75,75,75,75,75,75,75,75,75,75,75,75],"card_choices":[{"not_picked":["Loop","Self Repair"],"picked":"Chill","floor":1.0},{"not_picked":["Rip and Tear","Compile Driver","Scrape"],"picked":"SKIP","floor":3.0},{"not_picked":["Reinforced Body","Sweeping Beam","Turbo"],"picked":"SKIP","floor":7.0},{"not_picked":["Steam","Sweeping Beam","Loop"],"picked":"SKIP","floor":10.0},{"not_picked":["Turbo","Fusion"],"picked":"Beam Cell","floor":12.0},{"not_picked":["Hologram","Reinforced Body"],"picked":"Conserve Battery","floor":14.0},{"not_picked":["Biased Cognition","Seek"],"picked":"Buffer","floor":16.0},{"not_picked":["Steam","Coolheaded"],"picked":"White Noise+1","floor":18.0},{"not_picked":["Gash+1","Reprogram"],"picked":"Chill","floor":20.0},{"not_picked":["Lockon","Sunder","Go for the Eyes"],"picked":"SKIP","floor":22.0},{"not_picked":["Stack","Chaos"],"picked":"Capacitor","floor":23.0},{"not_picked":["Go for the Eyes+1","Gash"],"picked":"Barrage+1","floor":25.0},{"not_picked":["Hologram","Steam+1"],"picked":"Barrage","floor":27}],"player_experience":758192,"relics_obtained":[{"floor":7.0,"key":"Boot"},{"floor":9.0,"key":"Ancient Tea Set"},{"floor":10.0,"key":"Sundial"},{"floor":23.0,"key":"Juzu Bracelet"}],"event_choices":[{"damage_healed":0.0,"max_hp_gain":0.0,"max_hp_loss":0.0,"gold_gain":0.0,"event_name":"The Woman in Blue","player_choice":"Bought 0 Potions","floor":2.0,"gold_loss":0.0,"damage_taken":0.0},{"damage_healed":0.0,"max_hp_gain":0.0,"max_hp_loss":0.0,"gold_gain":75.0,"event_name":"World of Goop","player_choice":"Gather Gold","floor":5.0,"gold_loss":0.0,"damage_taken":11.0},{"damage_healed":0.0,"max_hp_gain":0.0,"max_hp_loss":0.0,"gold_gain":0.0,"event_name":"Lab","player_choice":"Got Potions","floor":21.0,"gold_loss":0.0,"damage_taken":0.0}],"is_beta":false,"boss_relics":[{"not_picked":["White Beast Statue","Sozu"],"picked":"Cursed Key"}],"items_purged_floors":[4,11,19],"is_endless":false,"potions_floor_spawned":[3,7,10,16,25,27],"killed_by":"Book of Stabbing","ascension_level":0}