{"gold_per_floor":[110,110,123,123,69,69,81,81,106,120,45,73,73,86,86,181,181,194,194,205,205,224,224,240,240,240,260,260,260,270,290,290,395,395,412,412,412,412,14,42,0,0,27,27,27,127,127,144,144,144],"floor_reached":51,"playtime":3962,"items_purged":["Strike_B","Strike_B"],"score":773,"play_id":"27649f46-2899-4589-84d5-6b27362617e8","local_time":"20180925223818","is_ascension_mode":false,"campfire_choices":[{"data":"Defragment","floor":6,"key":"SMITH"},{"data":"Biased Cognition","floor":8,"key":"SMITH"},{"data":"Consume","floor":15,"key":"SMITH"},{"data":"Electrodynamics","floor":23,"key":"SMITH"},{"data":"Go for the Eyes","floor":28,"key":"SMITH"},{"floor":32,"key":"REST"},{"floor":42,"key":"REST"},{"data":"Machine Learning","floor":49,"key":"SMITH"}],"neow_cost":"CURSE","seed_source_timestamp":1478645229624665,"circlet_count":0,"master_deck":["Defend_B","Defend_B","Defend_B","Defend_B","Zap","Dualcast","Reprogram","Defragment+1","Coolheaded","Glacier","Hologram","Consume+1","Go for the Eyes+1","Electrodynamics+1","Conserve Battery","Leap+1","Doom and Gloom+1","FTL+1","Barrage","Machine Learning+1","Chill","Seek+1","Chill","Madness+1","Madness","Finesse","Machine Learning","Chill+1","Defragment+1","Hologram+1"],"relics":["FrozenCore","Centennial Puzzle","Juzu Bracelet","Inserter","Mummified Hand","Unceasing Top","DataDisk","Red Mask","War Paint"],"potions_floor_usage":[22,40,50,50,50],"damage_taken":[{"damage":11,"enemies":"Jaw Worm","floor":1,"turns":3},{"damage":8,"enemies":"Cultist","floor":3,"turns":3},{"damage":1,"enemies":"Small Slimes","floor":7,"turns":3},{"damage":1,"enemies":"3 Louse","floor":10,"turns":3},{"damage":4,"enemies":"Lagavulin","floor":12,"turns":5},{"damage":10,"enemies":"Lots of Slimes","floor":14,"turns":6},{"damage":46,"enemies":"Hexaghost","floor":16,"turns":13},{"damage":23,"enemies":"3 Byrds","floor":18,"turns":3},{"damage":3,"enemies":"Shell Parasite","floor":20,"turns":9},{"damage":5,"enemies":"Snecko","floor":22,"turns":7},{"damage":0,"enemies":"Sentry and Sphere","floor":24,"turns":7},{"damage":4,"enemies":"Shelled Parasite and Fungi","floor":27,"turns":6},{"damage":5,"enemies":"Cultist and Chosen","floor":30,"turns":5},{"damage":0,"enemies":"Chosen and Byrds","floor":31,"turns":5},{"damage":0,"enemies":"Champ","floor":33,"turns":19},{"damage":5,"enemies":"3 Darklings","floor":35,"turns":5},{"damage":0,"enemies":"Mind Bloom Boss Battle","floor":36,"turns":4},{"damage":13,"enemies":"Nemesis","floor":40,"turns":13},{"damage":0,"enemies":"Orb Walker","floor":48,"turns":4},{"damage":0,"enemies":"Donu and Deca","floor":50,"turns":15}],"seed_played":"-203036753416127665","potions_obtained":[{"floor":7,"key":"Swift Potion"},{"floor":14,"key":"SpeedPotion"},{"floor":16,"key":"Strength Potion"},{"floor":22,"key":"Dexterity Potion"},{"floor":48,"key":"Ancient Potion"}],"is_trial":false,"path_per_floor":["M","?","M","?","$","R","M","R","T","M","$","E","?","M","R","B",null,"M","?","M","?","M","R","M","?","T","M","R","?","M","M","R","B",null,"M","?","?","?","$","E","?","R","T","?","$","?","?","M","R","B"],"character_chosen":"DEFECT","items_purchased":["Coolheaded","Finesse","PowerPotion","Machine Learning"],"campfire_rested":2,"item_purchase_floors":[5,39,39,39],"current_hp_per_floor":[64,57,49,49,49,49,48,48,48,47,47,43,85,75,75,29,85,62,62,59,59,54,54,54,54,54,50,50,50,45,45,70,70,85,80,80,80,69,69,56,56,81,81,81,81,81,81,81,81,81],"gold":144,"neow_bonus":"THREE_RARE_CARDS","is_prod":false,"is_daily":false,"chose_seed":false,"campfire_upgraded":6,"win_rate":0,"timestamp":1537929498,"path_taken":["M","?","M","?","$","R","M","R","T","?","$","E","?","M","R","BOSS","M","?","M","?","M","R","M","?","T","M","R","?","M","M","R","BOSS","M","?","?","?","$","E","?","R","T","?","?","?","?","M","R","BOSS"],"build_version":"2018-09-20","purchased_purges":2,"victory":true,"max_hp_per_floor":[75,75,75,75,75,75,75,75,75,75,75,75,85,85,85,85,85,85,85,85,85,85,85,85,85,85,85,85,85,85,85,85,85,85,85,85,85,85,85,85,85,85,85,85,85,85,85,85,85,85],"card_choices":[{"not_picked":["Reboot","Amplify"],"picked":"Biased Cognition","floor":0},{"not_picked":["Turbo","Hello World"],"picked":"Reprogram","floor":1},{"not_picked":["Barrage","BootSequence"],"picked":"Defragment","floor":3},{"not_picked":["Barrage","Compile Driver"],"picked":"Glacier","floor":7},{"not_picked":["Rebound","Coolheaded"],"picked":"Hologram","floor":10},{"not_picked":["Hologram","Gash"],"picked":"Consume","floor":12},{"not_picked":["Hologram","Leap"],"picked":"Go for the Eyes","floor":14},{"not_picked":["Core Surge","Buffer"],"picked":"Electrodynamics","floor":16},{"not_picked":["Gash","Redo"],"picked":"Conserve Battery","floor":18},{"not_picked":["Compile Driver+1","Coolheaded"],"picked":"Leap+1","floor":20},{"not_picked":["Sunder","Go for the Eyes"],"picked":"Doom and Gloom+1","floor":22},{"not_picked":["Redo","Streamline"],"picked":"FTL+1","floor":24},{"not_picked":["Doom and Gloom","Aggregate"],"picked":"Barrage","floor":27},{"not_picked":["Skim+1","Static Discharge"],"picked":"Machine Learning","floor":30},{"not_picked":["Compile Driver","Melter"],"picked":"Chill","floor":31},{"not_picked":["Hyperbeam","Reboot"],"picked":"Seek","floor":33},{"not_picked":["Stack+1","Undo","Melter"],"picked":"SKIP","floor":35},{"not_picked":["Compile Driver+1","Consume"],"picked":"Chill","floor":36},{"not_picked":["Sweeping Beam","Conserve Battery+1"],"picked":"Chill+1","floor":40},{"not_picked":["Force Field","Coolheaded+1"],"picked":"Hologram+1","floor":48}],"player_experience":2815778,"relics_obtained":[{"floor":9,"key":"Centennial Puzzle"},{"floor":12,"key":"Juzu Bracelet"},{"floor":26,"key":"Mummified Hand"},{"floor":36,"key":"Unceasing Top"},{"floor":40,"key":"DataDisk"},{"floor":43,"key":"War Paint"}],"event_choices":[{"event_name":"Wheel of Change","player_choice":"Damage","floor":2,"damage_taken":0},{"event_name":"Purifier","player_choice":"One Purge","floor":4,"damage_taken":0},{"event_name":"Bonfire Elementals","player_choice":"RARE","floor":13,"damage_taken":0},{"event_name":"Vampires","player_choice":"Ignored","floor":19,"damage_taken":0},{"event_name":"The Mausoleum","player_choice":"No","floor":21,"damage_taken":0},{"event_name":"Ghosts","player_choice":"Ignored","floor":25,"damage_taken":0},{"event_name":"Purifier","player_choice":"One Purge","floor":29,"damage_taken":0},{"event_name":"MindBloom","player_choice":"Fight","floor":36,"damage_taken":0},{"event_name":"Mysterious Sphere","player_choice":"Ignore","floor":37,"damage_taken":0},{"event_name":"Winding Halls","player_choice":"Embrace Madness","floor":38,"damage_taken":0},{"event_name":"Tomb of Lord Red Mask","player_choice":"Paid","floor":41,"damage_taken":0},{"event_name":"Falling","player_choice":"Removed Attack","floor":44,"damage_taken":0},{"event_name":"Golden Shrine","player_choice":"Pray","floor":46,"damage_taken":0},{"event_name":"Duplicator","player_choice":"One dupe","floor":47,"damage_taken":0}],"is_beta":false,"boss_relics":[{"not_picked":["Fusion Hammer","Runic Dome"],"picked":"Inserter"},{"not_picked":["Runic Pyramid","Snecko Eye"],"picked":"FrozenCore"}],"items_purged_floors":[11,39],"is_endless":false,"potions_floor_spawned":[7,14,16,22,31,33,48],"ascension_level":0}