{"gold_per_floor":[119,138,138,138,157,157,191,39,39,56,81,93,93,113,113,190,190,208,27,127,177,196,196,222,241,296,308],"floor_reached":27,"playtime":2612,"items_purged":["Strike_G","Strike_G"],"score":474,"play_id":"3a2a1ea1-6984-4c7c-a98b-758f2384bb16","local_time":"20190203061127","is_ascension_mode":true,"campfire_choices":[{"floor":6,"key":"REST"},{"data":"Noxious Fumes","floor":13,"key":"SMITH"},{"data":"Dodge and Roll","floor":15,"key":"SMITH"},{"floor":23,"key":"REST"}],"neow_cost":"NONE","seed_source_timestamp":116553219853500,"circlet_count":0,"master_deck":["AscendersBane","Defend_G","Defend_G","Defend_G","Defend_G","Defend_G","Strike_G","Strike_G","Survivor","Neutralize+1","All Out Attack","Slice","Predator","Noxious Fumes+1","Dodge and Roll+1","Backflip","Dash","After Image","Backflip","Footwork","Blur","Sucker Punch+1","A Thousand Cuts","Backflip+1","Pain"],"relics":["Ring of the Snake","Ninja Scroll","Pear","Mercury Hourglass","Letter Opener","Cursed Key","Du-Vu Doll","Bottled Lightning","Bronze Scales","MawBank"],"potions_floor_usage":[7,11,18,27],"damage_taken":[{"damage":0,"enemies":"2 Louse","floor":1,"turns":3},{"damage":0,"enemies":"Small Slimes","floor":2,"turns":3},{"damage":0,"enemies":"Cultist","floor":5,"turns":3},{"damage":15,"enemies":"3 Sentries","floor":7,"turns":5},{"damage":10,"enemies":"Exordium Thugs","floor":10,"turns":3},{"damage":6,"enemies":"Gremlin Nob","floor":11,"turns":3},{"damage":0,"enemies":"2 Fungi Beasts","floor":12,"turns":2},{"damage":3,"enemies":"Large Slime","floor":14,"turns":5},{"damage":30,"enemies":"Hexaghost","floor":16,"turns":11},{"damage":0,"enemies":"Chosen","floor":18,"turns":4},{"damage":6,"enemies":"Colosseum Slavers","floor":20,"turns":5},{"damage":50,"enemies":"Colosseum Nobs","floor":20,"turns":6},{"damage":0,"enemies":"Spheric Guardian","floor":22,"turns":4},{"damage":11,"enemies":"Book of Stabbing","floor":24,"turns":7},{"damage":2,"enemies":"Snake Plant","floor":25,"turns":4},{"damage":14,"enemies":"Chosen and Byrds","floor":27,"turns":3}],"seed_played":"-1382822303806464466","potions_obtained":[{"floor":1,"key":"Fire Potion"},{"floor":2,"key":"AttackPotion"},{"floor":11,"key":"Ancient Potion"},{"floor":18,"key":"Ancient Potion"}],"is_trial":false,"path_per_floor":["M","M","?","?","M","R","E","$","T","M","E","M","R","M","R","B",null,"M","$","?","?","M","R","E","M","T","M"],"character_chosen":"THE_SILENT","items_purchased":["Noxious Fumes","Footwork"],"campfire_rested":2,"item_purchase_floors":[8,19],"current_hp_per_floor":[59,59,41,41,41,60,55,55,55,45,39,39,39,36,36,6,59,59,59,3,3,3,25,14,12,12,0],"gold":308,"neow_bonus":"UPGRADE_CARD","is_prod":false,"is_daily":false,"chose_seed":false,"campfire_upgraded":2,"win_rate":0,"timestamp":1549170687,"path_taken":["M","M","?","?","M","R","E","$","T","M","E","M","R","M","R","BOSS","M","$","?","?","M","R","E","?","T","M"],"build_version":"2019-01-23","purchased_purges":2,"victory":false,"max_hp_per_floor":[66,66,66,66,66,66,76,76,76,76,76,76,76,76,76,76,76,76,76,76,76,76,76,76,76,76,76],"card_choices":[{"not_picked":["Bane","Backflip"],"picked":"All Out Attack","floor":1},{"not_picked":["Reflex","Dagger Spray"],"picked":"Slice","floor":2},{"not_picked":["Bouncing Flask","Backflip"],"picked":"Predator","floor":5},{"not_picked":["Phantasmal Killer","Grand Finale","Masterful Stab"],"picked":"SKIP","floor":7},{"not_picked":["Outmaneuver","Acrobatics","Dagger Spray"],"picked":"SKIP","floor":10},{"not_picked":["Heel Hook","Finisher"],"picked":"Dodge and Roll","floor":11},{"not_picked":["Quick Slash","Reflex"],"picked":"Backflip","floor":12},{"not_picked":["Sucker Punch","Well Laid Plans"],"picked":"Dash","floor":14},{"not_picked":["Wraith Form v2","Die Die Die"],"picked":"After Image","floor":16},{"not_picked":["Cloak And Dagger","Bane"],"picked":"Backflip","floor":18},{"not_picked":["Bane","Choke"],"picked":"Blur","floor":20},{"not_picked":["Deflect","Blade Dance"],"picked":"Sucker Punch+1","floor":22},{"not_picked":["Slice+1","Underhanded Strike"],"picked":"A Thousand Cuts","floor":24},{"not_picked":["Cloak And Dagger","Reflex"],"picked":"Backflip+1","floor":25}],"player_experience":351037,"relics_obtained":[{"floor":7,"key":"Pear"},{"floor":9,"key":"Mercury Hourglass"},{"floor":11,"key":"Letter Opener"},{"floor":20,"key":"Du-Vu Doll"},{"floor":20,"key":"Bottled Lightning"},{"floor":24,"key":"Bronze Scales"},{"floor":26,"key":"MawBank"}],"event_choices":[{"damage_healed":0,"gold_gain":0,"player_choice":"Success","damage_taken":18,"relics_obtained":["Ninja Scroll"],"max_hp_gain":0,"max_hp_loss":0,"event_name":"Scrap Ooze","floor":3,"gold_loss":0},{"cards_removed":["Strike_G"],"damage_healed":0,"gold_gain":0,"player_choice":"Forget","damage_taken":0,"max_hp_gain":0,"max_hp_loss":0,"event_name":"Living Wall","floor":4,"gold_loss":0},{"damage_healed":0,"gold_gain":0,"player_choice":"Fight","damage_taken":0,"max_hp_gain":0,"max_hp_loss":0,"event_name":"Colosseum","floor":20,"gold_loss":0},{"damage_healed":0,"gold_gain":0,"player_choice":"Fought Nobs","damage_taken":0,"max_hp_gain":0,"max_hp_loss":0,"event_name":"Colosseum","floor":20,"gold_loss":0},{"damage_healed":0,"gold_gain":50,"player_choice":"Pray","damage_taken":0,"max_hp_gain":0,"max_hp_loss":0,"event_name":"Golden Shrine","floor":21,"gold_loss":0}],"is_beta":false,"boss_relics":[{"not_picked":["Ring of the Serpent","Ectoplasm"],"picked":"Cursed Key"}],"items_purged_floors":[8,19],"is_endless":false,"potions_floor_spawned":[1,2,11,18,20],"killed_by":"Chosen and Byrds","ascension_level":19}