{"gold_per_floor":[119,132,143,143,94,94,108,120,143,52,52,52,64,81,81,176,176,186,186],"floor_reached":19,"playtime":557,"items_purged":[],"score":211,"play_id":"072450e6-956b-42ac-9411-b54827a9b1f6","local_time":"20180921195825","is_ascension_mode":false,"campfire_choices":[{"floor":6,"key":"REST"},{"floor":12,"key":"REST"},{"data":"Demon Form","floor":15,"key":"SMITH"}],"neow_cost":"PERCENT_DAMAGE","seed_source_timestamp":1126882484968698,"circlet_count":0,"master_deck":["Strike_R","Strike_R","Strike_R","Strike_R","Strike_R","Defend_R","Defend_R","Defend_R","Defend_R","Bash","Demon Form+1","Havoc","Shockwave","Iron Wave","Sword Boomerang","Iron Wave","Discovery","Sword Boomerang","Flex","Limit Break"],"relics":["Burning Blood","Pen Nib","Philosopher\u0027s Stone"],"potions_floor_usage":[14],"damage_taken":[{"damage":13,"enemies":"Jaw Worm","floor":1,"turns":3},{"damage":6,"enemies":"Cultist","floor":2,"turns":3},{"damage":14,"enemies":"2 Louse","floor":3,"turns":3},{"damage":9,"enemies":"2 Fungi Beasts","floor":7,"turns":3},{"damage":57,"enemies":"Gremlin Gang","floor":8,"turns":6},{"damage":22,"enemies":"Lots of Slimes","floor":13,"turns":5},{"damage":1,"enemies":"3 Louse","floor":14,"turns":3},{"damage":0,"enemies":"Slime Boss","floor":16,"turns":7},{"damage":30,"enemies":"Spheric Guardian","floor":18,"turns":4},{"damage":61,"enemies":"3 Byrds","floor":19,"turns":2}],"seed_played":"26084937776301332","potions_obtained":[{"floor":3,"key":"Dexterity Potion"},{"floor":8,"key":"GamblersBrew"},{"floor":16,"key":"Block Potion"}],"is_trial":false,"path_per_floor":["M","M","M","?","$","R","M","M","T","$","?","R","M","M","R","B",null,"M"],"character_chosen":"IRONCLAD","items_purchased":["Iron Wave","Discovery"],"campfire_rested":2,"item_purchase_floors":[5,10],"current_hp_per_floor":[49,49,41,46,46,71,68,17,17,17,17,42,26,31,31,37,85,61,0],"gold":186,"neow_bonus":"THREE_RARE_CARDS","is_prod":false,"is_daily":false,"chose_seed":false,"campfire_upgraded":1,"win_rate":0,"timestamp":1537574305,"path_taken":["M","M","M","?","$","R","?","M","T","$","?","R","M","M","R","BOSS","M","M"],"build_version":"2018-09-20","purchased_purges":0,"victory":false,"max_hp_per_floor":[80,80,80,85,85,85,85,85,85,85,85,85,85,85,85,85,85,85,85],"card_choices":[{"not_picked":["Brutality","Berserk"],"picked":"Demon Form","floor":0},{"not_picked":["Iron Wave","Twin Strike"],"picked":"Havoc","floor":1},{"not_picked":["Dropkick","Wild Strike","True Grit"],"picked":"SKIP","floor":2},{"not_picked":["Second Wind","Body Slam"],"picked":"Shockwave","floor":3},{"not_picked":["Disarm","Shrug It Off"],"picked":"Sword Boomerang","floor":7},{"not_picked":["Rage","True Grit"],"picked":"Iron Wave","floor":8},{"not_picked":["Searing Blow","Blood for Blood"],"picked":"Sword Boomerang","floor":13},{"not_picked":["Seeing Red","Barricade"],"picked":"Flex","floor":14},{"not_picked":["Exhume","Brutality"],"picked":"Limit Break","floor":16},{"not_picked":["Body Slam","Shrug It Off+1","Perfected Strike"],"picked":"SKIP","floor":18}],"player_experience":2805988,"relics_obtained":[{"floor":9,"key":"Pen Nib"}],"event_choices":[{"event_name":"Big Fish","player_choice":"Donut","floor":4,"damage_taken":0},{"event_name":"Golden Idol","player_choice":"Ignored","floor":11,"damage_taken":0}],"is_beta":false,"boss_relics":[{"not_picked":["Runic Pyramid","Ectoplasm"],"picked":"Philosopher\u0027s Stone"}],"items_purged_floors":[],"is_endless":false,"potions_floor_spawned":[3,8,16],"killed_by":"3 Byrds","ascension_level":0}