{"gold_per_floor":[112,112,39,50,50,50,68,68,68,96,96,96,171,184,184,285,285,303,317,245,256,256,256,270,270,300,300,312,325,12,28,28,28],"floor_reached":33,"playtime":851,"items_purged":[],"score":247,"play_id":"92c40cf8-99fa-4111-aff2-0a32efcf910f","local_time":"20181104020050","is_ascension_mode":false,"campfire_choices":[{"data":"Defragment","floor":6,"key":"SMITH"},{"data":"Dualcast","floor":8,"key":"SMITH"},{"data":"Zap","floor":12,"key":"SMITH"},{"data":"FTL","floor":15,"key":"SMITH"},{"data":"Defragment","floor":23,"key":"SMITH"},{"data":"Ball Lightning","floor":25,"key":"SMITH"},{"data":"Cold Snap","floor":27,"key":"SMITH"},{"data":"Capacitor","floor":32,"key":"SMITH"}],"neow_cost":"NONE","seed_source_timestamp":1753957416480521,"circlet_count":0,"master_deck":["Strike_B","Strike_B","Strike_B","Strike_B","Defend_B","Defend_B","Defend_B","Defend_B","Zap+1","Dualcast+1","Defragment+1","Cold Snap+1","FTL+1","Ball Lightning+1","Coolheaded+1","Conserve Battery","Defragment+1","BootSequence","Capacitor+1","Ball Lightning+1","Fusion+1"],"relics":["Cracked Core","Potion Belt","Prayer Wheel","Letter Opener","Sozu","Tiny Chest","FossilizedHelix"],"potions_floor_usage":[24,33],"damage_taken":[{"damage":0,"enemies":"Cultist","floor":1,"turns":4},{"damage":6,"enemies":"Jaw Worm","floor":4,"turns":4},{"damage":0,"enemies":"Small Slimes","floor":7,"turns":3},{"damage":13,"enemies":"3 Sentries","floor":10,"turns":8},{"damage":0,"enemies":"Gremlin Gang","floor":14,"turns":3},{"damage":22,"enemies":"The Guardian","floor":16,"turns":9},{"damage":4,"enemies":"Shell Parasite","floor":18,"turns":5},{"damage":13,"enemies":"2 Thieves","floor":19,"turns":3},{"damage":0,"enemies":"Snecko","floor":21,"turns":4},{"damage":3,"enemies":"3 Cultists","floor":24,"turns":4},{"damage":0,"enemies":"Centurion and Healer","floor":28,"turns":4},{"damage":5,"enemies":"Shelled Parasite and Fungi","floor":29,"turns":5},{"damage":0,"enemies":"Snecko","floor":31,"turns":4},{"damage":47,"enemies":"Collector","floor":33,"turns":7}],"seed_played":"391100611193846274","potions_obtained":[{"floor":1,"key":"Block Potion"},{"floor":4,"key":"Swift Potion"}],"is_trial":false,"path_per_floor":["M","$","$","M","$","R","M","R","T","E","$","R","?","M","R","B",null,"M","M","$","M","?","R","M","R","T","R","M","M","$","M","R","B"],"character_chosen":"DEFECT","items_purchased":["Defragment","Defragment","FossilizedHelix"],"campfire_rested":0,"item_purchase_floors":[3,20,30],"current_hp_per_floor":[75,75,75,69,69,69,69,69,69,56,56,56,45,45,45,23,75,71,58,58,58,51,51,48,48,48,48,48,43,43,43,43,0],"gold":28,"neow_bonus":"RANDOM_COMMON_RELIC","is_prod":false,"is_daily":false,"chose_seed":false,"campfire_upgraded":8,"win_rate":0,"timestamp":1541296850,"path_taken":["M","?","$","M","$","R","M","R","T","E","?","R","?","M","R","BOSS","M","M","$","M","?","R","M","R","T","R","?","M","$","M","R","BOSS"],"build_version":"2018-11-01","purchased_purges":0,"victory":false,"max_hp_per_floor":[75,75,75,75,75,75,75,75,75,75,75,75,75,75,75,75,75,75,75,75,75,75,75,75,75,75,75,75,75,75,75,75,75],"card_choices":[{"not_picked":["Loop","Rebound","Turbo"],"picked":"SKIP","floor":1},{"not_picked":["Fusion","Sweeping Beam"],"picked":"Cold Snap","floor":4},{"not_picked":["Skim","Steam Power"],"picked":"FTL","floor":7},{"not_picked":["Streamline","Skim","Sunder"],"picked":"SKIP","floor":10},{"not_picked":["Leap","Skim"],"picked":"Ball Lightning","floor":14},{"not_picked":["Blizzard","Gash","FTL"],"picked":"SKIP","floor":14},{"not_picked":["Aggregate+1","Stack"],"picked":"Coolheaded+1","floor":18},{"not_picked":["Streamline","Ball Lightning"],"picked":"Conserve Battery","floor":18},{"not_picked":["Steam","Barrage","Gash"],"picked":"SKIP","floor":19},{"not_picked":["Stack+1","Biased Cognition","Sunder"],"picked":"SKIP","floor":19},{"not_picked":["Darkness","Redo","Lockon"],"picked":"SKIP","floor":21},{"not_picked":["Stack","Conserve Battery","Streamline+1"],"picked":"SKIP","floor":21},{"not_picked":["Coolheaded","Cold Snap+1"],"picked":"BootSequence","floor":24},{"not_picked":["Rebound","Hologram","Redo+1"],"picked":"SKIP","floor":24},{"not_picked":["White Noise","Sweeping Beam"],"picked":"Capacitor","floor":28},{"not_picked":["Beam Cell","Rip and Tear"],"picked":"Ball Lightning+1","floor":28},{"not_picked":["Leap","Lockon"],"picked":"Fusion+1","floor":29},{"not_picked":["Stack","Coolheaded+1","Hologram"],"picked":"SKIP","floor":29},{"not_picked":["Reprogram","Rip and Tear","Cold Snap+1"],"picked":"SKIP","floor":31},{"not_picked":["Melter","Redo","Leap"],"picked":"SKIP","floor":31}],"player_experience":759877,"relics_obtained":[{"floor":9,"key":"Prayer Wheel"},{"floor":10,"key":"Letter Opener"},{"floor":26,"key":"Tiny Chest"}],"event_choices":[{"damage_healed":0,"gold_gain":75,"player_choice":"Gather Gold","damage_taken":11,"max_hp_gain":0,"max_hp_loss":0,"event_name":"World of Goop","floor":13,"gold_loss":0},{"damage_healed":0,"gold_gain":0,"player_choice":"","damage_taken":7,"max_hp_gain":0,"max_hp_loss":0,"event_name":"Knowing Skull","floor":22,"potions_obtained":[],"gold_loss":0,"cards_obtained":[]}],"is_beta":false,"boss_relics":[{"not_picked":["Black Star","Runic Pyramid"],"picked":"Sozu"}],"items_purged_floors":[],"is_endless":false,"potions_floor_spawned":[1,4,18,24,28],"killed_by":"Collector","ascension_level":0}