{"gold_per_floor":[119,136,61,75,89,89,118,130,165,177,189,201,213,252,264,374,386],"floor_reached":17,"playtime":716,"items_purged":["Strike_G"],"score":187,"play_id":"86590e85-8be4-489a-84e5-889b1b7e2b6c","local_time":"20190131110904","is_ascension_mode":true,"campfire_choices":[{"data":"Neutralize","floor":6.0,"key":"SMITH"},{"floor":10.0,"key":"REST"},{"floor":12.0,"key":"REST"},{"floor":15.0,"key":"REST"}],"neow_cost":"TEN_PERCENT_HP_LOSS","seed_source_timestamp":320395825100630,"circlet_count":0,"master_deck":["Defend_G","Defend_G+1","Defend_G","Defend_G","Defend_G","Strike_G","Strike_G","Survivor","Neutralize+1","Cloak And Dagger","Quick Slash","Terror","Backstab+1","Burst","Parasite","Pain","Writhe"],"special_seed":0,"relics":["Ring of the Snake","Du-Vu Doll","MawBank","Centennial Puzzle","Art of War","Calling Bell","Darkstone Periapt","Lantern","Ice Cream"],"potions_floor_usage":[],"damage_taken":[{"damage":0.0,"enemies":"Small Slimes","floor":1.0,"turns":3.0},{"damage":0.0,"enemies":"2 Louse","floor":2.0,"turns":4.0},{"damage":1.0,"enemies":"Cultist","floor":4.0,"turns":3.0},{"damage":13.0,"enemies":"Large Slime","floor":5.0,"turns":9.0},{"damage":30.0,"enemies":"3 Sentries","floor":7.0,"turns":11.0},{"damage":12.0,"enemies":"Gremlin Nob","floor":14.0,"turns":4.0},{"damage":22,"enemies":"The Guardian","floor":16,"turns":15}],"seed_played":"5291063519626930941","potions_obtained":[{"floor":2.0,"key":"GhostInAJar"},{"floor":14.0,"key":"SpeedPotion"},{"floor":16,"key":"FairyPotion"}],"is_trial":false,"path_per_floor":["M","M","$","M","M","R","E","?","T","R","?","R","?","E","R","B",null],"character_chosen":"THE_SILENT","items_purchased":[],"campfire_rested":3,"item_purchase_floors":[],"current_hp_per_floor":[63,63,63,62,49,49,19,12,12,30,17,35,35,23,41,19,63],"gold":386,"neow_bonus":"ONE_RARE_RELIC","is_prod":false,"is_daily":false,"chose_seed":false,"campfire_upgraded":1,"win_rate":0,"timestamp":1548929344,"path_taken":["M","M","$","M","M","R","E","?","T","R","?","R","?","E","R","BOSS"],"build_version":"2019-01-23","purchased_purges":1,"victory":false,"max_hp_per_floor":[63,63,63,63,63,63,63,63,63,63,63,63,63,63,63,63,63],"card_choices":[{"not_picked":["Slice","Reflex"],"picked":"Cloak And Dagger","floor":1.0},{"not_picked":["PiercingWail","Leg Sweep"],"picked":"Quick Slash","floor":2.0},{"not_picked":["Endless Agony","Blur"],"picked":"Terror","floor":4.0},{"not_picked":["Tactician","Acrobatics","Predator"],"picked":"SKIP","floor":5.0},{"not_picked":["Expertise","Sucker Punch"],"picked":"Backstab","floor":7.0},{"not_picked":["Sucker Punch","Bouncing Flask","Choke"],"picked":"SKIP","floor":14.0},{"not_picked":["Bullet Time","Doppelganger"],"picked":"Burst","floor":16}],"player_experience":33049,"relics_obtained":[{"floor":7.0,"key":"MawBank"},{"floor":9.0,"key":"Centennial Puzzle"},{"floor":14.0,"key":"Art of War"},{"floor":17,"key":"Darkstone Periapt"},{"floor":17,"key":"Lantern"},{"floor":17,"key":"Ice Cream"}],"event_choices":[{"cards_removed":["Strike_G"],"damage_healed":0.0,"max_hp_gain":0.0,"max_hp_loss":0.0,"gold_gain":0.0,"event_name":"Golden Wing","player_choice":"Card Removal","floor":8.0,"gold_loss":0.0,"damage_taken":7.0},{"damage_healed":0.0,"max_hp_gain":0.0,"max_hp_loss":0.0,"gold_gain":0.0,"event_name":"Shining Light","player_choice":"Entered Light","floor":11.0,"gold_loss":0.0,"damage_taken":13.0,"cards_upgraded":["Defend_G","Backstab"]},{"cards_removed":["Strike_G"],"damage_healed":0.0,"max_hp_gain":0.0,"max_hp_loss":0.0,"gold_gain":0.0,"event_name":"Purifier","player_choice":"Purged","floor":13.0,"gold_loss":0.0,"damage_taken":0.0}],"is_beta":false,"boss_relics":[{"not_picked":["Snecko Eye","Astrolabe"],"picked":"Calling Bell"}],"items_purged_floors":[3],"is_endless":false,"potions_floor_spawned":[2,14,16],"ascension_level":3}