{"gold_per_floor":[119,119,119,139,156,156,231,251,251,261,261,278,134,147,147,248,248,266,278,278,294,324,324,340,358,358,372,387,3,3,14,14,119,119,133,133,84,84,102,102,102,102,126,137,137,151,151,151],"floor_reached":49,"playtime":2720,"items_purged":["Fire Breathing"],"score":633,"play_id":"e10cbd88-db30-4840-8e82-f994d5e29d85","local_time":"20180816012310","is_ascension_mode":false,"campfire_choices":[{"data":"Inflame","floor":6,"key":"SMITH"},{"data":"Cleave","floor":11,"key":"SMITH"},{"data":"Fiend Fire","floor":15,"key":"SMITH"},{"data":"Heavy Blade","floor":23,"key":"SMITH"},{"data":"Feel No Pain","floor":30,"key":"SMITH"},{"data":"Armaments","floor":32,"key":"SMITH"},{"data":"Double Tap","floor":40,"key":"SMITH"},{"data":"Armaments","floor":42,"key":"SMITH"},{"data":"Pummel","floor":45,"key":"SMITH"}],"neow_cost":"NONE","seed_source_timestamp":376072105216701,"circlet_count":0,"master_deck":["Bash","Cleave+1","True Grit","Inflame+1","Sword Boomerang","Armaments+1","Searing Blow","Fiend Fire+1","Offering","Feed","Shrug It Off","Havoc","Twin Strike","Headbutt","Havoc","Heavy Blade+1","Entrench","Heavy Blade+1","Inflame+1","Pummel+1","Battle Trance","Headbutt","Ghostly Armor","Thunderclap+1","Inflame+1","Havoc","Feel No Pain+1","Armaments+1","Double Tap+1","Whirlwind","Shrug It Off","Heavy Blade+1","Dark Shackles","Secret Technique","Secret Technique"],"relics":["Coffee Dripper","Letter Opener","Mummified Hand","Pandora\u0027s Box","Red Mask","Bag of Marbles","DollysMirror","Eternal Feather","Bird Faced Urn","Boot"],"potions_floor_usage":[16,16,22,28,33,33,46,48,48],"damage_taken":[{"damage":0,"enemies":"2 Louse","floor":1,"turns":2},{"damage":6,"enemies":"Jaw Worm","floor":4,"turns":2},{"damage":1,"enemies":"Cultist","floor":5,"turns":3},{"damage":0,"enemies":"2 Fungi Beasts","floor":8,"turns":3},{"damage":12,"enemies":"Blue Slaver","floor":10,"turns":2},{"damage":0,"enemies":"3 Louse","floor":12,"turns":2},{"damage":5,"enemies":"Exordium Thugs","floor":14,"turns":2},{"damage":26,"enemies":"The Guardian","floor":16,"turns":7},{"damage":16,"enemies":"3 Byrds","floor":18,"turns":3},{"damage":11,"enemies":"Shell Parasite","floor":19,"turns":2},{"damage":6,"enemies":"Cultist and Chosen","floor":21,"turns":4},{"damage":5,"floor":22,"turns":2},{"damage":8,"enemies":"Snake Plant","floor":24,"turns":3},{"damage":2,"enemies":"Centurion and Healer","floor":25,"turns":3},{"damage":8,"enemies":"Snecko","floor":27,"turns":5},{"damage":10,"enemies":"Snake Plant","floor":28,"turns":3},{"damage":3,"enemies":"Chosen and Byrds","floor":31,"turns":3},{"damage":16,"enemies":"Champ","floor":33,"turns":5},{"damage":5,"enemies":"3 Shapes","floor":35,"turns":5},{"damage":1,"floor":38,"turns":6},{"damage":6,"enemies":"Orb Walker","floor":39,"turns":2},{"damage":11,"enemies":"Sphere and 2 Shapes","floor":44,"turns":2},{"damage":12,"enemies":"Flame Bruiser 2 Orb","floor":46,"turns":4},{"damage":20,"enemies":"Donu and Deca","floor":48,"turns":5}],"seed_played":"2618431198249905348","potions_obtained":[{"floor":4,"key":"PowerPotion"},{"floor":14,"key":"Ancient Potion"},{"floor":21,"key":"Explosive Potion"},{"floor":24,"key":"Poison Potion"},{"floor":27,"key":"EssenceOfSteel"},{"floor":31,"key":"FearPotion"},{"floor":33,"key":"GamblersBrew"},{"floor":38,"key":"Fire Potion"},{"floor":39,"key":"EssenceOfSteel"}],"is_trial":false,"path_per_floor":["M","?","?","M","M","R","?","M","T","M","R","M","$","M","R","B",null,"M","M","?","M","?","R","M","M","T","M","M","$","R","M","R","B",null,"M","?","$","?","M","R","?","R","T","M","R","M","?","B"],"character_chosen":"IRONCLAD","items_purchased":["Fiend Fire","DollysMirror","Havoc","Feel No Pain","Shrug It Off"],"campfire_rested":0,"item_purchase_floors":[13,29,29,29,37],"current_hp_per_floor":[80,73,66,60,59,59,48,48,48,36,36,36,36,31,31,5,80,64,53,53,47,42,42,34,35,35,30,20,20,20,17,17,1,86,81,81,81,80,76,86,76,86,86,75,86,76,76,67],"gold":151,"neow_bonus":"BOSS_RELIC","is_prod":false,"is_daily":false,"chose_seed":false,"campfire_upgraded":9,"win_rate":0,"timestamp":1534396990,"path_taken":["M","?","?","M","M","R","?","?","T","M","R","M","$","M","R","BOSS","M","M","?","M","?","R","M","M","T","M","M","$","R","?","R","BOSS","M","?","$","?","M","R","?","R","T","?","R","M","?","BOSS"],"build_version":"2018-08-09","purchased_purges":1,"victory":true,"max_hp_per_floor":[80,80,80,80,80,80,80,80,80,80,80,80,80,80,80,80,80,80,80,80,80,80,80,80,83,83,86,86,86,86,86,86,86,86,86,86,86,86,86,86,86,86,86,86,86,86,86,89],"card_choices":[{"not_picked":["Armaments","Corruption"],"picked":"Cleave","floor":1},{"not_picked":["Sever Soul","Heavy Blade"],"picked":"True Grit","floor":4},{"not_picked":["Body Slam","Spot Weakness"],"picked":"Inflame","floor":5},{"not_picked":["True Grit","Clothesline"],"picked":"Sword Boomerang","floor":8},{"not_picked":["Feel No Pain","Havoc"],"picked":"Armaments","floor":10},{"not_picked":["Blood for Blood","Evolve"],"picked":"Searing Blow","floor":12},{"not_picked":["Entrench","Heavy Blade"],"picked":"Offering","floor":14},{"not_picked":["Immolate","Dark Embrace"],"picked":"Feed","floor":16},{"not_picked":["Sword Boomerang","Wild Strike"],"picked":"Heavy Blade+1","floor":18},{"not_picked":["Brutality","Twin Strike"],"picked":"Hemokinesis","floor":19},{"not_picked":["True Grit","Sword Boomerang"],"picked":"Pummel","floor":21},{"not_picked":["Iron Wave","Thunderclap"],"picked":"Battle Trance","floor":22},{"not_picked":["Armaments","Rupture+1"],"picked":"Headbutt","floor":24},{"not_picked":["Sentinel+1","Combust"],"picked":"Ghostly Armor","floor":25},{"not_picked":["Wild Strike","Juggernaut"],"picked":"Thunderclap+1","floor":27},{"not_picked":["Body Slam","Entrench","Rage"],"picked":"SKIP","floor":28},{"not_picked":["Warcry","Body Slam+1"],"picked":"Armaments","floor":31},{"not_picked":["Offering","Bludgeon"],"picked":"Double Tap","floor":33},{"not_picked":["Cleave+1","Entrench","Havoc"],"picked":"SKIP","floor":35},{"not_picked":["Dropkick+1","Anger"],"picked":"Heavy Blade+1","floor":38},{"not_picked":["Twin Strike+1","Brutality","Warcry+1"],"picked":"SKIP","floor":39},{"not_picked":["Enlightenment","Panacea"],"picked":"Dark Shackles","floor":41},{"not_picked":["Dramatic Entrance","Enlightenment"],"picked":"Secret Technique","floor":41},{"not_picked":["Purity","Thinking Ahead"],"picked":"Secret Technique","floor":41},{"not_picked":["Uppercut","Fire Breathing+1","Rage"],"picked":"SKIP","floor":44},{"not_picked":["Reckless Charge","Sword Boomerang","Iron Wave"],"picked":"SKIP","floor":46}],"player_experience":2224119,"relics_obtained":[{"floor":9,"key":"Mummified Hand"},{"floor":22,"key":"Red Mask"},{"floor":26,"key":"Bag of Marbles"},{"floor":38,"key":"Bird Faced Urn"},{"floor":43,"key":"Boot"}],"event_choices":[{"event_name":"Golden Wing","player_choice":"Card Removal","floor":2,"damage_taken":0},{"event_name":"Scrap Ooze","player_choice":"success","floor":3,"damage_taken":7},{"event_name":"World of Goop","player_choice":"Gather Gold","floor":7,"damage_taken":0},{"event_name":"Duplicator","player_choice":"One dupe","floor":20,"damage_taken":0},{"event_name":"Masked Bandits","player_choice":"Fought Bandits","floor":22,"damage_taken":0},{"event_name":"Transmorgrifier","player_choice":"Transform","floor":36,"damage_taken":0},{"event_name":"MindBloom","player_choice":"Fight","floor":38,"damage_taken":0},{"event_name":"SensoryStone","player_choice":"Memory 3","floor":41,"damage_taken":0},{"event_name":"SecretPortal","player_choice":"Took Portal.","floor":47,"damage_taken":0}],"is_beta":false,"boss_relics":[{"not_picked":["Runic Cube","White Beast Statue"],"picked":"Pandora\u0027s Box"},{"not_picked":["Runic Pyramid","Black Star"],"picked":"Eternal Feather"}],"items_purged_floors":[29],"is_endless":false,"potions_floor_spawned":[4,14,21,24,27,31,33,38,39],"ascension_level":0}