{"gold_per_floor":[115,129,279,279,244,244,31,31,31,43,43,76,25,45,45,45],"floor_reached":16,"playtime":348,"items_purged":[],"score":181,"play_id":"9bf9f960-5be9-4b86-8e4a-2647975c3e98","local_time":"20190203004845","is_ascension_mode":true,"campfire_choices":[{"data":"Zap","floor":6,"key":"SMITH"},{"floor":8,"key":"REST"},{"data":"Defragment","floor":15,"key":"SMITH"}],"neow_cost":"NONE","seed_source_timestamp":787942462300000,"circlet_count":0,"master_deck":["AscendersBane","Strike_B","Strike_B","Strike_B","Defend_B","Defend_B","Defend_B","Defend_B","Zap+1","Dualcast","Steam","Leap","Doubt","Gash","Loop","Defragment+1","Gash","FTL"],"relics":["Cracked Core","Matryoshka","Sling","Blood Vial","Potion Belt","Art of War"],"potions_floor_usage":[12],"damage_taken":[{"damage":13,"enemies":"2 Louse","floor":1,"turns":4},{"damage":7,"enemies":"Jaw Worm","floor":2,"turns":4},{"damage":14,"enemies":"Small Slimes","floor":10,"turns":4},{"damage":36,"enemies":"Lagavulin","floor":12,"turns":8},{"damage":11,"enemies":"Looter","floor":14,"turns":3},{"damage":35,"enemies":"Slime Boss","floor":16,"turns":5}],"seed_played":"-5800663827804951364","potions_obtained":[{"floor":10,"key":"Regen Potion"}],"is_trial":false,"path_per_floor":["M","M","?","?","?","R","$","R","T","M","?","E","$","M","R","B"],"character_chosen":"DEFECT","items_purchased":["Sling","Gash"],"campfire_rested":1,"item_purchase_floors":[7,13],"current_hp_per_floor":[58,51,51,25,44,44,44,67,67,55,55,36,36,27,27,0],"gold":45,"neow_bonus":"TEN_PERCENT_HP_BONUS","is_prod":false,"is_daily":false,"chose_seed":false,"campfire_upgraded":2,"win_rate":0,"timestamp":1549183725,"path_taken":["M","M","?","?","?","R","$","R","T","M","?","E","?","M","R","BOSS"],"build_version":"2019-01-23","purchased_purges":0,"victory":false,"max_hp_per_floor":[78,78,78,78,78,78,78,78,78,78,78,78,78,78,78,78],"card_choices":[{"not_picked":["Chaos","Reinforced Body"],"picked":"Steam","floor":1},{"not_picked":["Fusion","Stack"],"picked":"Leap","floor":2},{"not_picked":["Barrage","Rebound"],"picked":"Gash","floor":10},{"not_picked":["Loop","Coolheaded"],"picked":"Defragment","floor":12},{"not_picked":["Steam","Redo"],"picked":"FTL","floor":14}],"player_experience":1230512,"relics_obtained":[{"floor":9,"key":"Blood Vial"},{"floor":9,"key":"Potion Belt"},{"floor":12,"key":"Art of War"}],"event_choices":[{"damage_healed":0,"gold_gain":150,"player_choice":"AGREE","damage_taken":0,"max_hp_gain":0,"max_hp_loss":0,"event_name":"Liars Game","floor":3,"gold_loss":0,"cards_obtained":["Doubt"]},{"damage_healed":0,"gold_gain":0,"player_choice":"Success","damage_taken":26,"relics_obtained":["Matryoshka"],"max_hp_gain":0,"max_hp_loss":0,"event_name":"Scrap Ooze","floor":4,"gold_loss":0},{"damage_healed":19,"gold_gain":0,"player_choice":"Healed","damage_taken":0,"max_hp_gain":0,"max_hp_loss":0,"event_name":"The Cleric","floor":5,"gold_loss":35},{"damage_healed":0,"gold_gain":0,"cards_transformed":["Strike_B"],"player_choice":"Change","damage_taken":0,"max_hp_gain":0,"max_hp_loss":0,"event_name":"Living Wall","floor":11,"gold_loss":0,"cards_obtained":["Loop"]}],"is_beta":false,"boss_relics":[],"items_purged_floors":[],"is_endless":false,"potions_floor_spawned":[10],"killed_by":"Slime Boss","ascension_level":17}