{"gold_per_floor":[359,369,369,255,271,271,301,301,352,72,72,90,90,265,265,342,342,358,358,376,376,5,5,17,17],"floor_reached":25,"playtime":681,"items_purged":["Regret","Strike_R"],"score":337,"play_id":"cb897af7-723c-45b2-b4e2-da43da143eef","local_time":"20190210205103","is_ascension_mode":true,"campfire_choices":[{"data":"Bash","floor":6,"key":"SMITH"},{"data":"Immolate","floor":11,"key":"SMITH"},{"data":"Inflame","floor":13,"key":"SMITH"},{"data":"Cleave","floor":15,"key":"SMITH"},{"floor":23,"key":"REST"}],"neow_cost":"TEN_PERCENT_HP_LOSS","seed_source_timestamp":15406413978000,"circlet_count":0,"master_deck":["AscendersBane","Strike_R","Strike_R","Strike_R","Defend_R","Defend_R","Defend_R","Defend_R","Bash+1","Cleave+1","Intimidate+1","Immolate+1","Inflame+1","Reaper","Sentinel","Shrug It Off","Ghostly Armor"],"relics":["Burning Blood","Boot","Ice Cream","Red Skull","Mark of Pain","Spirit Poop","Bag of Marbles"],"potions_floor_usage":[7,16,16,25],"damage_taken":[{"damage":2,"enemies":"2 Louse","floor":1,"turns":4},{"damage":11,"enemies":"Small Slimes","floor":2,"turns":4},{"damage":11,"enemies":"Cultist","floor":5,"turns":4},{"damage":30,"enemies":"3 Sentries","floor":7,"turns":9},{"damage":4,"enemies":"3 Louse","floor":12,"turns":3},{"damage":8,"enemies":"Slime Boss","floor":16,"turns":7},{"damage":24,"enemies":"3 Byrds","floor":18,"turns":4},{"damage":34,"enemies":"Shell Parasite","floor":20,"turns":6},{"damage":11,"enemies":"Snake Plant","floor":24,"turns":3},{"damage":64,"enemies":"Book of Stabbing","floor":25,"turns":6}],"seed_played":"-3394898205670950950","potions_obtained":[{"floor":1,"key":"Strength Potion"},{"floor":2,"key":"GamblersBrew"},{"floor":20,"key":"PowerPotion"}],"is_trial":false,"path_per_floor":["M","M","?","$","M","R","E","?","T","$","R","M","R","?","R","B",null,"M","?","M","?","$","R","M","E"],"character_chosen":"IRONCLAD","items_purchased":["Intimidate","Immolate","Inflame","AttackPotion","Shrug It Off","Bag of Marbles","Ghostly Armor"],"campfire_rested":1,"item_purchase_floors":[4,10,10,10,22,22,22],"current_hp_per_floor":[68,63,63,63,58,58,34,34,34,34,34,36,36,36,36,34,60,50,50,33,33,33,53,48,0],"gold":17,"neow_bonus":"TWO_FIFTY_GOLD","is_prod":false,"is_daily":false,"chose_seed":false,"campfire_upgraded":4,"win_rate":0,"timestamp":1549824663,"path_taken":["M","M","?","$","M","R","E","?","T","$","R","?","R","?","R","BOSS","M","?","?","?","$","R","M","E"],"build_version":"2019-01-23","purchased_purges":2,"victory":false,"max_hp_per_floor":[68,68,68,68,68,68,68,68,68,68,68,68,68,68,68,68,68,68,68,68,68,68,68,68,68],"card_choices":[{"not_picked":["Wild Strike","Headbutt"],"picked":"Cleave","floor":1},{"not_picked":["Combust","Armaments","Reckless Charge"],"picked":"SKIP","floor":2},{"not_picked":["Clash","Warcry","Pommel Strike"],"picked":"SKIP","floor":5},{"not_picked":["Body Slam","Blood for Blood","Anger"],"picked":"SKIP","floor":7},{"not_picked":["Intimidate","Searing Blow","Iron Wave"],"picked":"SKIP","floor":12},{"not_picked":["Offering","Dark Embrace"],"picked":"Reaper","floor":16},{"not_picked":["Sentinel","Sever Soul","Body Slam"],"picked":"SKIP","floor":18},{"not_picked":["Flex+1","Cleave","Clothesline"],"picked":"SKIP","floor":20},{"not_picked":["Thunderclap","Wild Strike","Warcry"],"picked":"SKIP","floor":24}],"player_experience":700699,"relics_obtained":[{"floor":7,"key":"Ice Cream"},{"floor":9,"key":"Red Skull"}],"event_choices":[{"damage_healed":0,"gold_gain":0,"player_choice":"Box","damage_taken":0,"relics_obtained":["Boot"],"max_hp_gain":0,"max_hp_loss":0,"event_name":"Big Fish","floor":3,"gold_loss":0,"cards_obtained":["Regret"]},{"damage_healed":0,"gold_gain":0,"player_choice":"Upgraded","damage_taken":0,"max_hp_gain":0,"max_hp_loss":0,"event_name":"Upgrade Shrine","floor":8,"gold_loss":0,"cards_upgraded":["Intimidate"]},{"damage_healed":0,"gold_gain":175,"player_choice":"AGREE","damage_taken":0,"max_hp_gain":0,"max_hp_loss":0,"event_name":"Liars Game","floor":14,"gold_loss":0,"cards_obtained":["Doubt"]},{"damage_healed":0,"gold_gain":0,"cards_transformed":["Strike_R"],"player_choice":"Transformed","damage_taken":0,"max_hp_gain":0,"max_hp_loss":0,"event_name":"Transmorgrifier","floor":19,"gold_loss":0,"cards_obtained":["Sentinel"]},{"cards_removed":["Doubt"],"damage_healed":0,"gold_gain":0,"player_choice":"Offered Curse","damage_taken":0,"relics_obtained":["Spirit Poop"],"max_hp_gain":0,"max_hp_loss":0,"event_name":"Bonfire Elementals","floor":21,"gold_loss":0}],"is_beta":false,"boss_relics":[{"not_picked":["Lizard Tail","Black Blood"],"picked":"Mark of Pain"}],"items_purged_floors":[4,22],"is_endless":false,"potions_floor_spawned":[1,2,20],"killed_by":"Book of Stabbing","ascension_level":14}