{"gold_per_floor":[110,110,125,141,155,180,255,255,255,282,294,304,323,352,352,430,430,450,450,70,81,81,81,81,81],"floor_reached":25,"playtime":2378,"items_purged":["Skewer"],"score":446,"play_id":"796dea79-5a45-4453-9024-72d97f4f0cd3","local_time":"20181223144403","is_ascension_mode":true,"campfire_choices":[{"floor":8,"key":"REST"},{"data":"Noxious Fumes","floor":15,"key":"SMITH"},{"data":"Ghostly","floor":24,"key":"SMITH"}],"neow_cost":"NONE","seed_source_timestamp":533001994208699,"circlet_count":0,"master_deck":["AscendersBane","Survivor","Neutralize","Poisoned Stab","Predator","Backflip","Bane","Predator+1","Deadly Poison","Sucker Punch+1","Blur","Noxious Fumes+1","Corpse Explosion","Grand Finale+1","Envenom","Reflex","Skewer+1","Skewer+1","Outmaneuver","Burst","Setup","Poisoned Stab+1","Dash+1","Ghostly","Ghostly","Ghostly+1","Jack Of All Trades","Cloak And Dagger+1"],"relics":["Velvet Choker","Snake Skull","Molten Egg 2","Pantograph","Pandora\u0027s Box","Strange Spoon","MutagenicStrength","Nloth\u0027s Gift"],"potions_floor_usage":[10,10,25],"damage_taken":[{"damage":4,"enemies":"Small Slimes","floor":1,"turns":4},{"damage":4,"enemies":"2 Louse","floor":3,"turns":4},{"damage":0,"enemies":"Cultist","floor":4,"turns":3},{"damage":4,"enemies":"Blue Slaver","floor":5,"turns":4},{"damage":17,"enemies":"3 Sentries","floor":6,"turns":9},{"damage":9,"enemies":"Lagavulin","floor":10,"turns":7},{"damage":9,"enemies":"Exordium Wildlife","floor":11,"turns":3},{"damage":0,"enemies":"3 Louse","floor":12,"turns":2},{"damage":8,"enemies":"Looter","floor":13,"turns":2},{"damage":7,"enemies":"3 Sentries","floor":14,"turns":7},{"damage":25,"enemies":"Hexaghost","floor":16,"turns":8},{"damage":15,"enemies":"Spheric Guardian","floor":18,"turns":4},{"damage":14,"enemies":"Shell Parasite","floor":21,"turns":4},{"damage":23,"enemies":"Sentry and Sphere","floor":25,"turns":3}],"seed_played":"3103717250548584657","potions_obtained":[{"floor":4,"key":"EssenceOfSteel"},{"floor":6,"key":"Regen Potion"},{"floor":13,"key":"AttackPotion"},{"floor":16,"key":"Poison Potion"}],"is_trial":false,"path_per_floor":["M","?","M","M","M","E","?","R","T","E","M","M","M","E","R","B",null,"M","?","$","M","?","?","R","M"],"character_chosen":"THE_SILENT","items_purchased":["Strange Spoon","Jack Of All Trades"],"campfire_rested":1,"item_purchase_floors":[20,20],"current_hp_per_floor":[55,48,44,44,40,23,12,31,31,39,32,34,28,23,23,25,56,43,33,33,19,19,19,19,0],"gold":81,"neow_bonus":"BOSS_RELIC","is_prod":false,"is_daily":false,"chose_seed":false,"campfire_upgraded":2,"win_rate":0,"timestamp":1545605043,"path_taken":["M","?","M","M","M","E","?","R","T","E","M","M","M","E","R","BOSS","M","?","$","M","?","?","R","?"],"build_version":"2018-12-20","purchased_purges":1,"victory":false,"max_hp_per_floor":[66,66,66,66,66,66,66,66,66,66,66,66,66,66,66,66,66,66,33,33,33,33,33,33,33],"card_choices":[{"not_picked":["Deadly Poison","Underhanded Strike"],"picked":"Poisoned Stab","floor":1},{"not_picked":["Flying Knee","Deadly Poison"],"picked":"Predator","floor":3},{"not_picked":["Quick Slash","Deadly Poison"],"picked":"Backflip","floor":4},{"not_picked":["Poisoned Stab","Riddle With Holes"],"picked":"Bane","floor":5},{"not_picked":["Tactician","Slice"],"picked":"Skewer","floor":6},{"not_picked":["Blur","Backflip"],"picked":"Predator","floor":10},{"not_picked":["Concentrate","Tools of the Trade"],"picked":"Deadly Poison","floor":11},{"not_picked":["Well Laid Plans","Calculated Gamble"],"picked":"Sucker Punch+1","floor":12},{"not_picked":["Blade Dance","Eviscerate+1"],"picked":"Blur","floor":13},{"not_picked":["Tactician","Blur"],"picked":"Noxious Fumes","floor":14},{"not_picked":["Wraith Form v2","Adrenaline"],"picked":"Corpse Explosion","floor":16},{"not_picked":["Blade Dance","Slice+1"],"picked":"Dash+1","floor":18},{"not_picked":["Eviscerate+1","Deflect"],"picked":"Cloak And Dagger+1","floor":21}],"player_experience":197685,"relics_obtained":[{"floor":6,"key":"Snake Skull"},{"floor":9,"key":"Blood Vial"},{"floor":10,"key":"Molten Egg 2"},{"floor":14,"key":"Pantograph"}],"event_choices":[{"cards_removed":["Strike_G"],"damage_healed":0,"gold_gain":0,"player_choice":"Card Removal","damage_taken":7,"max_hp_gain":0,"max_hp_loss":0,"event_name":"Golden Wing","floor":2,"gold_loss":0},{"damage_healed":0,"gold_gain":75,"player_choice":"Gather Gold","damage_taken":11,"max_hp_gain":0,"max_hp_loss":0,"event_name":"World of Goop","floor":7,"gold_loss":0},{"damage_healed":0,"gold_gain":0,"player_choice":"Became a Ghost","damage_taken":0,"max_hp_gain":0,"max_hp_loss":33,"event_name":"Ghosts","floor":19,"gold_loss":0,"cards_obtained":["Ghostly","Ghostly","Ghostly"]},{"damage_healed":0,"gold_gain":0,"player_choice":"Inject Mutagens","damage_taken":0,"relics_obtained":["MutagenicStrength"],"max_hp_gain":0,"max_hp_loss":0,"event_name":"Drug Dealer","floor":22,"gold_loss":0},{"damage_healed":0,"gold_gain":0,"player_choice":"Traded Relic","damage_taken":0,"relics_obtained":["Nloth\u0027s Gift"],"max_hp_gain":0,"max_hp_loss":0,"event_name":"N\u0027loth","floor":23,"relics_lost":["Blood Vial"],"gold_loss":0}],"is_beta":false,"boss_relics":[{"not_picked":["White Beast Statue","Orrery"],"picked":"Pandora\u0027s Box"}],"items_purged_floors":[20],"is_endless":false,"potions_floor_spawned":[4,6,13,16,18,21],"killed_by":"Sentry and Sphere","ascension_level":20}