{"gold_per_floor":[111,36,36,56,56,56,56,56,56,73,84,6,6,6,6,6],"floor_reached":16,"playtime":424,"items_purged":["Strike_G"],"score":101,"play_id":"144e7ceb-7015-4ce6-b637-3dc74a0e5af2","local_time":"20190208150822","is_ascension_mode":true,"campfire_choices":[{"data":"Riddle With Holes","floor":6,"key":"SMITH"},{"data":"Survivor","floor":8,"key":"SMITH"},{"data":"Skewer","floor":13,"key":"SMITH"},{"data":"Crippling Poison","floor":15,"key":"SMITH"}],"neow_cost":"NONE","seed_source_timestamp":597412360293779,"circlet_count":0,"master_deck":["Defend_G","Defend_G","Defend_G","Defend_G","Strike_G","Strike_G","Survivor+1","Neutralize+1","Expertise+1","Wraith Form v2+1","Masterful Stab+1","Backflip+1","Riddle With Holes+1","Crippling Poison+1","Cloak And Dagger","Skewer+1"],"relics":["Astrolabe","Tough Bandages","Golden Idol"],"potions_floor_usage":[],"damage_taken":[{"damage":0,"enemies":"Cultist","floor":1,"turns":3},{"damage":0,"enemies":"Small Slimes","floor":4,"turns":4},{"damage":0,"enemies":"2 Louse","floor":10,"turns":2},{"damage":6,"enemies":"Large Slime","floor":11,"turns":9},{"damage":78,"enemies":"Slime Boss","floor":16,"turns":12}],"seed_played":"3223547028047277295","potions_obtained":[],"is_trial":false,"path_per_floor":["M","$","?","M","?","R","?","R","T","M","M","$","R","?","R","B"],"character_chosen":"THE_SILENT","items_purchased":["Skewer"],"campfire_rested":0,"item_purchase_floors":[12],"current_hp_per_floor":[70,70,70,70,75,75,75,75,75,75,69,69,69,69,69,0],"gold":6,"neow_bonus":"BOSS_RELIC","is_prod":false,"is_daily":false,"chose_seed":false,"campfire_upgraded":4,"win_rate":0,"timestamp":1549609702,"path_taken":["M","?","?","?","?","R","?","R","T","M","M","$","R","?","R","BOSS"],"build_version":"2019-01-23","purchased_purges":1,"victory":false,"max_hp_per_floor":[70,70,70,70,75,75,75,75,75,75,75,75,75,69,69,69],"card_choices":[{"not_picked":["Sucker Punch","Outmaneuver"],"picked":"Backflip","floor":1},{"not_picked":["Poisoned Stab","PiercingWail"],"picked":"Riddle With Holes","floor":4},{"not_picked":["Leg Sweep","Deadly Poison"],"picked":"Crippling Poison","floor":10},{"not_picked":["Setup","Underhanded Strike"],"picked":"Cloak And Dagger","floor":11}],"player_experience":210308,"relics_obtained":[{"floor":9,"key":"Tough Bandages"}],"event_choices":[{"damage_healed":0,"gold_gain":0,"player_choice":"Forge","damage_taken":0,"max_hp_gain":0,"max_hp_loss":0,"event_name":"Accursed Blacksmith","floor":3,"gold_loss":0,"cards_upgraded":["Neutralize"]},{"damage_healed":0,"gold_gain":0,"player_choice":"Donut","damage_taken":0,"max_hp_gain":5,"max_hp_loss":0,"event_name":"Big Fish","floor":5,"gold_loss":0},{"damage_healed":0,"gold_gain":0,"player_choice":"Grow","damage_taken":0,"max_hp_gain":0,"max_hp_loss":0,"event_name":"Living Wall","floor":7,"gold_loss":0,"cards_upgraded":["Backflip"]},{"damage_healed":0,"gold_gain":0,"player_choice":"Lose Max HP","damage_taken":0,"relics_obtained":["Golden Idol"],"max_hp_gain":0,"max_hp_loss":6,"event_name":"Golden Idol","floor":14,"gold_loss":0}],"is_beta":false,"boss_relics":[],"items_purged_floors":[2],"is_endless":false,"potions_floor_spawned":[],"killed_by":"Slime Boss","ascension_level":3}