{"gold_per_floor":[109,184,195,195,195,195,225,240,266,78,78,95,129,129,129,230,230,241,168,185,110,110,140,157,187,187,187,197,197,211,222,222,321,321,335,335,183,183,200,200,217,235,235,235,255,255,265,278,278,278],"floor_reached":51,"playtime":1557,"items_purged":[],"score":749,"play_id":"f5858c67-aa76-4a85-a275-becf647a3fa5","local_time":"20181127230743","is_ascension_mode":false,"campfire_choices":[{"data":"Dualcast","floor":6,"key":"SMITH"},{"data":"Apotheosis","floor":11,"key":"SMITH"},{"floor":15,"key":"REST"},{"data":"Rainbow","floor":29,"key":"SMITH"},{"floor":32,"key":"REST"},{"data":"Buffer","floor":40,"key":"SMITH"},{"data":"1","floor":44,"key":"LIFT"},{"floor":49,"key":"REST"}],"neow_cost":"NONE","seed_source_timestamp":872294478128248,"circlet_count":0,"master_deck":["Defend_B","Defend_B","Zap+1","Dualcast+1","Rainbow+1","Apotheosis+1","Conserve Battery","Electrodynamics","Conserve Battery","Chill","Cold Snap+1","Ball Lightning+1","Compile Driver+1","Buffer+1","Coolheaded+1","Core Surge+1","Ball Lightning+1","Buffer","Discovery+1","White Noise+1","Chaos+1","Auto Shields+1","Coolheaded+1"],"special_seed":0,"relics":["Cracked Core","PreservedInsect","Anchor","Boot","Orichalcum","Torii","Nuclear Battery","Letter Opener","Ancient Tea Set","Toxic Egg 2","Astrolabe","Girya"],"potions_floor_usage":[23,50,50,50],"damage_taken":[{"damage":0.0,"enemies":"Small Slimes","floor":1.0,"turns":2.0},{"damage":0,"enemies":"Cultist","floor":3,"turns":4},{"damage":9,"enemies":"Gremlin Nob","floor":7,"turns":4},{"damage":0,"enemies":"2 Louse","floor":8,"turns":1},{"damage":11,"enemies":"Exordium Thugs","floor":12,"turns":5},{"damage":8,"enemies":"3 Sentries","floor":13,"turns":4},{"damage":4,"enemies":"Hexaghost","floor":16,"turns":9},{"damage":0,"enemies":"Spheric Guardian","floor":18,"turns":4},{"damage":0,"enemies":"Chosen","floor":20,"turns":4},{"damage":0,"enemies":"Book of Stabbing","floor":23,"turns":4},{"damage":0,"enemies":"Centurion and Healer","floor":24,"turns":5},{"damage":0,"enemies":"Slavers","floor":25,"turns":2},{"damage":1,"enemies":"Snake Plant","floor":28,"turns":3},{"damage":10,"enemies":"Sentry and Sphere","floor":30,"turns":4},{"damage":0,"enemies":"Chosen and Byrds","floor":31,"turns":4},{"damage":44,"enemies":"Champ","floor":33,"turns":12},{"damage":0,"enemies":"3 Darklings","floor":35,"turns":2},{"damage":0,"enemies":"Orb Walker","floor":39,"turns":3},{"damage":0,"enemies":"4 Shapes","floor":41,"turns":1},{"damage":0,"enemies":"3 Darklings","floor":42,"turns":4},{"damage":17,"enemies":"Maw","floor":45,"turns":6},{"damage":1,"enemies":"Transient","floor":47,"turns":5},{"damage":0,"enemies":"3 Darklings","floor":48,"turns":3},{"damage":7,"enemies":"Donu and Deca","floor":50,"turns":12}],"seed_played":"8303948504088500504","potions_obtained":[{"floor":7,"key":"Poison Potion"},{"floor":8,"key":"SpeedPotion"},{"floor":12,"key":"PowerPotion"},{"floor":13,"key":"Dexterity Potion"},{"floor":20,"key":"Swift Potion"},{"floor":23,"key":"SkillPotion"}],"is_trial":false,"path_per_floor":["M","?","M","?","?","R","E","M","T","$","R","M","E","?","R","B",null,"M","$","M","?","$","E","M","E","T","?","M","R","M","M","R","B",null,"M","?","$","?","M","R","M","M","T","R","M","?","M","M","R","B",null],"character_chosen":"DEFECT","items_purchased":["Apotheosis","Chill","Buffer"],"campfire_rested":3,"item_purchase_floors":[10,19,37],"current_hp_per_floor":[75,68,68,73,66,66,57,57,57,57,57,46,38,22,46,42,80,80,80,80,80,80,80,80,80,80,80,79,79,69,69,80,36,80,80,76,76,76,76,76,76,76,76,76,59,59,58,58,76,69],"gold":278,"neow_bonus":"RANDOM_COMMON_RELIC","is_prod":false,"is_daily":false,"chose_seed":false,"campfire_upgraded":4,"win_rate":0,"timestamp":1543360063,"path_taken":["M","?","?","?","?","R","E","M","T","$","R","M","E","?","R","BOSS","M","$","M","?","$","E","M","E","T","?","M","R","M","M","R","BOSS","M","?","$","?","M","R","M","M","T","R","M","?","M","M","R","BOSS"],"build_version":"2018-11-15","purchased_purges":0,"victory":true,"max_hp_per_floor":[75,75,75,80,80,80,80,80,80,80,80,80,80,80,80,80,80,80,80,80,80,80,80,80,80,80,80,80,80,80,80,80,80,80,80,76,76,76,76,76,76,76,76,76,76,76,76,76,76,76],"card_choices":[{"not_picked":["Steam","Loop","Streamline"],"picked":"SKIP","floor":1.0},{"not_picked":["Storm","Self Repair","Turbo"],"picked":"SKIP","floor":3},{"not_picked":["Fusion","Loop"],"picked":"Rainbow","floor":7},{"not_picked":["Turbo","Rip and Tear","Loop"],"picked":"SKIP","floor":8},{"not_picked":["Storm","Darkness"],"picked":"Conserve Battery","floor":12},{"not_picked":["Steam Power","Streamline","Recycle"],"picked":"SKIP","floor":13},{"not_picked":["Buffer","Machine Learning"],"picked":"Electrodynamics","floor":16},{"not_picked":["Stack","Leap"],"picked":"Conserve Battery","floor":18},{"not_picked":["Scrape","Storm"],"picked":"Cold Snap+1","floor":20},{"not_picked":["Fission","Biased Cognition","Skim"],"picked":"SKIP","floor":23},{"not_picked":["Go for the Eyes","Beam Cell","Gash"],"picked":"SKIP","floor":24},{"not_picked":["Consume","Force Field","Reprogram+1"],"picked":"SKIP","floor":25},{"not_picked":["Coolheaded+1","Leap+1"],"picked":"Ball Lightning+1","floor":28},{"not_picked":["Beam Cell","Reprogram+1","Barrage+1"],"picked":"SKIP","floor":30},{"not_picked":["Conserve Battery+1","Beam Cell+1"],"picked":"Compile Driver+1","floor":31},{"not_picked":["All For One","Biased Cognition"],"picked":"Buffer","floor":33},{"not_picked":["Self Repair","Streamline","Beam Cell+1"],"picked":"SKIP","floor":35},{"not_picked":["Apotheosis+1","Secret Weapon+1"],"picked":"Discovery+1","floor":38},{"not_picked":["Beam Cell","Streamline"],"picked":"White Noise+1","floor":39},{"not_picked":["Doom and Gloom","Compile Driver","Turbo+1"],"picked":"SKIP","floor":41},{"not_picked":["Stack+1","Core Surge"],"picked":"Chaos+1","floor":42},{"not_picked":["Barrage","Compile Driver+1","Conserve Battery+1"],"picked":"SKIP","floor":45},{"not_picked":["Compile Driver","Loop"],"picked":"Auto Shields+1","floor":47},{"not_picked":["Double Energy+1","Stack+1"],"picked":"Coolheaded+1","floor":48}],"player_experience":830602,"relics_obtained":[{"floor":7,"key":"Boot"},{"floor":9,"key":"Orichalcum"},{"floor":13,"key":"Torii"},{"floor":23,"key":"Letter Opener"},{"floor":25,"key":"Ancient Tea Set"},{"floor":26,"key":"Toxic Egg 2"},{"floor":43,"key":"Girya"}],"event_choices":[{"damage_healed":0,"gold_gain":75,"player_choice":"Touch","damage_taken":7,"max_hp_gain":0,"max_hp_loss":0,"event_name":"FaceTrader","floor":2,"gold_loss":0},{"damage_healed":0,"gold_gain":0,"player_choice":"Donut","damage_taken":0,"max_hp_gain":5,"max_hp_loss":0,"event_name":"Big Fish","floor":4,"gold_loss":0},{"damage_healed":0,"gold_gain":0,"player_choice":"Success","damage_taken":7,"relics_obtained":["Anchor"],"max_hp_gain":0,"max_hp_loss":0,"event_name":"Scrap Ooze","floor":5,"gold_loss":0},{"damage_healed":0,"gold_gain":0,"player_choice":"Entered Light","damage_taken":16,"max_hp_gain":0,"max_hp_loss":0,"event_name":"Shining Light","floor":14,"gold_loss":0,"cards_upgraded":["Strike_B","Zap"]},{"cards_removed":["Defend_B"],"damage_healed":0,"gold_gain":0,"player_choice":"Gave Gold","damage_taken":0,"max_hp_gain":0,"max_hp_loss":0,"event_name":"Beggar","floor":21,"gold_loss":75},{"cards_removed":["Strike_B"],"damage_healed":0,"gold_gain":0,"player_choice":"Purged","damage_taken":0,"max_hp_gain":0,"max_hp_loss":0,"event_name":"Purifier","floor":27,"gold_loss":0},{"damage_healed":0,"gold_gain":0,"player_choice":"Max HP","damage_taken":0,"max_hp_gain":0,"max_hp_loss":4,"event_name":"Winding Halls","floor":36,"gold_loss":0},{"damage_healed":0,"gold_gain":0,"player_choice":"Memory 1","damage_taken":0,"max_hp_gain":0,"max_hp_loss":0,"event_name":"SensoryStone","floor":38,"gold_loss":0},{"cards_removed":["Strike_B"],"damage_healed":0,"gold_gain":0,"player_choice":"Removed Attack","damage_taken":0,"max_hp_gain":0,"max_hp_loss":0,"event_name":"Falling","floor":46,"gold_loss":0}],"is_beta":false,"boss_relics":[{"not_picked":["Pandora\u0027s Box","Snecko Eye"],"picked":"Nuclear Battery"},{"not_picked":["Lizard Tail","Empty Cage"],"picked":"Astrolabe"}],"items_purged_floors":[],"is_endless":false,"potions_floor_spawned":[7,8,12,13,16,18,20,23,25,42,48],"ascension_level":0}