{"gold_per_floor":[119,194,369,388,388,421,441,475,475,475,475],"floor_reached":11,"playtime":371,"items_purged":[],"score":125,"play_id":"9985db23-c54a-424c-bada-8b952122c515","local_time":"20181023232536","is_ascension_mode":true,"campfire_choices":[],"neow_cost":"NONE","seed_source_timestamp":275807443050880,"circlet_count":0,"master_deck":["Defend_G","Defend_G","Defend_G","Defend_G","Defend_G","Strike_G","Strike_G+1","Strike_G","Strike_G","Strike_G","Survivor","Neutralize","Bouncing Flask","Doubt","Backstab","Dagger Throw+1","Dagger Throw","Well Laid Plans"],"relics":["Ring of the Snake","NeowsBlessing","Golden Idol","Mummified Hand","Odd Mushroom","Juzu Bracelet"],"potions_floor_usage":[7],"damage_taken":[{"damage":0,"enemies":"2 Louse","floor":1,"turns":1},{"damage":0,"enemies":"Small Slimes","floor":4,"turns":1},{"damage":0,"enemies":"3 Sentries","floor":6,"turns":1},{"damage":1,"enemies":"Cultist","floor":7,"turns":3},{"damage":15,"enemies":"The Mushroom Lair","floor":8,"turns":4},{"damage":10,"enemies":"Lagavulin","floor":11,"turns":2}],"seed_played":"6999369227607083916","potions_obtained":[{"floor":6,"key":"Fruit Juice"},{"floor":7,"key":"FearPotion"},{"floor":8,"key":"Explosive Potion"}],"is_trial":false,"path_per_floor":["M","?","?","M","?","E","M","?","T","?"],"character_chosen":"THE_SILENT","items_purchased":[],"campfire_rested":0,"item_purchase_floors":[],"current_hp_per_floor":[63,52,52,52,35,35,39,24,24,9,0],"gold":475,"neow_bonus":"THREE_ENEMY_KILL","is_prod":false,"is_daily":false,"chose_seed":false,"campfire_upgraded":0,"win_rate":0,"timestamp":1540362336,"path_taken":["M","?","?","M","?","E","M","?","T","?","E"],"build_version":"2018-10-18","purchased_purges":0,"victory":false,"max_hp_per_floor":[70,70,70,70,70,70,75,75,75,75,75],"card_choices":[{"not_picked":["Deadly Poison","Accuracy"],"picked":"Bouncing Flask","floor":1},{"not_picked":["Outmaneuver","Footwork"],"picked":"Backstab","floor":4},{"not_picked":["Underhanded Strike","Poisoned Stab"],"picked":"Dagger Throw","floor":6},{"not_picked":["Reflex","Unload"],"picked":"Dagger Throw","floor":7},{"not_picked":["Cloak And Dagger","PiercingWail"],"picked":"Well Laid Plans","floor":8}],"player_experience":43498,"relics_obtained":[{"floor":6,"key":"Mummified Hand"},{"floor":8,"key":"Odd Mushroom"},{"floor":9,"key":"Juzu Bracelet"}],"event_choices":[{"damage_healed":0,"gold_gain":75,"player_choice":"Gather Gold","damage_taken":11,"max_hp_gain":0,"max_hp_loss":0,"event_name":"World of Goop","floor":2,"gold_loss":0},{"damage_healed":0,"gold_gain":175,"player_choice":"AGREE","damage_taken":0,"max_hp_gain":0,"max_hp_loss":0,"event_name":"Liars Game","floor":3,"gold_loss":0,"cards_obtained":["Doubt"]},{"damage_healed":0,"gold_gain":0,"player_choice":"Take Damage","damage_taken":17,"relics_obtained":["Golden Idol"],"max_hp_gain":0,"max_hp_loss":0,"event_name":"Golden Idol","floor":5,"gold_loss":0},{"damage_healed":0,"gold_gain":0,"player_choice":"Fought Mushrooms","damage_taken":0,"max_hp_gain":0,"max_hp_loss":0,"event_name":"Mushrooms","floor":8,"gold_loss":0},{"damage_healed":0,"gold_gain":0,"player_choice":"Entered Light","damage_taken":15,"max_hp_gain":0,"max_hp_loss":0,"event_name":"Shining Light","floor":10,"gold_loss":0,"cards_upgraded":["Strike_G","Dagger Throw"]}],"is_beta":false,"boss_relics":[],"items_purged_floors":[],"is_endless":false,"potions_floor_spawned":[6,7,8],"killed_by":"Lagavulin","ascension_level":6}