{"gold_per_floor":[111,125,125,125,141,141,141,141,141,141,107,39,39,58,58,158,158,178,178,393,393,236,236,236,254,254,8,22,41,41,56,56,154,154,172,183,183,183,195,195,215,215,215,242,242,258,273,86,86,86],"floor_reached":51,"playtime":9093,"items_purged":["Strike_B"],"score":660,"play_id":"f2d7d400-1636-42f5-a8fb-5b435ab7f389","local_time":"20181112214846","is_ascension_mode":false,"campfire_choices":[{"data":"Streamline","floor":6,"key":"SMITH"},{"data":"Dualcast","floor":8,"key":"SMITH"},{"data":"Defragment","floor":13,"key":"SMITH"},{"data":"Creative AI","floor":15,"key":"SMITH"},{"data":"Amplify","floor":23,"key":"SMITH"},{"data":"Go for the Eyes","floor":30,"key":"SMITH"},{"floor":32,"key":"REST"},{"data":"Consume","floor":40,"key":"SMITH"},{"data":"Loop","floor":42,"key":"SMITH"},{"data":"Hologram","floor":45,"key":"SMITH"},{"floor":49,"key":"REST"}],"neow_cost":"PERCENT_DAMAGE","seed_source_timestamp":702199819294253,"circlet_count":0,"master_deck":["Defend_B","Defend_B","Defend_B","Defend_B","Zap+1","Dualcast+1","Fission+1","Heatsinks","Ball Lightning","Streamline+1","Creative AI+1","Auto Shields","Defragment+1","Machine Learning","Amplify+1","Glacier+1","Capacitor","Go for the Eyes+1","Doom and Gloom+1","Leap","Tempest","Ball Lightning+1","Electrodynamics","Loop+1","Hologram+1","Consume+1","Coolheaded","Hologram+1","Loop","Coolheaded"],"relics":["Cracked Core","Anchor","Velvet Choker","Old Coin","Enchiridion","Molten Egg 2","DataDisk","Inserter","Dead Branch","Regal Pillow"],"potions_floor_usage":[39,50,50],"damage_taken":[{"damage":2,"enemies":"2 Louse","floor":1,"turns":2},{"damage":1,"enemies":"Jaw Worm","floor":2,"turns":4},{"damage":0,"enemies":"Cultist","floor":5,"turns":2},{"damage":0,"enemies":"3 Louse","floor":14,"turns":3},{"damage":4,"enemies":"Hexaghost","floor":16,"turns":8},{"damage":0,"enemies":"Chosen","floor":18,"turns":4},{"damage":8,"enemies":"Colosseum Slavers","floor":19,"turns":5},{"damage":0,"enemies":"2 Thieves","floor":25,"turns":4},{"damage":5,"enemies":"Snecko","floor":28,"turns":6},{"damage":0,"enemies":"Chosen and Byrds","floor":29,"turns":3},{"damage":0,"enemies":"Centurion and Healer","floor":31,"turns":5},{"damage":0,"enemies":"Collector","floor":33,"turns":11},{"damage":7,"enemies":"3 Darklings","floor":35,"turns":4},{"damage":4,"enemies":"Orb Walker","floor":36,"turns":3},{"damage":0,"enemies":"Transient","floor":39,"turns":5},{"damage":1,"enemies":"Spire Growth","floor":41,"turns":5},{"damage":0,"enemies":"4 Shapes","floor":46,"turns":2},{"damage":0,"enemies":"Maw","floor":47,"turns":7},{"damage":14,"enemies":"Donu and Deca","floor":50,"turns":7}],"seed_played":"-6042410362104462968","potions_obtained":[{"floor":2,"key":"SteroidPotion"},{"floor":28,"key":"Block Potion"},{"floor":29,"key":"SpeedPotion"},{"floor":31,"key":"GamblersBrew"},{"floor":36,"key":"Dexterity Potion"},{"floor":47,"key":"AttackPotion"}],"is_trial":false,"path_per_floor":["M","M","?","?","M","R","?","R","T","?","$","$","R","M","R","B",null,"M","?","?","?","$","R","?","M","T","$","M","M","R","M","R","B",null,"M","M","?","?","M","R","M","R","T","T","R","M","M","$","R","B",null],"character_chosen":"DEFECT","items_purchased":["Auto Shields","Defragment","Capacitor","DataDisk","Doom and Gloom+1","Leap","Loop","FocusPotion","Coolheaded"],"campfire_rested":2,"item_purchase_floors":[11,12,22,27,27,27,48,48,48],"current_hp_per_floor":[52,51,56,56,56,56,40,40,40,40,40,40,40,40,40,36,80,80,72,72,57,57,57,41,41,41,41,36,36,36,36,61,61,85,78,74,74,74,74,74,73,73,73,73,73,73,73,73,85,71],"gold":86,"neow_bonus":"TRANSFORM_TWO_CARDS","is_prod":false,"is_daily":false,"chose_seed":false,"campfire_upgraded":9,"win_rate":0,"timestamp":1542077326,"path_taken":["M","M","?","?","?","R","?","R","T","?","?","$","R","M","R","BOSS","M","?","?","?","?","R","?","M","T","$","M","M","R","?","R","BOSS","M","M","?","?","M","R","M","R","T","?","R","M","M","$","R","BOSS"],"build_version":"2018-11-08","purchased_purges":1,"victory":true,"max_hp_per_floor":[75,75,80,80,80,80,80,80,80,80,80,80,80,80,80,80,80,80,80,80,85,85,85,85,85,85,85,85,85,85,85,85,85,85,85,85,85,85,85,85,85,85,85,85,85,85,85,85,85,85],"card_choices":[{"not_picked":["Turbo","Stack"],"picked":"Ball Lightning","floor":1},{"not_picked":["Compile Driver","Stack"],"picked":"Streamline","floor":2},{"not_picked":["Beam Cell","Ball Lightning"],"picked":"Cold Snap","floor":5},{"not_picked":["Rebound","Barrage"],"picked":"Machine Learning","floor":14},{"not_picked":["Seek","Buffer"],"picked":"Amplify","floor":16},{"not_picked":["Melter","Hologram"],"picked":"Glacier+1","floor":18},{"not_picked":["Sweeping Beam","Blizzard"],"picked":"Go for the Eyes","floor":25},{"not_picked":["Genetic Algorithm","Barrage+1"],"picked":"Tempest","floor":28},{"not_picked":["Steam+1","Turbo"],"picked":"Ball Lightning+1","floor":29},{"not_picked":["Go for the Eyes+1","Heatsinks","Redo"],"picked":"SKIP","floor":31},{"not_picked":["Buffer","Machine Learning"],"picked":"Electrodynamics","floor":33},{"not_picked":["Auto Shields","Tempest+1"],"picked":"Loop","floor":35},{"not_picked":["Sweeping Beam+1","Turbo"],"picked":"Hologram","floor":36},{"not_picked":["Aggregate","Ball Lightning+1"],"picked":"Consume","floor":39},{"not_picked":["Hologram+1","Sunder+1"],"picked":"Coolheaded","floor":41},{"not_picked":["Scrape+1","Leap"],"picked":"Hologram+1","floor":46},{"not_picked":["Sweeping Beam+1","Meteor Strike+1","Steam+1"],"picked":"SKIP","floor":47}],"player_experience":3316166,"relics_obtained":[{"floor":9,"key":"Anchor"},{"floor":24,"key":"Enchiridion"},{"floor":26,"key":"Molten Egg 2"},{"floor":43,"key":"Dead Branch"},{"floor":44,"key":"Regal Pillow"}],"event_choices":[{"damage_healed":0,"gold_gain":0,"player_choice":"Donut","damage_taken":0,"max_hp_gain":5,"max_hp_loss":0,"event_name":"Big Fish","floor":3,"gold_loss":0},{"damage_healed":0,"gold_gain":0,"player_choice":"Forge","damage_taken":0,"max_hp_gain":0,"max_hp_loss":0,"event_name":"Accursed Blacksmith","floor":4,"gold_loss":0,"cards_upgraded":["Fission"]},{"damage_healed":0,"gold_gain":0,"player_choice":"Entered Light","damage_taken":16,"max_hp_gain":0,"max_hp_loss":0,"event_name":"Shining Light","floor":7,"gold_loss":0,"cards_upgraded":["Zap","Cold Snap"]},{"damage_healed":0,"gold_gain":0,"cards_transformed":["Strike_B"],"player_choice":"Change","damage_taken":0,"max_hp_gain":0,"max_hp_loss":0,"event_name":"Living Wall","floor":10,"gold_loss":0,"cards_obtained":["Creative AI"]},{"damage_healed":0,"gold_gain":0,"player_choice":"Fight","damage_taken":0,"max_hp_gain":0,"max_hp_loss":0,"event_name":"Colosseum","floor":19,"gold_loss":0},{"damage_healed":0,"gold_gain":0,"player_choice":"Fled From Nobs","damage_taken":0,"max_hp_gain":0,"max_hp_loss":0,"event_name":"Colosseum","floor":19,"gold_loss":0},{"damage_healed":0,"gold_gain":0,"player_choice":"Obtained Relic","damage_taken":0,"relics_obtained":["Old Coin"],"max_hp_gain":0,"max_hp_loss":0,"event_name":"Addict","floor":20,"gold_loss":85},{"damage_healed":0,"gold_gain":0,"player_choice":"Shed Blood","damage_taken":20,"max_hp_gain":5,"max_hp_loss":0,"event_name":"Forgotten Altar","floor":21,"gold_loss":0},{"damage_healed":0,"gold_gain":0,"player_choice":"Obtained Book","damage_taken":16,"max_hp_gain":0,"max_hp_loss":0,"event_name":"Cursed Tome","floor":24,"gold_loss":0},{"cards_removed":["Cold Snap"],"damage_healed":0,"gold_gain":0,"player_choice":"Removed Attack","damage_taken":0,"max_hp_gain":0,"max_hp_loss":0,"event_name":"Falling","floor":37,"gold_loss":0},{"damage_healed":0,"gold_gain":0,"player_choice":"Ignored","damage_taken":0,"max_hp_gain":0,"max_hp_loss":0,"event_name":"Mysterious Sphere","floor":38,"gold_loss":0}],"is_beta":false,"boss_relics":[{"not_picked":["Lizard Tail","White Beast Statue"],"picked":"Velvet Choker"},{"not_picked":["Eternal Feather","FrozenCore"],"picked":"Inserter"}],"items_purged_floors":[22],"is_endless":false,"potions_floor_spawned":[2,28,29,31,36,47],"ascension_level":0}