{"gold_per_floor":[114,114,129,144,159,189,189,189,219,249,249,264,279,279,279,279],"floor_reached":16,"playtime":715,"items_purged":[],"score":112,"play_id":"fbdb370d-b32d-41dd-9eec-8b3fb99b4c7a","local_time":"20180630203545","daily_mods":["Diverse","Lethality","Binary"],"is_ascension_mode":false,"campfire_choices":[{"floor":7,"key":"REST"},{"floor":11,"key":"REST"},{"floor":15,"key":"REST"}],"neow_cost":"","seed_source_timestamp":0,"circlet_count":0,"master_deck":["Defend_G","Defend_G","Defend_G","Defend_G","Strike_G","Strike_G","Strike_G","Strike_G","Strike_G","Survivor","Neutralize","Fire Breathing+1","Doom and Gloom","Hologram","Acrobatics","After Image","Predator","Prepared","Heavy Blade"],"special_seed":17713,"relics":["Ring of the Snake","Juzu Bracelet","Tiny Chest","The Specimen","Bottled Lightning"],"potions_floor_usage":[16,16,16],"damage_taken":[{"damage":14,"enemies":"Jaw Worm","floor":1,"turns":2},{"damage":0,"enemies":"Cultist","floor":3,"turns":3},{"damage":0,"enemies":"2 Louse","floor":4,"turns":2},{"damage":7,"enemies":"Gremlin Gang","floor":5,"turns":3},{"damage":34,"enemies":"Lagavulin","floor":6,"turns":4},{"damage":17,"enemies":"3 Sentries","floor":10,"turns":5},{"damage":17,"enemies":"Blue Slaver","floor":12,"turns":4},{"damage":0,"enemies":"Lots of Slimes","floor":13,"turns":1},{"damage":48,"enemies":"The Guardian","floor":16,"turns":7}],"seed_played":"-8851648875795215677","potions_obtained":[{"floor":4,"key":"LiquidBronze"},{"floor":6,"key":"Fire Potion"},{"floor":10,"key":"EssenceOfSteel"},{"floor":13,"key":"SkillPotion"}],"is_trial":false,"path_per_floor":["M","?","M","M","M","E","R","?","T","E","R","M","M","T","R"],"character_chosen":"THE_SILENT","items_purchased":[],"campfire_rested":3,"item_purchase_floors":[],"current_hp_per_floor":[56,56,56,56,49,15,36,36,36,19,40,23,23,23,44,0],"gold":279,"neow_bonus":"","is_prod":false,"is_daily":true,"chose_seed":false,"campfire_upgraded":0,"win_rate":0,"timestamp":1530405345,"path_taken":["M","?","M","?","M","E","R","?","T","E","R","M","M","?","R","BOSS"],"build_version":"2018-06-28","purchased_purges":0,"victory":false,"max_hp_per_floor":[70,70,70,70,70,70,70,70,70,70,70,70,70,70,70,70],"card_choices":[{"not_picked":["Go for the Eyes"],"picked":"Fire Breathing","floor":1},{"not_picked":["True Grit"],"picked":"Doom and Gloom","floor":3},{"not_picked":["Heel Hook"],"picked":"Hologram","floor":4},{"not_picked":["Body Slam"],"picked":"Acrobatics","floor":5},{"not_picked":["Barrage"],"picked":"After Image","floor":6},{"not_picked":["Tools of the Trade"],"picked":"Predator","floor":10},{"not_picked":["True Grit"],"picked":"Prepared","floor":12},{"not_picked":["Prepared"],"picked":"Heavy Blade","floor":13}],"player_experience":153011,"relics_obtained":[{"floor":6,"key":"Juzu Bracelet"},{"floor":9,"key":"Tiny Chest"},{"floor":10,"key":"The Specimen"},{"floor":14,"key":"Bottled Lightning"}],"event_choices":[{"event_name":"Upgrade Shrine","player_choice":"Upgraded","floor":2,"damage_taken":0},{"event_name":"Purifier","player_choice":"One Purge","floor":8,"damage_taken":0}],"boss_relics":[],"items_purged_floors":[],"is_endless":false,"potions_floor_spawned":[4,6,10,13],"killed_by":"The Guardian","ascension_level":0}