{"gold_per_floor":[113,113,113,134,134,134,159,200,200,200,200,220,220,283,283,402,402,420,420,420,41,62,62,10,53,53,66,66,90,215,256,256,376,376,395,395,40,53,53,53,74,87,87,100,25,43,43,57,57,57],"floor_reached":51,"playtime":1833,"items_purged":["Melter"],"score":770,"play_id":"96ced532-4eb9-4eb8-a0e5-ae504515b5d6","local_time":"20190113231225","is_ascension_mode":false,"campfire_choices":[{"data":"Dualcast","floor":6.0,"key":"SMITH"},{"data":"Zap","floor":11.0,"key":"SMITH"},{"floor":13.0,"key":"REST"},{"data":"Go for the Eyes","floor":15.0,"key":"SMITH"},{"data":"Capacitor","floor":23.0,"key":"SMITH"},{"floor":32.0,"key":"REST"},{"data":"Echo Form","floor":40.0,"key":"SMITH"},{"data":"Glacier","floor":49,"key":"SMITH"}],"neow_cost":"NONE","seed_source_timestamp":1739418006510634,"circlet_count":0,"master_deck":["Strike_B+1","Strike_B+1","Defend_B+1","Defend_B+1","Defend_B+1","Zap+1","Dualcast+1","Go for the Eyes+1","Capacitor+1","Glacier+1","Seek+1","Skim+1","Reinforced Body+1","Echo Form+1","Doom and Gloom+1","Undo","Cold Snap+1","Ball Lightning","Echo Form+1","Electrodynamics","Hologram+1","Barrage+1","Conserve Battery+1"],"special_seed":0,"relics":["Cracked Core","Boot","Golden Idol","Mercury Hourglass","Happy Flower","Lantern","Tiny Chest","Astrolabe","War Paint","Thread and Needle","Bottled Tornado","Gremlin Horn","Calipers","Singing Bowl","Strawberry","Nuclear Battery","Runic Capacitor","Symbiotic Virus","Meat on the Bone"],"potions_floor_usage":[50,50,50],"damage_taken":[{"damage":1.0,"enemies":"Jaw Worm","floor":1.0,"turns":4.0},{"damage":0.0,"enemies":"2 Louse","floor":4.0,"turns":2.0},{"damage":0.0,"enemies":"Small Slimes","floor":7.0,"turns":2.0},{"damage":16.0,"enemies":"Lagavulin","floor":8.0,"turns":6.0},{"damage":2.0,"enemies":"Looter","floor":12.0,"turns":2.0},{"damage":13.0,"enemies":"Gremlin Nob","floor":14.0,"turns":3.0},{"damage":13.0,"enemies":"Hexaghost","floor":16.0,"turns":11.0},{"damage":0.0,"enemies":"Spheric Guardian","floor":18.0,"turns":1.0},{"damage":0.0,"enemies":"Shell Parasite","floor":22.0,"turns":5.0},{"damage":2.0,"enemies":"Book of Stabbing","floor":25.0,"turns":4.0},{"damage":0.0,"enemies":"Centurion and Healer","floor":27.0,"turns":7.0},{"damage":0.0,"enemies":"Snecko","floor":29.0,"turns":5.0},{"damage":17.0,"enemies":"Colosseum Slavers","floor":30.0,"turns":3.0},{"damage":20.0,"enemies":"Colosseum Nobs","floor":30.0,"turns":5.0},{"damage":27.0,"enemies":"Slavers","floor":31.0,"turns":4.0},{"damage":0.0,"enemies":"Champ","floor":33.0,"turns":9.0},{"damage":0.0,"enemies":"3 Shapes","floor":35.0,"turns":3.0},{"damage":0.0,"enemies":"Orb Walker","floor":38.0,"turns":4.0},{"damage":0.0,"enemies":"Sphere and 2 Shapes","floor":41.0,"turns":6.0},{"damage":0.0,"enemies":"Maw","floor":42.0,"turns":7.0},{"damage":2.0,"enemies":"Jaw Worm Horde","floor":44.0,"turns":4.0},{"damage":0,"enemies":"Sphere and 2 Shapes","floor":46,"turns":3},{"damage":0,"enemies":"Spire Growth","floor":48,"turns":4},{"damage":4,"enemies":"Awakened One","floor":50,"turns":9}],"seed_played":"-8904044620200281054","potions_obtained":[{"floor":4.0,"key":"FocusPotion"},{"floor":7.0,"key":"FearPotion"},{"floor":14.0,"key":"AttackPotion"},{"floor":29.0,"key":"Ancient Potion"},{"floor":30.0,"key":"SteroidPotion"},{"floor":31.0,"key":"FairyPotion"},{"floor":33.0,"key":"Block Potion"}],"is_trial":false,"path_per_floor":["M","$","?","M","?","R","M","E","T","?","R","M","R","E","R","B",null,"M","?","?","$","M","R","$","E","T","M","?","M","?","E","R","B",null,"M","?","$","M","$","R","M","M","T","M","$","M","T","M","R","B",null],"character_chosen":"DEFECT","items_purchased":["Thread and Needle","Undo","Ball Lightning","Runic Capacitor","FocusPotion","FocusPotion"],"campfire_rested":2,"item_purchase_floors":[21,21,24,37,37,37],"current_hp_per_floor":[74,74,56,56,56,56,56,40,40,15,15,13,35,22,22,9,75,75,75,75,75,75,75,75,73,73,73,73,73,36,18,43,43,84,86,86,86,88,88,88,90,90,90,88,88,90,90,90,90,86],"gold":57,"neow_bonus":"RANDOM_COMMON_RELIC","is_prod":false,"is_daily":false,"chose_seed":false,"campfire_upgraded":6,"win_rate":0,"timestamp":1547421145,"path_taken":["M","$","?","M","?","R","M","E","T","?","R","M","R","E","R","BOSS","M","?","?","$","M","R","$","E","T","M","?","M","?","E","R","BOSS","M","?","$","?","$","R","M","M","T","M","?","M","?","?","R","BOSS"],"build_version":"2019-01-10","purchased_purges":1,"victory":true,"max_hp_per_floor":[75,75,75,75,75,75,75,75,75,75,75,75,75,75,75,75,75,75,75,75,75,75,75,75,75,75,75,75,75,75,84,84,84,84,86,86,86,88,88,88,90,90,90,90,90,92,92,92,92,92],"card_choices":[{"not_picked":["Streamline","Double Energy","Loop"],"picked":"SKIP","floor":1.0},{"not_picked":["Barrage","Stack"],"picked":"Go for the Eyes","floor":4.0},{"not_picked":["Compile Driver","Steam"],"picked":"Melter","floor":7.0},{"not_picked":["Darkness","Static Discharge"],"picked":"Capacitor","floor":8.0},{"not_picked":["Stack","Gash","Leap"],"picked":"SKIP","floor":12.0},{"not_picked":["Storm","Redo"],"picked":"Glacier","floor":14.0},{"not_picked":["Meteor Strike","Core Surge"],"picked":"Seek","floor":16.0},{"not_picked":["Cold Snap","Coolheaded"],"picked":"Doom and Gloom+1","floor":18.0},{"not_picked":["Steam+1","Self Repair"],"picked":"Cold Snap+1","floor":22.0},{"not_picked":["Darkness+1","Tempest","Redo"],"picked":"SKIP","floor":25.0},{"not_picked":["Steam","Steam Power","FTL"],"picked":"SKIP","floor":27.0},{"not_picked":["Steam","Cold Snap+1","Sweeping Beam+1"],"picked":"SKIP","floor":29.0},{"not_picked":["Beam Cell+1","Conserve Battery"],"picked":"Echo Form","floor":30.0},{"not_picked":["Static Discharge","Hologram","Leap+1"],"picked":"Singing Bowl","floor":31.0},{"not_picked":["Reboot","Biased Cognition"],"picked":"Electrodynamics","floor":33.0},{"not_picked":["Lockon+1","Sweeping Beam+1","Storm+1"],"picked":"Singing Bowl","floor":35.0},{"not_picked":["Lockon+1","Gash+1","FTL+1"],"picked":"Singing Bowl","floor":38.0},{"not_picked":["Redo","Compile Driver+1","Loop+1"],"picked":"Singing Bowl","floor":41.0},{"not_picked":["Streamline+1","Reinforced Body"],"picked":"Hologram+1","floor":42.0},{"not_picked":["Gash","Rebound+1"],"picked":"Barrage+1","floor":44.0},{"not_picked":["Chaos","Ball Lightning+1","Darkness"],"picked":"Singing Bowl","floor":46},{"not_picked":["White Noise","Go for the Eyes"],"picked":"Conserve Battery+1","floor":48}],"player_experience":965668,"relics_obtained":[{"floor":8.0,"key":"Mercury Hourglass"},{"floor":9.0,"key":"Happy Flower"},{"floor":14.0,"key":"Tiny Chest"},{"floor":25.0,"key":"Bottled Tornado"},{"floor":26.0,"key":"Gremlin Horn"},{"floor":30.0,"key":"Calipers"},{"floor":30.0,"key":"Singing Bowl"},{"floor":31.0,"key":"Strawberry"},{"floor":43.0,"key":"Symbiotic Virus"},{"floor":47,"key":"Meat on the Bone"}],"event_choices":[{"damage_healed":0.0,"max_hp_gain":0.0,"max_hp_loss":0.0,"gold_gain":0.0,"event_name":"Golden Idol","player_choice":"Take Damage","floor":3.0,"gold_loss":0.0,"damage_taken":18.0,"relics_obtained":["Golden Idol"]},{"damage_healed":0.0,"max_hp_gain":0.0,"max_hp_loss":0.0,"gold_gain":0.0,"event_name":"Liars Game","player_choice":"Ignored","floor":5.0,"gold_loss":0.0,"damage_taken":0.0},{"damage_healed":0.0,"max_hp_gain":0.0,"max_hp_loss":0.0,"gold_gain":0.0,"event_name":"Scrap Ooze","player_choice":"Success","floor":10.0,"gold_loss":0.0,"damage_taken":25.0,"relics_obtained":["Lantern"]},{"damage_healed":0.0,"max_hp_gain":0.0,"max_hp_loss":0.0,"gold_gain":0.0,"event_name":"The Mausoleum","player_choice":"Opened","floor":19.0,"gold_loss":0.0,"damage_taken":0.0,"relics_obtained":["War Paint"]},{"damage_healed":0.0,"max_hp_gain":0.0,"max_hp_loss":0.0,"gold_gain":0.0,"event_name":"Back to Basics","player_choice":"Simplicity","floor":20.0,"gold_loss":0.0,"damage_taken":0.0,"cards_upgraded":["Strike_B","Strike_B","Defend_B","Defend_B"]},{"damage_healed":0.0,"max_hp_gain":0.0,"max_hp_loss":0.0,"gold_gain":0.0,"event_name":"Beggar","player_choice":"Ignored","floor":28.0,"gold_loss":0.0,"damage_taken":0.0},{"damage_healed":0.0,"max_hp_gain":0.0,"max_hp_loss":0.0,"gold_gain":0.0,"event_name":"Colosseum","player_choice":"Fight","floor":30.0,"gold_loss":0.0,"damage_taken":0.0},{"damage_healed":0.0,"max_hp_gain":0.0,"max_hp_loss":0.0,"gold_gain":0.0,"event_name":"Colosseum","player_choice":"Fought Nobs","floor":30.0,"gold_loss":0.0,"damage_taken":0.0},{"damage_healed":0.0,"max_hp_gain":0.0,"max_hp_loss":0.0,"gold_gain":0.0,"event_name":"Lab","player_choice":"Got Potions","floor":36.0,"gold_loss":0.0,"damage_taken":0.0}],"is_beta":false,"boss_relics":[{"not_picked":["Black Star","Empty Cage"],"picked":"Astrolabe"},{"not_picked":["Coffee Dripper","Velvet Choker"],"picked":"Nuclear Battery"}],"items_purged_floors":[45],"is_endless":false,"potions_floor_spawned":[4,7,14,29,30,30,31,33,38,46],"ascension_level":0}