{"gold_per_floor":[114,126,139,156,156,175,175,202,202,202,237,237,237,237,237,237],"floor_reached":16,"playtime":558,"items_purged":[],"score":281,"play_id":"77c3d89f-6d15-4f8e-82dc-2d397d2550bb","local_time":"20190114145725","is_ascension_mode":true,"campfire_choices":[{"data":"Bash","floor":7.0,"key":"SMITH"},{"data":"Perfected Strike","floor":12,"key":"SMITH"},{"data":"Twin Strike","floor":15,"key":"SMITH"}],"neow_cost":"NONE","seed_source_timestamp":0,"circlet_count":0,"master_deck":["AscendersBane","Strike_R","Strike_R","Strike_R","Strike_R","Defend_R","Defend_R","Defend_R","Defend_R","Bash+1","Shrug It Off","Ghostly Armor","Perfected Strike+1","Twin Strike+1","Impervious","Metallicize+1"],"special_seed":0,"relics":["Burning Blood","Kunai","Toxic Egg 2","Pear"],"potions_floor_usage":[],"damage_taken":[{"damage":10.0,"enemies":"2 Louse","floor":1.0,"turns":3.0},{"damage":4.0,"enemies":"Jaw Worm","floor":2.0,"turns":6.0},{"damage":0.0,"enemies":"Small Slimes","floor":3.0,"turns":4.0},{"damage":2.0,"enemies":"3 Louse","floor":4.0,"turns":4.0},{"damage":0.0,"enemies":"Exordium Wildlife","floor":6.0,"turns":3.0},{"damage":11.0,"enemies":"Gremlin Nob","floor":8.0,"turns":4.0},{"damage":35,"enemies":"Lagavulin","floor":11,"turns":7},{"damage":59,"enemies":"Hexaghost","floor":16,"turns":14}],"seed_played":"6497601788739291365","potions_obtained":[{"floor":2.0,"key":"Explosive Potion"},{"floor":6.0,"key":"FearPotion"}],"is_trial":false,"path_per_floor":["M","M","M","M","?","M","R","E","T","?","E","R","?","?","R","B"],"character_chosen":"IRONCLAD","items_purchased":[],"campfire_rested":0,"item_purchase_floors":[],"current_hp_per_floor":[76,78,84,88,81,87,87,82,82,75,56,56,56,56,56,0],"gold":237,"neow_bonus":"TEN_PERCENT_HP_BONUS","is_prod":false,"is_daily":false,"chose_seed":false,"campfire_upgraded":3,"win_rate":0,"timestamp":1547506645,"path_taken":["M","M","M","M","?","M","R","E","T","?","E","R","?","?","R","BOSS"],"build_version":"2019-01-10","purchased_purges":0,"victory":false,"max_hp_per_floor":[88,88,88,88,88,88,88,88,88,88,98,98,98,98,98,98],"card_choices":[{"not_picked":["Hemokinesis","Cleave"],"picked":"Shrug It Off","floor":1.0},{"not_picked":["True Grit","Thunderclap"],"picked":"Ghostly Armor","floor":2.0},{"not_picked":["Pummel","Seeing Red"],"picked":"Perfected Strike","floor":3.0},{"not_picked":["Iron Wave","Clothesline"],"picked":"Twin Strike","floor":4.0},{"not_picked":["Power Through","Searing Blow","Thunderclap"],"picked":"SKIP","floor":6.0},{"not_picked":["Iron Wave","Warcry"],"picked":"Impervious","floor":8},{"not_picked":["Wild Strike","Cleave"],"picked":"Metallicize","floor":11}],"player_experience":407827,"relics_obtained":[{"floor":9,"key":"Kunai"},{"floor":11,"key":"Pear"}],"event_choices":[{"cards_removed":["Strike_R"],"damage_healed":0.0,"max_hp_gain":0.0,"max_hp_loss":0.0,"gold_gain":0.0,"event_name":"Golden Wing","player_choice":"Card Removal","floor":5.0,"gold_loss":0.0,"damage_taken":7.0},{"damage_healed":0,"gold_gain":0,"player_choice":"Success","damage_taken":7,"relics_obtained":["Toxic Egg 2"],"max_hp_gain":0,"max_hp_loss":0,"event_name":"Scrap Ooze","floor":10,"gold_loss":0},{"damage_healed":0,"gold_gain":0,"player_choice":"Grow","damage_taken":0,"max_hp_gain":0,"max_hp_loss":0,"event_name":"Living Wall","floor":13,"gold_loss":0,"cards_upgraded":["Metallicize"]},{"damage_healed":0,"gold_gain":0,"player_choice":"Ignored","damage_taken":0,"max_hp_gain":0,"max_hp_loss":0,"event_name":"Liars Game","floor":14,"gold_loss":0}],"is_beta":false,"boss_relics":[],"items_purged_floors":[],"is_endless":false,"potions_floor_spawned":[2,6],"killed_by":"Hexaghost","ascension_level":12}