{"gold_per_floor":[118,134,134,134,134,134,175,175,175,175,193,218,188,208,208,306,306,320,157,0,16,16,16,16],"floor_reached":24,"playtime":1940,"items_purged":["Strike_B"],"score":349,"play_id":"4d0803d9-d26d-44a8-a1f9-64613876bea5","local_time":"20190111224352","is_ascension_mode":true,"campfire_choices":[{"data":"Zap","floor":6,"key":"SMITH"},{"data":"Creative AI","floor":8,"key":"SMITH"},{"data":"Hologram","floor":10,"key":"SMITH"},{"floor":15,"key":"REST"},{"floor":23,"key":"REST"}],"neow_cost":"NONE","seed_source_timestamp":170131296730400,"circlet_count":0,"master_deck":["AscendersBane","Strike_B+1","Strike_B","Strike_B","Defend_B","Defend_B","Defend_B","Defend_B","Zap+1","Dualcast","Core Surge+1","Cold Snap","Hologram+1","Creative AI+1","Capacitor","Leap","Steam","Loop+1","Gash+1"],"relics":["Cracked Core","Golden Idol","Bronze Scales","Whetstone","Mummified Hand","Sozu"],"potions_floor_usage":[7,11,16,16],"damage_taken":[{"damage":4,"enemies":"Jaw Worm","floor":1,"turns":3},{"damage":0,"enemies":"Small Slimes","floor":2,"turns":3},{"damage":21,"enemies":"Lagavulin","floor":7,"turns":4},{"damage":3,"enemies":"2 Louse","floor":11,"turns":2},{"damage":12,"enemies":"Lots of Slimes","floor":12,"turns":4},{"damage":1,"enemies":"2 Fungi Beasts","floor":14,"turns":2},{"damage":23,"enemies":"The Guardian","floor":16,"turns":7},{"damage":20,"enemies":"Shell Parasite","floor":18,"turns":6},{"damage":8,"enemies":"3 Byrds","floor":21,"turns":3},{"damage":54,"enemies":"Slavers","floor":24,"turns":4}],"seed_played":"-3734657785660582036","potions_obtained":[{"floor":1,"key":"Swift Potion"},{"floor":2,"key":"Explosive Potion"},{"floor":5,"key":"Block Potion"},{"floor":13,"key":"SkillPotion"},{"floor":13,"key":"EssenceOfSteel"}],"is_trial":false,"path_per_floor":["M","M","?","?","?","R","E","R","T","R","M","M","?","M","R","B",null,"M","$","?","M","?","R","E"],"character_chosen":"DEFECT","items_purchased":["Loop"],"campfire_rested":2,"item_purchase_floors":[19],"current_hp_per_floor":[60,60,60,49,49,49,28,28,28,28,25,13,13,12,31,8,50,30,30,30,22,22,41,0],"gold":16,"neow_bonus":"ONE_RANDOM_RARE_CARD","is_prod":false,"is_daily":false,"chose_seed":false,"campfire_upgraded":3,"win_rate":0,"timestamp":1547275432,"path_taken":["M","M","?","?","?","R","E","R","T","R","M","?","?","?","R","BOSS","M","$","?","M","?","R","E"],"build_version":"2019-01-10","purchased_purges":1,"victory":false,"max_hp_per_floor":[71,71,64,64,64,64,64,64,64,64,64,64,64,64,64,64,64,64,64,64,64,64,64,64],"card_choices":[{"not_picked":["Doom and Gloom","Streamline"],"picked":"Cold Snap","floor":1},{"not_picked":["Redo","Turbo"],"picked":"Hologram","floor":2},{"not_picked":["FTL","Conserve Battery"],"picked":"Creative AI","floor":7},{"not_picked":["Scrape","Turbo"],"picked":"Capacitor","floor":11},{"not_picked":["Redo","Stack","Compile Driver"],"picked":"SKIP","floor":12},{"not_picked":["Hologram","Cold Snap"],"picked":"Leap","floor":14},{"not_picked":["Cold Snap","Gash"],"picked":"Steam","floor":18},{"not_picked":["Hologram","Barrage"],"picked":"Gash+1","floor":21}],"player_experience":1061951,"relics_obtained":[{"floor":7,"key":"Whetstone"},{"floor":9,"key":"Mummified Hand"}],"event_choices":[{"damage_healed":0,"gold_gain":0,"player_choice":"Lose Max HP","damage_taken":0,"relics_obtained":["Golden Idol"],"max_hp_gain":0,"max_hp_loss":7,"event_name":"Golden Idol","floor":3,"gold_loss":0},{"damage_healed":0,"gold_gain":0,"player_choice":"Success","damage_taken":11,"relics_obtained":["Bronze Scales"],"max_hp_gain":0,"max_hp_loss":0,"event_name":"Scrap Ooze","floor":4,"gold_loss":0},{"damage_healed":0,"gold_gain":0,"player_choice":"Got Potions","damage_taken":0,"max_hp_gain":0,"max_hp_loss":0,"event_name":"Lab","floor":5,"gold_loss":0},{"damage_healed":0,"gold_gain":0,"player_choice":"Bought 2 Potions","damage_taken":0,"max_hp_gain":0,"max_hp_loss":0,"event_name":"The Woman in Blue","floor":13,"gold_loss":0},{"damage_healed":0,"gold_gain":0,"player_choice":"Paid Fearfully","damage_taken":0,"max_hp_gain":0,"max_hp_loss":0,"event_name":"Masked Bandits","floor":20,"gold_loss":157},{"damage_healed":0,"gold_gain":0,"player_choice":"Upgraded","damage_taken":0,"max_hp_gain":0,"max_hp_loss":0,"event_name":"Upgrade Shrine","floor":22,"gold_loss":0,"cards_upgraded":["Loop"]}],"is_beta":false,"boss_relics":[{"not_picked":["Busted Crown","Velvet Choker"],"picked":"Sozu"}],"items_purged_floors":[19],"is_endless":false,"potions_floor_spawned":[1,2,14],"killed_by":"Slavers","ascension_level":16}