{"gold_per_floor":[212,226,243,258,51,51,79,97,97,97,47,47,77,47,47,146,146,146,71,71,71,71],"floor_reached":22,"playtime":1210,"items_purged":["Strike_G","Strike_G"],"score":254,"play_id":"e4b40c61-4527-4734-aaae-faf3b6011640","local_time":"20190209212050","is_ascension_mode":true,"campfire_choices":[{"data":"Neutralize","floor":6,"key":"SMITH"},{"data":"After Image","floor":10,"key":"SMITH"},{"data":"Footwork","floor":12,"key":"SMITH"},{"data":"Infinite Blades","floor":15,"key":"SMITH"}],"neow_cost":"NONE","seed_source_timestamp":705383626025913,"circlet_count":0,"master_deck":["Defend_G","Defend_G","Defend_G","Defend_G","Defend_G","Strike_G","Strike_G","Strike_G","Survivor","Neutralize+1","Outmaneuver","Leg Sweep","Flying Knee","Infinite Blades+1","Footwork+1","Deep Breath","Blur","After Image+1","Poisoned Stab","Dodge and Roll","Glass Knife","Deflect+1","Backflip","Shame","Skewer"],"relics":["Ring of the Snake","Smiling Mask","Strawberry","Ectoplasm","Gremlin Horn"],"potions_floor_usage":[7,16,21,21],"damage_taken":[{"damage":0,"enemies":"Cultist","floor":1,"turns":4},{"damage":0,"enemies":"2 Louse","floor":2,"turns":4},{"damage":0,"enemies":"Jaw Worm","floor":3,"turns":6},{"damage":10,"enemies":"2 Fungi Beasts","floor":4,"turns":6},{"damage":13,"enemies":"Gremlin Nob","floor":7,"turns":4},{"damage":0,"enemies":"Blue Slaver","floor":8,"turns":6},{"damage":0,"enemies":"Lagavulin","floor":13,"turns":12},{"damage":0,"enemies":"Looter","floor":14,"turns":4},{"damage":25,"enemies":"The Guardian","floor":16,"turns":18},{"damage":2,"enemies":"Spheric Guardian","floor":18,"turns":8},{"damage":12,"enemies":"2 Thieves","floor":19,"turns":4},{"damage":29,"enemies":"Cultist and Chosen","floor":21,"turns":14},{"damage":47,"enemies":"Masked Bandits","floor":22,"turns":3}],"seed_played":"-120862103434380677","potions_obtained":[{"floor":4,"key":"AttackPotion"},{"floor":7,"key":"GamblersBrew"},{"floor":13,"key":"FearPotion"},{"floor":16,"key":"Poison Potion"},{"floor":18,"key":"GamblersBrew"}],"is_trial":false,"path_per_floor":["M","M","M","M","$","R","E","M","T","R","$","R","E","M","R","B",null,"M","M","?","M","?"],"character_chosen":"THE_SILENT","items_purchased":["Footwork","Deep Breath"],"campfire_rested":0,"item_purchase_floors":[5,5],"current_hp_per_floor":[70,70,70,60,60,60,47,47,47,47,47,47,54,54,54,29,77,75,63,63,34,0],"gold":71,"neow_bonus":"HUNDRED_GOLD","is_prod":false,"is_daily":false,"chose_seed":false,"campfire_upgraded":4,"win_rate":0,"timestamp":1549718450,"path_taken":["M","M","?","M","$","R","E","M","T","R","?","R","E","?","R","BOSS","M","M","?","M","?"],"build_version":"2019-01-23","purchased_purges":2,"victory":false,"max_hp_per_floor":[70,70,70,70,70,70,70,70,70,70,70,70,77,77,77,77,77,77,77,77,77,77],"card_choices":[{"not_picked":["Acrobatics","Quick Slash"],"picked":"Outmaneuver","floor":1},{"not_picked":["Distraction","Sucker Punch"],"picked":"Leg Sweep","floor":2},{"not_picked":["Prepared","Dodge and Roll"],"picked":"Flying Knee","floor":3},{"not_picked":["Flying Knee","Acrobatics"],"picked":"Infinite Blades","floor":4},{"not_picked":["Setup","Finisher"],"picked":"Blur","floor":7},{"not_picked":["Dodge and Roll","Sucker Punch"],"picked":"After Image","floor":8},{"not_picked":["After Image","Dagger Throw"],"picked":"Poisoned Stab","floor":13},{"not_picked":["Slice","Backflip"],"picked":"Dodge and Roll","floor":14},{"not_picked":["Tools of the Trade","Burst"],"picked":"Glass Knife","floor":16},{"not_picked":["Flying Knee","Deadly Poison"],"picked":"Deflect+1","floor":18},{"not_picked":["Dodge and Roll","All Out Attack"],"picked":"Backflip","floor":19},{"not_picked":["Escape Plan","Backflip"],"picked":"Skewer","floor":21}],"player_experience":212615,"relics_obtained":[{"floor":7,"key":"Smiling Mask"},{"floor":13,"key":"Strawberry"}],"event_choices":[{"damage_healed":0,"gold_gain":0,"player_choice":"Stole Relic","damage_taken":0,"relics_obtained":["Gremlin Horn"],"max_hp_gain":0,"max_hp_loss":0,"event_name":"Addict","floor":20,"gold_loss":0,"cards_obtained":["Shame"]},{"damage_healed":0,"gold_gain":0,"player_choice":"Fought Bandits","damage_taken":0,"max_hp_gain":0,"max_hp_loss":0,"event_name":"Masked Bandits","floor":22,"gold_loss":0}],"is_beta":false,"boss_relics":[{"not_picked":["Runic Dome","Black Star"],"picked":"Ectoplasm"}],"items_purged_floors":[5,11],"is_endless":false,"potions_floor_spawned":[4,7,13,16,18],"killed_by":"Masked Bandits","ascension_level":3}