{"gold_per_floor":[111,36,36,54,72,72,347,347,373,235,235,248,276,287,287,386,386,402,419,435,453,472,472,487,487,564,489,489],"floor_reached":28,"playtime":4031,"items_purged":["Strike_G","Strike_G"],"score":322,"play_id":"d7880e34-f144-461a-8f9d-3d67fda32f1e","local_time":"20190201120346","is_ascension_mode":false,"campfire_choices":[{"data":"Survivor","floor":6,"key":"SMITH"},{"data":"Crippling Poison","floor":11,"key":"SMITH"},{"data":"Bouncing Flask","floor":15,"key":"SMITH"},{"data":"Noxious Fumes","floor":23,"key":"SMITH"}],"neow_cost":"NONE","seed_source_timestamp":0,"circlet_count":0,"master_deck":["Defend_G","Defend_G","Defend_G","Defend_G","Defend_G","Strike_G","Survivor+1","Neutralize","Blur","Backflip","Bouncing Flask+1","Crippling Poison+1","Flechettes","Well Laid Plans","All Out Attack","Burst","Deflect","Noxious Fumes+1","Dagger Throw+1","Backflip","Footwork","Choke"],"special_seed":0,"relics":["Ring of the Snake","Juzu Bracelet","Potion Belt","Calipers","Philosopher\u0027s Stone","Bottled Flame"],"potions_floor_usage":[16],"damage_taken":[{"damage":0,"enemies":"2 Louse","floor":1,"turns":4},{"damage":0,"enemies":"Cultist","floor":4,"turns":5},{"damage":0,"enemies":"Small Slimes","floor":5,"turns":5},{"damage":0,"enemies":"Blue Slaver","floor":12,"turns":6},{"damage":13,"enemies":"3 Sentries","floor":13,"turns":13},{"damage":0,"enemies":"2 Fungi Beasts","floor":14,"turns":3},{"damage":7,"enemies":"Hexaghost","floor":16,"turns":8},{"damage":0,"enemies":"Spheric Guardian","floor":18,"turns":3},{"damage":0,"enemies":"Shell Parasite","floor":19,"turns":4},{"damage":10,"enemies":"Chosen and Byrds","floor":20,"turns":5},{"damage":2,"enemies":"Snecko","floor":21,"turns":4},{"damage":26,"enemies":"Shelled Parasite and Fungi","floor":22,"turns":7},{"damage":26,"enemies":"Chosen and Byrds","floor":24,"turns":6},{"damage":7,"enemies":"Centurion and Healer","floor":28,"turns":1}],"seed_played":"3918914557366776050","potions_obtained":[{"floor":1,"key":"Block Potion"},{"floor":4,"key":"Ancient Potion"},{"floor":13,"key":"SpeedPotion"},{"floor":18,"key":"Weak Potion"},{"floor":21,"key":"PowerPotion"}],"is_trial":false,"path_per_floor":["M","$","?","M","M","R","?","?","T","$","R","M","E","M","R","B",null,"M","M","M","M","M","R","M","?","T","?","M"],"character_chosen":"THE_SILENT","items_purchased":["Crippling Poison"],"campfire_rested":0,"item_purchase_floors":[10],"current_hp_per_floor":[70,70,52,52,52,52,52,52,52,52,52,52,39,39,39,32,70,70,70,60,58,32,32,6,6,6,6,0],"gold":489,"neow_bonus":"THREE_CARDS","is_prod":false,"is_daily":false,"chose_seed":false,"campfire_upgraded":4,"win_rate":0,"timestamp":1548993826,"path_taken":["M","$","?","M","M","R","?","?","T","$","R","M","E","M","R","BOSS","M","M","M","M","M","R","M","?","T","?","M"],"build_version":"2019-01-23","purchased_purges":2,"victory":false,"max_hp_per_floor":[70,70,70,70,70,70,70,70,70,70,70,70,70,70,70,70,70,70,70,70,70,70,70,70,70,70,70,70],"card_choices":[{"not_picked":["Distraction","Bane"],"picked":"Blur","floor":1},{"not_picked":["Heel Hook","Concentrate"],"picked":"Backflip","floor":4},{"not_picked":["Setup","Dodge and Roll"],"picked":"Bouncing Flask","floor":5},{"not_picked":["Setup","Accuracy"],"picked":"Flechettes","floor":12},{"not_picked":["Slice","Accuracy"],"picked":"Well Laid Plans","floor":13},{"not_picked":["Slice","PiercingWail"],"picked":"All Out Attack","floor":14},{"not_picked":["Venomology","Doppelganger"],"picked":"Burst","floor":16},{"not_picked":["Distraction","Underhanded Strike"],"picked":"Deflect","floor":18},{"not_picked":["Outmaneuver","Infinite Blades"],"picked":"Noxious Fumes","floor":19},{"not_picked":["Cloak And Dagger","Poisoned Stab"],"picked":"Dagger Throw+1","floor":20},{"not_picked":["Accuracy+1","Dagger Spray"],"picked":"Backflip","floor":21},{"not_picked":["All Out Attack","Night Terror"],"picked":"Footwork","floor":22},{"not_picked":["Sucker Punch","Acrobatics","Cloak And Dagger"],"picked":"SKIP","floor":24}],"player_experience":159001,"relics_obtained":[{"floor":9,"key":"Potion Belt"},{"floor":13,"key":"Calipers"},{"floor":26,"key":"Bottled Flame"}],"event_choices":[{"damage_healed":0,"gold_gain":0,"player_choice":"Success","damage_taken":18,"relics_obtained":["Juzu Bracelet"],"max_hp_gain":0,"max_hp_loss":0,"event_name":"Scrap Ooze","floor":3,"gold_loss":0},{"damage_healed":0,"gold_gain":275,"player_choice":"Desecrate","damage_taken":0,"max_hp_gain":0,"max_hp_loss":0,"event_name":"Golden Shrine","floor":7,"gold_loss":0,"cards_obtained":["Regret"]},{"cards_removed":["Regret"],"damage_healed":0,"gold_gain":0,"player_choice":"Removed Curses","damage_taken":0,"max_hp_gain":0,"max_hp_loss":0,"event_name":"Fountain of Cleansing","floor":8,"gold_loss":0},{"damage_healed":0,"gold_gain":0,"cards_transformed":["Strike_G"],"player_choice":"Transformed","damage_taken":0,"max_hp_gain":0,"max_hp_loss":0,"event_name":"Transmorgrifier","floor":25,"gold_loss":0,"cards_obtained":["Choke"]},{"cards_removed":["Strike_G"],"damage_healed":0,"gold_gain":0,"player_choice":"Gave Gold","damage_taken":0,"max_hp_gain":0,"max_hp_loss":0,"event_name":"Beggar","floor":27,"gold_loss":75}],"is_beta":false,"boss_relics":[{"not_picked":["Orrery","Fusion Hammer"],"picked":"Philosopher\u0027s Stone"}],"items_purged_floors":[2,10],"is_endless":false,"potions_floor_spawned":[1,4,13,18,21],"killed_by":"Centurion and Healer","ascension_level":0}