{"gold_per_floor":[118,118,128,44,44,75,75,134,157,173,191,191,191,201,201,280,280,294,116,116,133,144,144],"floor_reached":23,"playtime":2380,"items_purged":["Strike_G"],"score":382,"play_id":"96fc64f7-2c1a-41a6-83b4-0d9053b44a0b","local_time":"20190209083202","is_ascension_mode":true,"campfire_choices":[{"floor":7,"key":"REST"},{"floor":13,"key":"REST"},{"floor":15,"key":"REST"}],"neow_cost":"NONE","seed_source_timestamp":337881006564100,"circlet_count":0,"master_deck":["AscendersBane","Defend_G","Defend_G","Defend_G","Defend_G","Defend_G","Strike_G","Strike_G","Strike_G","Strike_G","Survivor","Neutralize","Deadly Poison","Footwork","Poisoned Stab","Dagger Spray","Cloak And Dagger","Noxious Fumes","A Thousand Cuts","Riddle With Holes","PiercingWail","Malaise","Crippling Poison","Bandage Up","Infinite Blades+1","Crippling Poison"],"relics":["Ring of the Snake","Blood Vial","Gremlin Horn","Vajra","Girya","Orichalcum","Prayer Wheel","Cursed Key","Pocketwatch"],"potions_floor_usage":[6,6,6,16,23],"damage_taken":[{"damage":6,"enemies":"Small Slimes","floor":1,"turns":4},{"damage":0,"enemies":"2 Louse","floor":3,"turns":2},{"damage":29,"enemies":"Gremlin Nob","floor":6,"turns":4},{"damage":22,"enemies":"3 Sentries","floor":8,"turns":10},{"damage":0,"enemies":"Cultist","floor":10,"turns":3},{"damage":14,"enemies":"Lots of Slimes","floor":11,"turns":3},{"damage":11,"enemies":"Gremlin Gang","floor":14,"turns":4},{"damage":31,"enemies":"Hexaghost","floor":16,"turns":9},{"damage":2,"enemies":"Spheric Guardian","floor":18,"turns":7},{"damage":5,"enemies":"3 Byrds","floor":21,"turns":4},{"damage":17,"enemies":"Sentry and Sphere","floor":22,"turns":8},{"damage":47,"enemies":"Gremlin Leader","floor":23,"turns":6}],"seed_played":"-3716745051528159473","potions_obtained":[{"floor":3,"key":"EntropicBrew"},{"floor":6,"key":"Weak Potion"},{"floor":10,"key":"PowerPotion"},{"floor":22,"key":"Weak Potion"}],"is_trial":false,"path_per_floor":["M","?","M","$","?","E","R","?","T","M","M","T","R","M","R","B",null,"M","$","?","M","M","E"],"character_chosen":"THE_SILENT","items_purchased":["Poisoned Stab","Dagger Spray","Bandage Up"],"campfire_rested":3,"item_purchase_floors":[4,4,19],"current_hp_per_floor":[55,37,39,39,39,12,31,11,11,13,1,1,20,11,30,1,50,50,50,50,51,40,0],"gold":144,"neow_bonus":"RANDOM_COMMON_RELIC","is_prod":false,"is_daily":false,"chose_seed":false,"campfire_upgraded":0,"win_rate":0,"timestamp":1549697522,"path_taken":["M","?","M","$","?","E","R","?","T","M","M","?","R","M","R","BOSS","M","$","?","?","?","E"],"build_version":"2019-01-23","purchased_purges":1,"victory":false,"max_hp_per_floor":[66,66,66,66,66,66,66,66,66,66,66,66,66,66,66,66,66,66,66,66,66,66,66],"card_choices":[{"not_picked":["Underhanded Strike","Heel Hook"],"picked":"Deadly Poison","floor":1},{"not_picked":["Underhanded Strike","Poisoned Stab"],"picked":"Footwork","floor":3},{"not_picked":["Deadly Poison","All Out Attack"],"picked":"Cloak And Dagger","floor":6},{"not_picked":["Skewer","Prepared"],"picked":"Noxious Fumes","floor":8},{"not_picked":["Poisoned Stab","Underhanded Strike"],"picked":"A Thousand Cuts","floor":10},{"not_picked":["Sucker Punch","Acrobatics"],"picked":"Riddle With Holes","floor":11},{"not_picked":["Poisoned Stab","Outmaneuver"],"picked":"PiercingWail","floor":14},{"not_picked":["Reflex","Setup","Catalyst"],"picked":"SKIP","floor":14},{"not_picked":["Doppelganger","Tools of the Trade"],"picked":"Malaise","floor":16},{"not_picked":["Outmaneuver","Poisoned Stab"],"picked":"Crippling Poison","floor":18},{"not_picked":["Slice","Flying Knee","Deflect"],"picked":"SKIP","floor":18},{"not_picked":["Deflect","Dagger Throw","Acrobatics"],"picked":"SKIP","floor":21},{"not_picked":["Poisoned Stab","Blade Dance","Quick Slash"],"picked":"SKIP","floor":21},{"not_picked":["Accuracy","Blur"],"picked":"Infinite Blades+1","floor":22},{"not_picked":["Eviscerate","Acrobatics"],"picked":"Crippling Poison","floor":22}],"player_experience":489552,"relics_obtained":[{"floor":6,"key":"Vajra"},{"floor":8,"key":"Girya"},{"floor":9,"key":"Orichalcum"},{"floor":12,"key":"Prayer Wheel"}],"event_choices":[{"damage_healed":0,"gold_gain":0,"player_choice":"Success","damage_taken":18,"relics_obtained":["Gremlin Horn"],"max_hp_gain":0,"max_hp_loss":0,"event_name":"Scrap Ooze","floor":2,"gold_loss":0},{"damage_healed":0,"gold_gain":0,"player_choice":"Ignored","damage_taken":0,"max_hp_gain":0,"max_hp_loss":0,"event_name":"Liars Game","floor":5,"gold_loss":0},{"damage_healed":0,"gold_gain":0,"player_choice":"Searched \u00271\u0027 times","damage_taken":0,"max_hp_gain":0,"max_hp_loss":0,"event_name":"Dead Adventurer","floor":8,"gold_loss":0},{"damage_healed":0,"gold_gain":0,"player_choice":"Gave Potion","damage_taken":0,"relics_obtained":["Pocketwatch"],"max_hp_gain":0,"max_hp_loss":0,"event_name":"WeMeetAgain","floor":20,"gold_loss":0}],"is_beta":false,"boss_relics":[{"not_picked":["Fusion Hammer","Calling Bell"],"picked":"Cursed Key"}],"items_purged_floors":[19],"is_endless":false,"potions_floor_spawned":[3,6,10,14,22],"killed_by":"Gremlin Leader","ascension_level":20}