{"gold_per_floor":[113,113,124,136,151,151,207,221,221,221,246,260,260,275,275,376,376,391,401,401,414,433,433,433],"floor_reached":24,"playtime":1642,"items_purged":[],"score":307,"play_id":"17b9b327-2cca-47ab-b253-66f608e3f3b5","local_time":"20181026234012","is_ascension_mode":true,"campfire_choices":[{"data":"All Out Attack","floor":6.0,"key":"SMITH"},{"data":"Riddle With Holes","floor":10.0,"key":"SMITH"},{"floor":13.0,"key":"REST"},{"data":"Dagger Throw","floor":15.0,"key":"SMITH"},{"floor":23,"key":"REST"}],"neow_cost":"NONE","seed_source_timestamp":92824531075913,"circlet_count":0,"master_deck":["Defend_G","Defend_G","Defend_G","Defend_G","Defend_G","Strike_G","Strike_G","Strike_G","Strike_G","Strike_G","Survivor","Neutralize","All Out Attack+1","Underhanded Strike","Dagger Throw+1","Riddle With Holes+1","Crippling Poison","Acrobatics","Outmaneuver","Backstab","Dagger Spray","Unload","Dagger Throw+1","Choke","Sucker Punch","Dash+1"],"special_seed":0,"relics":["Velvet Choker","Tiny Chest","Dream Catcher","Strawberry","Philosopher\u0027s Stone","Nilry\u0027s Codex"],"potions_floor_usage":[16,21,21,22,22,24],"damage_taken":[{"damage":3.0,"enemies":"Jaw Worm","floor":1.0,"turns":5.0},{"damage":1.0,"enemies":"Small Slimes","floor":3.0,"turns":4.0},{"damage":0.0,"enemies":"Cultist","floor":4.0,"turns":4.0},{"damage":19.0,"enemies":"Gremlin Gang","floor":5.0,"turns":5.0},{"damage":10.0,"enemies":"Gremlin Nob","floor":7.0,"turns":3.0},{"damage":0.0,"enemies":"2 Fungi Beasts","floor":8.0,"turns":2.0},{"damage":23.0,"enemies":"3 Sentries","floor":11.0,"turns":5.0},{"damage":0.0,"enemies":"Blue Slaver","floor":12.0,"turns":3.0},{"damage":0.0,"enemies":"Looter","floor":14.0,"turns":2.0},{"damage":25,"enemies":"Slime Boss","floor":16,"turns":10},{"damage":7,"enemies":"Chosen","floor":18,"turns":3},{"damage":27,"enemies":"Shell Parasite","floor":19,"turns":4},{"damage":0,"enemies":"Centurion and Healer","floor":21,"turns":4},{"damage":7,"enemies":"Chosen and Byrds","floor":22,"turns":6},{"damage":3,"enemies":"Snake Plant","floor":24,"turns":2}],"seed_played":"-7086488151473971157","potions_obtained":[{"floor":3.0,"key":"Dexterity Potion"},{"floor":5.0,"key":"Poison Potion"},{"floor":11.0,"key":"Swift Potion"},{"floor":12.0,"key":"Explosive Potion"},{"floor":16,"key":"Explosive Potion"},{"floor":19,"key":"GhostInAJar"},{"floor":21,"key":"GhostInAJar"},{"floor":22,"key":"GhostInAJar"}],"is_trial":false,"path_per_floor":["M","?","M","M","M","R","E","M","T","R","E","M","R","M","R","B",null,"M","M","?","M","M","R"],"character_chosen":"THE_SILENT","items_purchased":[],"campfire_rested":2,"item_purchase_floors":[],"current_hp_per_floor":[60,60,59,59,40,40,30,30,30,30,14,14,37,37,37,12,61,54,27,11,11,4,27,24],"gold":433,"neow_bonus":"BOSS_RELIC","is_prod":false,"is_daily":false,"chose_seed":false,"campfire_upgraded":3,"win_rate":0,"timestamp":1540622412,"path_taken":["M","?","M","M","M","R","E","M","T","R","E","M","R","M","R","BOSS","M","M","?","M","?","R","M"],"build_version":"2018-10-25v2","purchased_purges":0,"victory":false,"max_hp_per_floor":[70,70,70,70,70,70,70,70,70,70,77,77,77,77,77,77,77,77,77,77,77,77,77,77],"card_choices":[{"not_picked":["Slice","Prepared","Deflect"],"picked":"SKIP","floor":1.0},{"not_picked":["Acrobatics","Skewer"],"picked":"All Out Attack","floor":3.0},{"not_picked":["Slice","Caltrops"],"picked":"Underhanded Strike","floor":4.0},{"not_picked":["Noxious Fumes","Flying Knee"],"picked":"Dagger Throw","floor":5.0},{"not_picked":["Crippling Poison","Deflect"],"picked":"Riddle With Holes","floor":7.0},{"not_picked":["Slice","Dodge and Roll"],"picked":"Crippling Poison","floor":8.0},{"not_picked":["Outmaneuver","Distraction"],"picked":"Acrobatics","floor":11.0},{"not_picked":["After Image","Bane"],"picked":"Outmaneuver","floor":12.0},{"not_picked":["Predator","Eviscerate"],"picked":"Backstab","floor":13.0},{"not_picked":["Poisoned Stab","Acrobatics"],"picked":"Dagger Spray","floor":14.0},{"not_picked":["Bullet Time","Glass Knife"],"picked":"Unload","floor":16},{"not_picked":["Bane","Blade Dance+1"],"picked":"Dagger Throw+1","floor":18},{"not_picked":["Prepared+1","Flying Knee+1"],"picked":"Choke","floor":19},{"not_picked":["Eviscerate","Dagger Throw","Bane"],"picked":"SKIP","floor":21},{"not_picked":["Acrobatics","Quick Slash"],"picked":"Sucker Punch","floor":22},{"not_picked":["Bane","Tactician"],"picked":"Dash+1","floor":23}],"player_experience":64353,"relics_obtained":[{"floor":7.0,"key":"Tiny Chest"},{"floor":9.0,"key":"Dream Catcher"},{"floor":11.0,"key":"Strawberry"},{"floor":20,"key":"Nilry\u0027s Codex"}],"event_choices":[{"damage_healed":0.0,"max_hp_gain":0.0,"max_hp_loss":0.0,"gold_gain":0.0,"event_name":"Liars Game","player_choice":"Ignored","floor":2.0,"gold_loss":0.0,"damage_taken":0.0},{"damage_healed":0,"gold_gain":0,"player_choice":"Obtained Book","damage_taken":16,"max_hp_gain":0,"max_hp_loss":0,"event_name":"Cursed Tome","floor":20,"gold_loss":0}],"is_beta":false,"boss_relics":[{"not_picked":["Empty Cage","Orrery"],"picked":"Philosopher\u0027s Stone"}],"items_purged_floors":[],"is_endless":false,"potions_floor_spawned":[3,5,11,12,16,19,21,22],"killed_by":"Snake Plant","ascension_level":9}