{"gold_per_floor":[359,359,379,389,56,56,88,88,88,88,100,129,129,143,143,215,215,229,229,12,12,29,29,41,54,126,26,26,42,54,69,69,69],"floor_reached":33,"playtime":1484,"items_purged":["Strike_R"],"score":505,"play_id":"6bfb73d1-facb-4f26-9e01-86beb594dcbd","local_time":"20190210165343","is_ascension_mode":true,"campfire_choices":[{"data":"Uppercut","floor":6,"key":"SMITH"},{"data":"Bash","floor":8,"key":"SMITH"},{"floor":13,"key":"REST"},{"floor":15,"key":"REST"},{"floor":23,"key":"REST"},{"floor":28,"key":"REST"},{"floor":32,"key":"REST"}],"neow_cost":"TEN_PERCENT_HP_LOSS","seed_source_timestamp":245723207202851,"circlet_count":0,"master_deck":["AscendersBane","Strike_R","Strike_R","Strike_R","Strike_R","Defend_R","Defend_R","Defend_R","Defend_R","Bash+1","Uppercut+1","Clothesline","Shrug It Off","Cleave","Hemokinesis","Reaper","Armaments+1","RitualDagger+1","Corruption+1","True Grit","Fiend Fire","Feel No Pain","Sentinel","Shrug It Off"],"relics":["Burning Blood","Paper Frog","Orichalcum","Darkstone Periapt","Gambling Chip","Sozu","Membership Card","Bottled Tornado"],"potions_floor_usage":[11,18,24],"damage_taken":[{"damage":1,"enemies":"Cultist","floor":1,"turns":3},{"damage":4,"enemies":"Small Slimes","floor":3,"turns":4},{"damage":6,"enemies":"Jaw Worm","floor":4,"turns":4},{"damage":24,"enemies":"Gremlin Nob","floor":7,"turns":4},{"damage":16,"enemies":"Exordium Thugs","floor":11,"turns":3},{"damage":32,"enemies":"3 Sentries","floor":12,"turns":9},{"damage":8,"enemies":"3 Louse","floor":14,"turns":3},{"damage":34,"enemies":"Hexaghost","floor":16,"turns":9},{"damage":9,"enemies":"Chosen","floor":18,"turns":4},{"damage":29,"enemies":"2 Thieves","floor":22,"turns":4},{"damage":46,"enemies":"3 Cultists","floor":24,"turns":7},{"damage":22,"enemies":"Cultist and Chosen","floor":25,"turns":7},{"damage":7,"enemies":"Snecko","floor":29,"turns":5},{"damage":16,"enemies":"Centurion and Healer","floor":30,"turns":6},{"damage":38,"enemies":"Cultist and Chosen","floor":31,"turns":6},{"damage":60,"enemies":"Champ","floor":33,"turns":14}],"seed_played":"-965844310407397786","potions_obtained":[{"floor":7,"key":"Explosive Potion"},{"floor":12,"key":"SkillPotion"},{"floor":16,"key":"Poison Potion"}],"is_trial":false,"path_per_floor":["M","$","M","M","$","R","E","R","T","?","M","E","R","M","R","B",null,"M","?","$","?","M","R","M","M","T","$","R","M","M","M","R","B"],"character_chosen":"IRONCLAD","items_purchased":["Paper Frog","Cleave","Membership Card","Feel No Pain","Sentinel"],"campfire_rested":5,"item_purchase_floors":[5,5,20,27,27],"current_hp_per_floor":[68,68,68,68,68,68,50,50,50,55,45,19,40,38,59,31,63,67,61,61,61,38,59,32,24,24,24,45,49,50,31,52,0],"gold":69,"neow_bonus":"TWO_FIFTY_GOLD","is_prod":false,"is_daily":false,"chose_seed":false,"campfire_upgraded":2,"win_rate":0,"timestamp":1549835623,"path_taken":["M","$","M","M","$","R","E","R","T","?","M","E","R","M","R","BOSS","M","?","$","?","M","R","M","?","T","$","R","M","M","M","R","BOSS"],"build_version":"2019-01-23","purchased_purges":1,"victory":false,"max_hp_per_floor":[68,68,68,68,68,68,68,68,68,73,73,73,73,73,73,73,73,73,73,73,73,73,73,73,73,73,73,73,73,73,73,73,73],"card_choices":[{"not_picked":["Headbutt","Body Slam"],"picked":"Uppercut","floor":1},{"not_picked":["Heavy Blade","Flex"],"picked":"Clothesline","floor":3},{"not_picked":["Anger","Fire Breathing"],"picked":"Shrug It Off","floor":4},{"not_picked":["Bloodletting","Entrench","Sword Boomerang"],"picked":"SKIP","floor":7},{"not_picked":["Seeing Red","Rage","Cleave"],"picked":"SKIP","floor":11},{"not_picked":["Fire Breathing","Dual Wield","Power Through"],"picked":"SKIP","floor":12},{"not_picked":["Cleave","True Grit"],"picked":"Hemokinesis","floor":14},{"not_picked":["Limit Break","Dark Embrace"],"picked":"Reaper","floor":16},{"not_picked":["Iron Wave","Heavy Blade+1"],"picked":"Armaments+1","floor":18},{"not_picked":["Clash","Wild Strike"],"picked":"Corruption+1","floor":22},{"not_picked":["Perfected Strike","Thunderclap"],"picked":"True Grit","floor":24},{"not_picked":["Thunderclap","Wild Strike"],"picked":"Fiend Fire","floor":25},{"not_picked":["Twin Strike","Blood for Blood","Intimidate"],"picked":"SKIP","floor":29},{"not_picked":["Clothesline","Sword Boomerang"],"picked":"Shrug It Off","floor":30},{"not_picked":["Wild Strike","Headbutt+1","Armaments"],"picked":"SKIP","floor":31}],"player_experience":441785,"relics_obtained":[{"floor":7,"key":"Orichalcum"},{"floor":9,"key":"Darkstone Periapt"},{"floor":12,"key":"Gambling Chip"},{"floor":26,"key":"Bottled Tornado"}],"event_choices":[{"damage_healed":0,"gold_gain":0,"player_choice":"Donut","damage_taken":0,"max_hp_gain":5,"max_hp_loss":0,"event_name":"Big Fish","floor":10,"gold_loss":0},{"damage_healed":0,"gold_gain":0,"player_choice":"Joined the Cult","damage_taken":6,"max_hp_gain":0,"max_hp_loss":0,"event_name":"Nest","floor":19,"gold_loss":0,"cards_obtained":["RitualDagger"]},{"damage_healed":0,"gold_gain":0,"player_choice":"Forge","damage_taken":0,"max_hp_gain":0,"max_hp_loss":0,"event_name":"Accursed Blacksmith","floor":21,"gold_loss":0,"cards_upgraded":["RitualDagger"]}],"is_beta":false,"boss_relics":[{"not_picked":["Eternal Feather","Empty Cage"],"picked":"Sozu"}],"items_purged_floors":[27],"is_endless":false,"potions_floor_spawned":[7,12,16,24,30,31],"killed_by":"Champ","ascension_level":19}