{"gold_per_floor":[112,131,149,164,179,208,208,208,264,278,297,323,323,352,352,352],"floor_reached":16,"playtime":1081,"items_purged":[],"score":124,"play_id":"57dcd181-5475-44f9-af6a-70520b65f560","local_time":"20180630105334","is_ascension_mode":false,"campfire_choices":[{"floor":8,"key":"REST"},{"floor":13,"key":"REST"},{"floor":15,"key":"REST"}],"neow_cost":"NONE","seed_source_timestamp":5799842658522,"circlet_count":0,"master_deck":["Strike_B","Strike_B","Strike_B","Strike_B","Defend_B","Defend_B","Defend_B","Zap","Dualcast","Static Discharge","Conserve Battery","Beam Cell","Genetic Algorithm+1","Hologram","Hello World","Tempest","Parasite","Defragment","Melter","Electrodynamics","Redo+1","Loop","Sweeping Beam"],"relics":["Cracked Core","Prayer Wheel","Tiny Chest","War Paint","Lantern"],"potions_floor_usage":[6,14,14,14],"damage_taken":[{"damage":10,"enemies":"Small Slimes","floor":1,"turns":3},{"damage":2,"enemies":"2 Louse","floor":2,"turns":3},{"damage":0,"enemies":"Cultist","floor":3,"turns":3},{"damage":12,"enemies":"3 Louse","floor":4,"turns":2},{"damage":18,"enemies":"2 Fungi Beasts","floor":5,"turns":4},{"damage":32,"enemies":"Gremlin Nob","floor":6,"turns":4},{"damage":20,"enemies":"Large Slime","floor":10,"turns":5},{"damage":1,"enemies":"Exordium Wildlife","floor":11,"turns":3},{"damage":12,"enemies":"3 Sentries","floor":12,"turns":3},{"damage":24,"enemies":"Lagavulin","floor":14,"turns":5},{"damage":30,"enemies":"Hexaghost","floor":16,"turns":7}],"seed_played":"-8487958427570659876","potions_obtained":[{"floor":1,"key":"Ancient Potion"},{"floor":3,"key":"PowerPotion"},{"floor":5,"key":"FearPotion"},{"floor":11,"key":"Strength Potion"}],"is_trial":false,"path_per_floor":["M","M","M","M","M","E","?","R","T","M","M","E","R","E","R"],"character_chosen":"DEFECT","items_purchased":[],"campfire_rested":3,"item_purchase_floors":[],"current_hp_per_floor":[65,63,63,51,33,1,19,41,41,21,20,8,30,6,28,0],"gold":352,"neow_bonus":"TRANSFORM_CARD","is_prod":false,"is_daily":false,"chose_seed":false,"campfire_upgraded":0,"win_rate":0,"timestamp":1530370414,"path_taken":["M","M","M","M","M","E","?","R","T","M","M","E","R","E","R","BOSS"],"build_version":"2018-06-28","purchased_purges":0,"victory":false,"max_hp_per_floor":[75,75,75,75,75,75,75,75,75,75,75,75,75,75,75,75],"card_choices":[{"not_picked":["Coolheaded","Go for the Eyes"],"picked":"Conserve Battery","floor":1},{"not_picked":["Cold Snap","Barrage"],"picked":"Beam Cell","floor":2},{"not_picked":["Rip and Tear","Barrage"],"picked":"Genetic Algorithm","floor":3},{"not_picked":["Tempest","Stack"],"picked":"Hologram","floor":4},{"not_picked":["Conserve Battery","Skim"],"picked":"Hello World","floor":5},{"not_picked":["Recycle","Stack"],"picked":"Tempest","floor":6},{"not_picked":["Redo","Force Field"],"picked":"Defragment","floor":10},{"not_picked":["Coolheaded","Streamline"],"picked":"Melter","floor":10},{"not_picked":["Leap","Cold Snap"],"picked":"Electrodynamics","floor":11},{"not_picked":["Amplify","Genetic Algorithm"],"picked":"Redo","floor":11},{"not_picked":["Blizzard","Redo"],"picked":"Loop","floor":12},{"not_picked":["Coolheaded","White Noise"],"picked":"Sweeping Beam","floor":14}],"player_experience":142347,"relics_obtained":[{"floor":6,"key":"Prayer Wheel"},{"floor":9,"key":"Tiny Chest"},{"floor":12,"key":"War Paint"},{"floor":14,"key":"Lantern"}],"event_choices":[{"event_name":"Mushrooms","player_choice":"Healed and dodged fight","floor":7,"damage_taken":0}],"boss_relics":[],"items_purged_floors":[],"is_endless":false,"potions_floor_spawned":[1,3,5,11],"killed_by":"Hexaghost","ascension_level":0}