{"gold_per_floor":[115,132,132,46,65,99,99,125,151,426,446,70,80,99,99,173,173,185,185,110,110,110,174,174,186,211,211,225,225,18,293,293,293],"floor_reached":33,"playtime":1920,"items_purged":["Regret"],"score":634,"play_id":"75399f87-47ee-4dbf-8e94-ea94b7b022a4","local_time":"20190201172053","is_ascension_mode":true,"campfire_choices":[{"data":"Bludgeon","floor":7.0,"key":"SMITH"},{"data":"1","floor":15.0,"key":"LIFT"},{"data":"2","floor":24,"key":"LIFT"},{"data":"3","floor":27,"key":"LIFT"},{"data":"Reaper","floor":29,"key":"SMITH"},{"data":"Purity","floor":32,"key":"SMITH"}],"neow_cost":"PERCENT_DAMAGE","seed_source_timestamp":452276826340064,"circlet_count":0,"master_deck":["AscendersBane","Defend_R+1","Defend_R","Defend_R","Defend_R","Bash","Whirlwind","Feel No Pain","Purity+1","Sever Soul","Bludgeon+1","Rampage","Ghostly Armor","Whirlwind","Infernal Blade+1","Reaper+1","Cleave","Bite","Bite","Bite","Bite","Bite","Warcry+1","Heavy Blade","Fire Breathing+1","Regret"],"special_seed":0,"relics":["Black Blood","PreservedInsect","Red Skull","Girya","Tiny Chest","War Paint","Medical Kit"],"potions_floor_usage":[23,25],"damage_taken":[{"damage":3.0,"enemies":"Small Slimes","floor":1.0,"turns":4.0},{"damage":9.0,"enemies":"Cultist","floor":2.0,"turns":5.0},{"damage":2.0,"enemies":"Jaw Worm","floor":5.0,"turns":3.0},{"damage":26.0,"enemies":"Gremlin Nob","floor":6.0,"turns":5.0},{"damage":20.0,"enemies":"Lagavulin","floor":8.0,"turns":7.0},{"damage":19.0,"enemies":"Large Slime","floor":11.0,"turns":5.0},{"damage":8.0,"enemies":"Red Slaver","floor":13.0,"turns":4.0},{"damage":26.0,"enemies":"Exordium Thugs","floor":14.0,"turns":4.0},{"damage":0.0,"enemies":"Slime Boss","floor":16.0,"turns":10.0},{"damage":32.0,"enemies":"Shell Parasite","floor":18.0,"turns":8.0},{"damage":0,"enemies":"Gremlin Leader","floor":23,"turns":3},{"damage":8,"enemies":"Spheric Guardian","floor":25,"turns":3},{"damage":8,"enemies":"Snecko","floor":28,"turns":3},{"damage":103,"enemies":"Champ","floor":33,"turns":7}],"seed_played":"882722542549492519","potions_obtained":[{"floor":1.0,"key":"Swift Potion"},{"floor":2.0,"key":"FearPotion"},{"floor":5.0,"key":"Block Potion"},{"floor":13.0,"key":"EssenceOfSteel"},{"floor":16.0,"key":"AttackPotion"},{"floor":18.0,"key":"Explosive Potion"},{"floor":23,"key":"Energy Potion"}],"is_trial":false,"path_per_floor":["M","M","?","$","M","E","R","E","T","?","M","$","M","M","R","B",null,"M","?","?","?","?","E","R","M","T","R","M","R","$","?","R","B"],"character_chosen":"IRONCLAD","items_purchased":["Purity","Girya","Medical Kit"],"campfire_rested":0,"item_purchase_floors":[4,12,30],"current_hp_per_floor":[53,50,85,85,85,65,65,51,51,51,40,40,40,22,22,30,71,51,68,68,68,68,78,78,85,85,85,85,85,85,85,85,0],"gold":293,"neow_bonus":"THREE_RARE_CARDS","is_prod":false,"is_daily":false,"chose_seed":false,"campfire_upgraded":3,"win_rate":0,"timestamp":1549009253,"path_taken":["M","M","?","?","M","E","R","E","T","?","?","$","M","M","R","BOSS","M","?","?","?","?","E","R","M","T","R","?","R","?","?","R","BOSS"],"build_version":"2019-01-23","purchased_purges":1,"victory":false,"max_hp_per_floor":[75,75,85,85,85,85,85,85,85,85,85,85,85,85,85,85,85,85,85,85,85,85,85,85,85,85,85,85,85,85,85,85,85],"card_choices":[{"not_picked":["Brutality","Dark Embrace"],"picked":"Demon Form","floor":0.0},{"not_picked":["Combust","Clash"],"picked":"Whirlwind","floor":1.0},{"not_picked":["Havoc","Perfected Strike"],"picked":"Feel No Pain","floor":2.0},{"not_picked":["Thunderclap","Flex"],"picked":"Sever Soul","floor":5.0},{"not_picked":["Entrench","Iron Wave"],"picked":"Bludgeon","floor":6.0},{"not_picked":["Twin Strike","Anger"],"picked":"Rampage","floor":8.0},{"not_picked":["Sentinel","Anger"],"picked":"Ghostly Armor","floor":11.0},{"not_picked":["Shrug It Off","Sword Boomerang"],"picked":"Whirlwind","floor":13.0},{"not_picked":["Iron Wave","Searing Blow"],"picked":"Infernal Blade","floor":14.0},{"not_picked":["Fiend Fire","Bludgeon"],"picked":"Reaper","floor":16.0},{"not_picked":["Thunderclap","Body Slam"],"picked":"Cleave","floor":18.0},{"not_picked":["Searing Blow","Blood for Blood"],"picked":"Warcry+1","floor":23},{"not_picked":["Wild Strike","Pommel Strike"],"picked":"Heavy Blade","floor":25},{"not_picked":["Body Slam","Iron Wave"],"picked":"Fire Breathing+1","floor":28}],"player_experience":974003,"relics_obtained":[{"floor":6.0,"key":"PreservedInsect"},{"floor":8.0,"key":"Red Skull"},{"floor":9.0,"key":"Blood Vial"},{"floor":23,"key":"Tiny Chest"},{"floor":26,"key":"War Paint"}],"event_choices":[{"cards_removed":["Demon Form"],"damage_healed":25.0,"max_hp_gain":10.0,"max_hp_loss":0.0,"gold_gain":0.0,"event_name":"Bonfire Elementals","player_choice":"Offered Rare","floor":3.0,"gold_loss":0.0,"damage_taken":0.0},{"damage_healed":0.0,"max_hp_gain":0.0,"max_hp_loss":0.0,"gold_gain":275.0,"event_name":"Golden Shrine","player_choice":"Desecrate","floor":10.0,"gold_loss":0.0,"damage_taken":0.0,"cards_obtained":["Regret"]},{"damage_healed":17.0,"max_hp_gain":0.0,"max_hp_loss":0.0,"gold_gain":0.0,"event_name":"The Library","player_choice":"Heal","floor":19.0,"gold_loss":0.0,"damage_taken":0.0},{"cards_removed":["Strike_R"],"damage_healed":0.0,"max_hp_gain":0.0,"max_hp_loss":0.0,"gold_gain":0.0,"event_name":"Beggar","player_choice":"Gave Gold","floor":20.0,"gold_loss":75.0,"damage_taken":0.0},{"damage_healed":0.0,"max_hp_gain":0.0,"max_hp_loss":0.0,"gold_gain":0.0,"event_name":"Vampires","player_choice":"Became a vampire (Vial)","floor":21.0,"relics_lost":["Blood Vial"],"gold_loss":0.0,"damage_taken":0.0,"cards_obtained":["Bite","Bite","Bite","Bite","Bite"]},{"damage_healed":0.0,"max_hp_gain":0.0,"max_hp_loss":0.0,"gold_gain":0.0,"event_name":"Lab","player_choice":"Got Potions","floor":22.0,"gold_loss":0.0,"damage_taken":0.0},{"damage_healed":0,"gold_gain":275,"player_choice":"Desecrate","damage_taken":0,"max_hp_gain":0,"max_hp_loss":0,"event_name":"Golden Shrine","floor":31,"gold_loss":0,"cards_obtained":["Regret"]}],"is_beta":false,"boss_relics":[{"not_picked":["Tiny House","Cursed Key"],"picked":"Black Blood"}],"items_purged_floors":[12],"is_endless":false,"potions_floor_spawned":[1,2,5,13,16,18,23],"killed_by":"Champ","ascension_level":15}