{"gold_per_floor":[110,110,125,71,71,105,105,105,152,171,171,200,200,5,5,102,102,115,115,115,115,115,115,142,153,199,199,120,135,135,161,161,266,266,280,292,308,408,157,157,78,95,121,121,121,134,154,165,165,165],"floor_reached":51,"playtime":1377,"items_purged":["Darkness"],"score":841,"play_id":"c28ffeac-4d14-4351-b4a4-083f967a2154","local_time":"20190114190142","is_ascension_mode":false,"campfire_choices":[{"data":"Dualcast","floor":8.0,"key":"SMITH"},{"data":"Ball Lightning","floor":11.0,"key":"SMITH"},{"data":"Coolheaded","floor":13.0,"key":"SMITH"},{"data":"Conserve Battery","floor":15.0,"key":"SMITH"},{"data":"Seek","floor":23.0,"key":"SMITH"},{"data":"Electrodynamics","floor":27.0,"key":"SMITH"},{"data":"Defragment","floor":30.0,"key":"SMITH"},{"data":"Glacier","floor":32.0,"key":"SMITH"},{"data":"Apotheosis","floor":40.0,"key":"SMITH"},{"data":"Defragment","floor":44,"key":"SMITH"},{"data":"Rainbow","floor":49,"key":"SMITH"}],"neow_cost":"NONE","seed_source_timestamp":1811275772382269,"circlet_count":0,"master_deck":["Zap+1","Dualcast+1","Ball Lightning+1","Conserve Battery+1","BootSequence","Coolheaded+1","Seek+1","Chill","Core Surge","Glacier+1","Go for the Eyes+1","Electrodynamics+1","Defragment+1","Electrodynamics","Thunder Strike","Defragment+1","Defragment","Loop+1","Apotheosis+1","Electrodynamics","Rainbow+1"],"special_seed":0,"relics":["Cracked Core","Question Card","Whetstone","DataDisk","Runic Capacitor","Pandora\u0027s Box","Mercury Hourglass","Happy Flower","Centennial Puzzle","Orrery","FossilizedHelix","Regal Pillow"],"potions_floor_usage":[47,50,50,50],"damage_taken":[{"damage":6.0,"enemies":"Jaw Worm","floor":1.0,"turns":2.0},{"damage":0.0,"enemies":"2 Louse","floor":3.0,"turns":2.0},{"damage":20.0,"enemies":"Gremlin Nob","floor":6.0,"turns":4.0},{"damage":0.0,"enemies":"Cultist","floor":10.0,"turns":2.0},{"damage":13.0,"enemies":"Lagavulin","floor":12.0,"turns":6.0},{"damage":22.0,"enemies":"Hexaghost","floor":16.0,"turns":8.0},{"damage":0.0,"enemies":"Spheric Guardian","floor":18.0,"turns":4.0},{"damage":0.0,"enemies":"Slavers","floor":24.0,"turns":4.0},{"damage":0.0,"enemies":"3 Byrds","floor":25.0,"turns":1.0},{"damage":0.0,"enemies":"Cultist and Chosen","floor":29.0,"turns":2.0},{"damage":0.0,"enemies":"Gremlin Leader","floor":31.0,"turns":3.0},{"damage":0.0,"enemies":"Automaton","floor":33.0,"turns":7.0},{"damage":0.0,"enemies":"Orb Walker","floor":35.0,"turns":3.0},{"damage":0.0,"enemies":"3 Darklings","floor":36.0,"turns":2.0},{"damage":0.0,"enemies":"Transient","floor":37.0,"turns":5.0},{"damage":0.0,"enemies":"Mind Bloom Boss Battle","floor":38.0,"turns":3.0},{"damage":0,"enemies":"Spire Growth","floor":42,"turns":5},{"damage":0,"enemies":"Jaw Worm Horde","floor":46,"turns":2},{"damage":0,"enemies":"Writhing Mass","floor":47,"turns":5},{"damage":0,"enemies":"3 Darklings","floor":48,"turns":2},{"damage":0,"enemies":"Donu and Deca","floor":50,"turns":4}],"seed_played":"2959908449855529455","potions_obtained":[{"floor":1.0,"key":"Swift Potion"},{"floor":16.0,"key":"Weak Potion"},{"floor":24.0,"key":"Regen Potion"},{"floor":25.0,"key":"GamblersBrew"},{"floor":33.0,"key":"Energy Potion"},{"floor":36.0,"key":"Energy Potion"},{"floor":47,"key":"PowerPotion"},{"floor":48,"key":"FocusPotion"}],"is_trial":false,"path_per_floor":["M","?","M","$","?","E","$","R","T","M","R","E","R","$","R","B",null,"M","?","$","?","?","R","E","M","T","R","$","M","R","E","R","B",null,"M","M","M","?","$","R","$","M","T","R","?","M","M","M","R","B",null],"character_chosen":"DEFECT","items_purchased":["Conserve Battery","Runic Capacitor","Defragment","Apotheosis","Electrodynamics"],"campfire_rested":0,"item_purchase_floors":[4,14,28,39,41],"current_hp_per_floor":[69,74,74,74,74,54,54,54,54,54,54,41,41,41,41,19,80,80,80,80,80,80,80,80,80,80,80,80,80,80,80,80,80,80,80,80,80,80,80,80,80,80,80,80,80,80,80,80,80,80],"gold":165,"neow_bonus":"REMOVE_CARD","is_prod":false,"is_daily":false,"chose_seed":false,"campfire_upgraded":11,"win_rate":0,"timestamp":1547492502,"path_taken":["M","?","M","$","?","E","$","R","T","M","R","E","R","$","R","BOSS","M","?","$","?","?","R","E","?","T","R","$","M","R","E","R","BOSS","M","M","M","?","$","R","$","M","T","R","?","M","M","M","R","BOSS"],"build_version":"2019-01-10","purchased_purges":1,"victory":true,"max_hp_per_floor":[75,80,80,80,80,80,80,80,80,80,80,80,80,80,80,80,80,80,80,80,80,80,80,80,80,80,80,80,80,80,80,80,80,80,80,80,80,80,80,80,80,80,80,80,80,80,80,80,80,80],"card_choices":[{"not_picked":["Fusion","Aggregate","Lockon"],"picked":"SKIP","floor":1.0},{"not_picked":["Barrage","Redo"],"picked":"Ball Lightning","floor":3.0},{"not_picked":["Hologram","Redo","Cold Snap"],"picked":"SKIP","floor":6.0},{"not_picked":["Lockon","Melter","Chaos"],"picked":"BootSequence","floor":10.0},{"not_picked":["Rip and Tear","Doom and Gloom","Consume"],"picked":"Coolheaded","floor":12.0},{"not_picked":["Machine Learning","Reboot","Amplify"],"picked":"Seek","floor":16.0},{"not_picked":["Rebound","Fusion+1","Steam"],"picked":"Go for the Eyes+1","floor":18.0},{"not_picked":["Go for the Eyes+1","Gash","Hello World+1","Doom and Gloom"],"picked":"SKIP","floor":24.0},{"not_picked":["Scrape","Reprogram","Sweeping Beam","Gash"],"picked":"SKIP","floor":25.0},{"not_picked":["Heatsinks","Beam Cell","Darkness+1"],"picked":"Electrodynamics","floor":29.0},{"not_picked":["Leap","Gash","Stack","Rebound"],"picked":"SKIP","floor":31.0},{"not_picked":["Amplify","Fission","Rainbow"],"picked":"Thunder Strike","floor":33.0},{"not_picked":["Barrage","Rebound","Skim+1"],"picked":"Defragment","floor":34.0},{"not_picked":["Redo+1","Reinforced Body","Hologram"],"picked":"Defragment","floor":34.0},{"not_picked":["Reboot","Sweeping Beam+1","Ball Lightning+1","Turbo+1"],"picked":"SKIP","floor":35.0},{"not_picked":["Rip and Tear+1","Redo+1","Lockon","Coolheaded"],"picked":"SKIP","floor":36.0},{"not_picked":["Sweeping Beam","Leap","Ball Lightning+1","Scrape+1"],"picked":"SKIP","floor":37.0},{"not_picked":["Rebound","Streamline","Barrage+1"],"picked":"Loop+1","floor":38.0},{"not_picked":["Barrage+1","Storm+1","Turbo+1","Conserve Battery"],"picked":"SKIP","floor":42},{"not_picked":["Turbo+1","Cold Snap","Darkness","Go for the Eyes+1"],"picked":"SKIP","floor":46},{"not_picked":["Sunder","Lockon","Darkness","Reinforced Body"],"picked":"SKIP","floor":47},{"not_picked":["Rainbow","Aggregate+1","Turbo+1","Sweeping Beam"],"picked":"SKIP","floor":48},{"not_picked":["Aggregate+1","Turbo+1","Sweeping Beam"],"picked":"Rainbow","floor":48}],"player_experience":967501,"relics_obtained":[{"floor":6.0,"key":"Question Card"},{"floor":9.0,"key":"Whetstone"},{"floor":12.0,"key":"DataDisk"},{"floor":24.0,"key":"Mercury Hourglass"},{"floor":26.0,"key":"Happy Flower"},{"floor":31.0,"key":"Centennial Puzzle"},{"floor":38.0,"key":"FossilizedHelix"},{"floor":43,"key":"Regal Pillow"}],"event_choices":[{"damage_healed":0.0,"max_hp_gain":5.0,"max_hp_loss":0.0,"gold_gain":0.0,"event_name":"Big Fish","player_choice":"Donut","floor":2.0,"gold_loss":0.0,"damage_taken":0.0},{"damage_healed":0.0,"max_hp_gain":0.0,"max_hp_loss":0.0,"gold_gain":0.0,"event_name":"Upgrade Shrine","player_choice":"Upgraded","floor":5.0,"gold_loss":0.0,"damage_taken":0.0,"cards_upgraded":["Zap"]},{"cards_removed":["Reprogram"],"damage_healed":0.0,"max_hp_gain":0.0,"max_hp_loss":0.0,"gold_gain":0.0,"event_name":"Back to Basics","player_choice":"Elegance","floor":19.0,"gold_loss":0.0,"damage_taken":0.0},{"damage_healed":0.0,"max_hp_gain":0.0,"max_hp_loss":0.0,"gold_gain":0.0,"cards_transformed":["Amplify","Reprogram"],"event_name":"Drug Dealer","player_choice":"Became Test Subject","floor":21.0,"gold_loss":0.0,"damage_taken":0.0,"cards_obtained":["Aggregate","Electrodynamics"]},{"damage_healed":0.0,"max_hp_gain":0.0,"max_hp_loss":0.0,"gold_gain":0.0,"event_name":"N\u0027loth","player_choice":"Ignored","floor":22.0,"gold_loss":0.0,"damage_taken":0.0},{"damage_healed":0.0,"max_hp_gain":0.0,"max_hp_loss":0.0,"gold_gain":0.0,"event_name":"MindBloom","player_choice":"Fight","floor":38.0,"gold_loss":0.0,"damage_taken":0.0},{"cards_removed":["Aggregate"],"damage_healed":0,"gold_gain":0,"player_choice":"Purged","damage_taken":0,"max_hp_gain":0,"max_hp_loss":0,"event_name":"Purifier","floor":45,"gold_loss":0}],"is_beta":false,"boss_relics":[{"not_picked":["Empty Cage","Runic Dome"],"picked":"Pandora\u0027s Box"},{"not_picked":["Velvet Choker","Tiny House"],"picked":"Orrery"}],"items_purged_floors":[39],"is_endless":false,"potions_floor_spawned":[1,16,24,25,33,35,36,47,48],"ascension_level":0}