{"gold_per_floor":[116,291,167,167,177,177,192,192,192,523,538,538,556,573,573,573],"floor_reached":16,"playtime":456,"items_purged":["Doubt"],"score":102,"play_id":"04c3404f-5a1c-45b6-b07d-f87de39120b0","local_time":"20181117203346","is_ascension_mode":false,"campfire_choices":[{"data":"Dagger Spray","floor":6.0,"key":"SMITH"},{"data":"Deadly Poison","floor":8.0,"key":"SMITH"},{"data":"Backflip","floor":12,"key":"SMITH"},{"data":"Bane","floor":15,"key":"SMITH"}],"neow_cost":"NONE","seed_source_timestamp":142813558122,"circlet_count":0,"master_deck":["Defend_G","Defend_G","Defend_G","Defend_G","Defend_G","Strike_G","Strike_G","Strike_G","Strike_G","Strike_G","Survivor","Neutralize+1","Deadly Poison+1","Dagger Spray+1","Bane+1","Backflip+1","PiercingWail"],"special_seed":0,"relics":["Cursed Key","Old Coin"],"potions_floor_usage":[],"damage_taken":[{"damage":0.0,"enemies":"2 Louse","floor":1.0,"turns":3.0},{"damage":9.0,"enemies":"Jaw Worm","floor":5.0,"turns":4.0},{"damage":0.0,"enemies":"Cultist","floor":7.0,"turns":3.0},{"damage":16,"enemies":"Lagavulin","floor":10,"turns":6},{"damage":8,"enemies":"Red Slaver","floor":11,"turns":3},{"damage":0,"enemies":"3 Louse","floor":13,"turns":3},{"damage":0,"enemies":"2 Fungi Beasts","floor":14,"turns":3},{"damage":39,"enemies":"Hexaghost","floor":16,"turns":10}],"seed_played":"4863058669805537180","potions_obtained":[{"floor":5.0,"key":"SmokeBomb"},{"floor":10,"key":"SmokeBomb"},{"floor":14,"key":"Energy Potion"}],"is_trial":false,"path_per_floor":["M","?","$","?","M","R","M","M","R","T","E","M","R","M","M","R","B"],"character_chosen":"THE_SILENT","items_purchased":["Deadly Poison"],"campfire_rested":0,"item_purchase_floors":[3],"current_hp_per_floor":[70,70,70,70,61,61,61,61,61,45,37,37,37,37,37,0],"gold":573,"neow_bonus":"BOSS_RELIC","is_prod":false,"is_daily":false,"chose_seed":false,"campfire_upgraded":4,"win_rate":0,"timestamp":1542486826,"path_taken":["M","?","$","?","M","R","M","R","T","E","M","R","M","M","R","BOSS"],"build_version":"2018-11-15","purchased_purges":1,"victory":false,"max_hp_per_floor":[70,70,70,70,70,70,70,70,70,70,70,70,70,70,70,70],"card_choices":[{"not_picked":["Blade Dance","Riddle With Holes","Caltrops"],"picked":"SKIP","floor":1.0},{"not_picked":["Infinite Blades","Dodge and Roll"],"picked":"Dagger Spray","floor":5.0},{"not_picked":["Flying Knee","Finisher"],"picked":"Bane","floor":7.0},{"not_picked":["Flying Knee","Setup"],"picked":"Backflip","floor":10},{"not_picked":["Deflect","Dagger Throw"],"picked":"PiercingWail","floor":11},{"not_picked":["Accuracy","Slice","Acrobatics"],"picked":"SKIP","floor":13},{"not_picked":["Dagger Throw","Wraith Form v2","PiercingWail"],"picked":"SKIP","floor":14}],"player_experience":793990,"relics_obtained":[{"floor":10,"key":"Old Coin"}],"event_choices":[{"damage_healed":0.0,"max_hp_gain":0.0,"max_hp_loss":0.0,"gold_gain":175.0,"event_name":"Liars Game","player_choice":"AGREE","floor":2.0,"gold_loss":0.0,"damage_taken":0.0,"cards_obtained":["Doubt"]},{"damage_healed":0.0,"max_hp_gain":0.0,"max_hp_loss":0.0,"gold_gain":0.0,"event_name":"Living Wall","player_choice":"Grow","floor":4.0,"gold_loss":0.0,"damage_taken":0.0,"cards_upgraded":["Neutralize"]}],"is_beta":false,"boss_relics":[],"items_purged_floors":[3],"is_endless":false,"potions_floor_spawned":[5,10,14],"killed_by":"Hexaghost","ascension_level":0}