{"gold_per_floor":[119,130,147,162,47,65,65,79,104,124,139,139,171,183,183,279,279,293,39,50,65,65,65,164,164,190,190,222,240,240,340,340,437,437,454,474,474,179,193,193,157,189,189,200,200,200,214,232,232,232],"floor_reached":50,"playtime":1920,"items_purged":["Pain"],"score":548,"play_id":"4e2661b6-e02b-4d91-b268-ae4a584d21ab","local_time":"20181014105251","is_ascension_mode":false,"campfire_choices":[{"data":"Bash","floor":7.0,"key":"SMITH"},{"data":"Inflame","floor":12.0,"key":"SMITH"},{"data":"Clothesline","floor":15.0,"key":"SMITH"},{"data":"Armaments","floor":23.0,"key":"SMITH"},{"data":"Heavy Blade","floor":27.0,"key":"SMITH"},{"floor":30.0,"key":"REST"},{"floor":32.0,"key":"REST"},{"data":"Armaments","floor":40.0,"key":"SMITH"},{"floor":46,"key":"REST"},{"floor":49,"key":"REST"}],"neow_cost":"CURSE","seed_source_timestamp":726201054511316,"circlet_count":0,"master_deck":["Strike_R","Strike_R","Strike_R","Strike_R","Strike_R","Defend_R","Defend_R","Defend_R","Defend_R","Bash+1","Clash","Flex","Clothesline+1","Twin Strike","Flame Barrier","Cleave","Whirlwind","Dropkick","Inflame+1","Flex","Shrug It Off","Spot Weakness","Armaments+1","Heavy Blade+1","Spot Weakness+1","Inflame+1","Battle Trance","Bludgeon","Uppercut+1","Armaments+1","Inflame","Inflame","Warcry+1"],"special_seed":0,"relics":["Burning Blood","Shovel","Regal Pillow","Vajra","Sozu","Bottled Tornado","Smiling Mask","Happy Flower","Du-Vu Doll","Self Forming Clay","Busted Crown","Paper Frog","Orichalcum","Ornamental Fan","Girya"],"potions_floor_usage":[50],"damage_taken":[{"damage":9.0,"enemies":"Jaw Worm","floor":1.0,"turns":3.0},{"damage":2.0,"enemies":"2 Louse","floor":2.0,"turns":3.0},{"damage":2.0,"enemies":"Small Slimes","floor":3.0,"turns":2.0},{"damage":12.0,"enemies":"Looter","floor":4.0,"turns":3.0},{"damage":4.0,"enemies":"Red Slaver","floor":6.0,"turns":3.0},{"damage":4.0,"enemies":"Blue Slaver","floor":8.0,"turns":4.0},{"damage":5.0,"enemies":"Large Slime","floor":10.0,"turns":6.0},{"damage":4.0,"enemies":"Looter","floor":11.0,"turns":3.0},{"damage":21.0,"enemies":"3 Sentries","floor":13.0,"turns":6.0},{"damage":7.0,"enemies":"Exordium Thugs","floor":14.0,"turns":4.0},{"damage":22.0,"enemies":"Slime Boss","floor":16.0,"turns":6.0},{"damage":8.0,"enemies":"2 Thieves","floor":18.0,"turns":3.0},{"damage":5.0,"enemies":"Spheric Guardian","floor":20.0,"turns":3.0},{"damage":26.0,"enemies":"Shelled Parasite and Fungi","floor":21.0,"turns":4.0},{"damage":26.0,"enemies":"Slavers","floor":28.0,"turns":3.0},{"damage":15.0,"enemies":"Centurion and Healer","floor":29.0,"turns":3.0},{"damage":33.0,"enemies":"Colosseum Slavers","floor":31.0,"turns":3.0},{"damage":44.0,"enemies":"Colosseum Nobs","floor":31.0,"turns":4.0},{"damage":29.0,"enemies":"Champ","floor":33.0,"turns":6.0},{"damage":4.0,"enemies":"3 Shapes","floor":35.0,"turns":4.0},{"damage":11.0,"enemies":"3 Darklings","floor":36.0,"turns":2.0},{"damage":9.0,"enemies":"Reptomancer","floor":39.0,"turns":5.0},{"damage":10.0,"enemies":"Giant Head","floor":42.0,"turns":6.0},{"damage":17.0,"enemies":"Sphere and 2 Shapes","floor":44.0,"turns":5.0},{"damage":9.0,"enemies":"Mind Bloom Boss Battle","floor":45.0,"turns":6.0},{"damage":19,"enemies":"4 Shapes","floor":47,"turns":5},{"damage":12,"enemies":"3 Darklings","floor":48,"turns":5},{"damage":100,"enemies":"Awakened One","floor":50,"turns":8}],"seed_played":"6368123582993798542","potions_obtained":[{"floor":1.0,"key":"Poison Potion"},{"floor":3.0,"key":"BloodPotion"},{"floor":6.0,"key":"GamblersBrew"},{"floor":11.0,"key":"Ancient Potion"},{"floor":14.0,"key":"AttackPotion"}],"is_trial":false,"path_per_floor":["M","M","M","M","$","M","R","M","T","M","M","R","E","M","R","B",null,"M","$","M","M","?","R","?","?","T","R","E","M","R","?","R","B",null,"M","M","?","$","M","R","$","E","T","M","?","R","M","M","R"],"character_chosen":"IRONCLAD","items_purchased":["Flame Barrier","Bottled Tornado","Paper Frog","Armaments","Inflame"],"campfire_rested":4,"item_purchase_floors":[5,19,38,38,41],"current_hp_per_floor":[77,80,80,74,74,76,76,78,78,79,80,80,65,64,64,48,80,78,78,79,59,59,59,59,59,59,59,39,30,69,12,51,28,80,80,75,75,75,72,72,72,68,68,57,54,80,67,61,80,0],"gold":232,"neow_bonus":"ONE_RARE_RELIC","is_prod":false,"is_daily":false,"chose_seed":false,"campfire_upgraded":6,"win_rate":0,"timestamp":1539510771,"path_taken":["M","M","M","M","$","M","R","M","T","M","M","R","E","M","R","BOSS","M","$","M","M","?","R","?","?","T","R","E","M","R","?","R","BOSS","M","M","?","$","?","R","$","E","T","M","?","R","M","M","R","BOSS"],"build_version":"2018-10-11","purchased_purges":1,"victory":false,"max_hp_per_floor":[80,80,80,80,80,80,80,80,80,80,80,80,80,80,80,80,80,80,80,80,80,80,80,80,80,80,80,80,80,80,80,80,80,80,80,80,80,80,80,80,80,80,80,80,80,80,80,80,80,80],"card_choices":[{"not_picked":["Pommel Strike","Havoc"],"picked":"Clash","floor":1.0},{"not_picked":["Twin Strike","Bloodletting"],"picked":"Flex","floor":2.0},{"not_picked":["Havoc","Heavy Blade"],"picked":"Clothesline","floor":3.0},{"not_picked":["Warcry","Sentinel"],"picked":"Twin Strike","floor":4.0},{"not_picked":["Warcry","Headbutt"],"picked":"Cleave","floor":6.0},{"not_picked":["Shrug It Off","Rupture"],"picked":"Whirlwind","floor":8.0},{"not_picked":["Corruption","Twin Strike"],"picked":"Dropkick","floor":10.0},{"not_picked":["Body Slam","Disarm"],"picked":"Inflame","floor":11.0},{"not_picked":["Impervious","Headbutt"],"picked":"Flex","floor":13.0},{"not_picked":["Anger","Seeing Red","Twin Strike"],"picked":"SKIP","floor":14.0},{"not_picked":["Sever Soul","Corruption"],"picked":"Shrug It Off","floor":18.0},{"not_picked":["Reckless Charge","Rage"],"picked":"Spot Weakness","floor":20.0},{"not_picked":["True Grit+1","Iron Wave"],"picked":"Armaments","floor":21.0},{"not_picked":["Disarm","Heavy Blade"],"picked":"Spot Weakness+1","floor":28.0},{"not_picked":["Armaments+1","Blood for Blood"],"picked":"Inflame+1","floor":29.0},{"not_picked":["Warcry","Pummel"],"picked":"Battle Trance","floor":31.0},{"not_picked":["Barricade","Dark Embrace"],"picked":"Bludgeon","floor":33.0},{"not_picked":["Battle Trance+1"],"picked":"SKIP","floor":35.0},{"not_picked":[],"picked":"Uppercut+1","floor":36.0},{"not_picked":["Shrug It Off"],"picked":"SKIP","floor":39.0},{"not_picked":[],"picked":"Inflame","floor":42.0},{"not_picked":["Pummel"],"picked":"SKIP","floor":44.0},{"not_picked":["Corruption+1"],"picked":"SKIP","floor":47},{"not_picked":[],"picked":"Warcry+1","floor":48}],"player_experience":696667,"relics_obtained":[{"floor":9.0,"key":"Regal Pillow"},{"floor":13.0,"key":"Vajra"},{"floor":26.0,"key":"Smiling Mask"},{"floor":28.0,"key":"Happy Flower"},{"floor":31.0,"key":"Du-Vu Doll"},{"floor":31.0,"key":"Self Forming Clay"},{"floor":42.0,"key":"Orichalcum"},{"floor":43.0,"key":"Ornamental Fan"},{"floor":45.0,"key":"Girya"}],"event_choices":[{"event_name":"Ghosts","player_choice":"Ignored","floor":22.0,"damage_taken":0.0},{"event_name":"Nest","player_choice":"Stole From Cult","floor":24.0,"damage_taken":0.0},{"event_name":"The Library","player_choice":"Read","floor":25.0,"damage_taken":0.0},{"event_name":"Colosseum","player_choice":"Fight","floor":31.0,"damage_taken":0.0},{"event_name":"Colosseum","player_choice":"Fought Nobs","floor":31.0,"damage_taken":0.0},{"event_name":"SensoryStone","player_choice":"Memory 1","floor":37.0,"damage_taken":0.0},{"event_name":"MindBloom","player_choice":"Fight","floor":45.0,"damage_taken":0.0}],"is_beta":false,"boss_relics":[{"not_picked":["Tiny House","Runic Cube"],"picked":"Sozu"},{"not_picked":["Lizard Tail","White Beast Statue"],"picked":"Busted Crown"}],"items_purged_floors":[5],"is_endless":false,"potions_floor_spawned":[1,3,6,11,14,16,20,29,31,31,33,36,44,45,48],"killed_by":"Awakened One","ascension_level":0}