{"gold_per_floor":[110,110,25,36,53,53,82,98,98,126,140,140,152,102,102,102],"floor_reached":16,"playtime":973,"items_purged":["Strike_G"],"score":224,"play_id":"61b667b6-69b9-4229-891d-e0d0b6ac1a12","local_time":"20181228232305","is_ascension_mode":true,"campfire_choices":[{"data":"Flying Knee","floor":6.0,"key":"SMITH"},{"floor":12.0,"key":"REST"},{"data":"Dagger Spray","floor":15.0,"key":"SMITH"}],"neow_cost":"NONE","seed_source_timestamp":997249698689442,"circlet_count":0,"master_deck":["AscendersBane","Defend_G","Defend_G","Defend_G","Defend_G","Defend_G","Strike_G+1","Strike_G","Strike_G","Strike_G","Survivor","Neutralize+1","Slice","Deadly Poison","Endless Agony+1","Flying Knee+1","Cloak And Dagger","Die Die Die","Dagger Spray+1","Finisher"],"special_seed":0,"relics":["Ring of the Snake","Smiling Mask","Whetstone","Pantograph"],"potions_floor_usage":[16],"damage_taken":[{"damage":0.0,"enemies":"2 Louse","floor":1.0,"turns":4.0},{"damage":6.0,"enemies":"Small Slimes","floor":4.0,"turns":4.0},{"damage":2.0,"enemies":"Jaw Worm","floor":5.0,"turns":4.0},{"damage":17.0,"enemies":"Lagavulin","floor":7.0,"turns":5.0},{"damage":1.0,"enemies":"Blue Slaver","floor":8.0,"turns":3.0},{"damage":34.0,"enemies":"3 Sentries","floor":10.0,"turns":10.0},{"damage":0.0,"enemies":"Lots of Slimes","floor":11.0,"turns":1.0},{"damage":4.0,"enemies":"Exordium Thugs","floor":13.0,"turns":3.0},{"damage":54,"enemies":"Slime Boss","floor":16,"turns":7}],"seed_played":"-4424595138077805809","potions_obtained":[{"floor":7.0,"key":"Weak Potion"},{"floor":13.0,"key":"Poison Potion"}],"is_trial":false,"path_per_floor":["M","?","$","M","M","R","E","M","T","E","M","R","M","$","R","B"],"character_chosen":"THE_SILENT","items_purchased":["Deadly Poison","AttackPotion"],"campfire_rested":1,"item_purchase_floors":[3,3],"current_hp_per_floor":[65,65,65,59,57,57,40,39,39,5,5,26,22,22,22,0],"gold":102,"neow_bonus":"TEN_PERCENT_HP_BONUS","is_prod":false,"is_daily":false,"chose_seed":false,"campfire_upgraded":2,"win_rate":0,"timestamp":1546068185,"path_taken":["M","?","$","M","M","R","E","M","T","E","M","R","M","$","R","BOSS"],"build_version":"2018-12-20","purchased_purges":1,"victory":false,"max_hp_per_floor":[72,72,72,72,72,72,72,72,72,72,72,72,72,72,72,72],"card_choices":[{"not_picked":["Flying Knee","Sucker Punch"],"picked":"Slice","floor":1.0},{"not_picked":["Prepared","Deflect"],"picked":"Endless Agony","floor":4.0},{"not_picked":["Dodge and Roll","Acrobatics"],"picked":"Flying Knee","floor":5.0},{"not_picked":["Distraction","Slice","Prepared"],"picked":"SKIP","floor":7.0},{"not_picked":["Venomology","Deflect"],"picked":"Cloak And Dagger","floor":8.0},{"not_picked":["Sucker Punch","Well Laid Plans"],"picked":"Die Die Die","floor":10.0},{"not_picked":["Poisoned Stab","Quick Slash"],"picked":"Dagger Spray","floor":11.0},{"not_picked":["Acrobatics","Deadly Poison"],"picked":"Finisher","floor":13.0}],"player_experience":251724,"relics_obtained":[{"floor":7.0,"key":"Smiling Mask"},{"floor":9.0,"key":"Whetstone"},{"floor":10.0,"key":"Pantograph"}],"event_choices":[{"damage_healed":0.0,"max_hp_gain":0.0,"max_hp_loss":0.0,"gold_gain":0.0,"event_name":"Living Wall","player_choice":"Grow","floor":2.0,"gold_loss":0.0,"damage_taken":0.0,"cards_upgraded":["Neutralize"]}],"is_beta":false,"boss_relics":[],"items_purged_floors":[14],"is_endless":false,"potions_floor_spawned":[7,13],"killed_by":"Slime Boss","ascension_level":20}