{"gold_per_floor":[115,133,146,146,158,158,189,209,234,234,266,266,278,294,294,371,371,381,381,321,337,49,83,83,83,83,100,116,31,47,66,66,141,141,157,157,157,157,167,167,185,198,198,208,208,21,21,38,38,38],"floor_reached":50,"playtime":3284,"items_purged":["Defend_G","Strike_G"],"score":1068,"play_id":"35fb414b-9ae4-4598-b1d4-880b4e3c4f06","local_time":"20181124112326","is_ascension_mode":true,"campfire_choices":[{"data":"Neutralize","floor":6,"key":"SMITH"},{"data":"Dash","floor":10,"key":"SMITH"},{"data":"Dash","floor":15,"key":"SMITH"},{"floor":24,"key":"REST"},{"floor":32,"key":"REST"},{"data":"1","floor":40,"key":"LIFT"},{"floor":47,"key":"REST"},{"data":"2","floor":49,"key":"LIFT"}],"neow_cost":"NONE","seed_source_timestamp":0,"circlet_count":0,"master_deck":["AscendersBane","Defend_G","Defend_G","Strike_G","Survivor","Neutralize+1","Infinite Blades","Quick Slash","Accuracy","Dash+1","Dash+1","Adrenaline","Prepared","Cloak And Dagger","Slice","Corpse Explosion","Backflip+1","Dagger Throw","Terror","Infinite Blades","Leg Sweep","Slice+1","Dagger Spray","Cloak And Dagger","Outmaneuver+1","After Image+1","Blade Dance","Decay","Outmaneuver","Expertise","Noxious Fumes+1"],"special_seed":0,"relics":["Astrolabe","PreservedInsect","Potion Belt","Pen Nib","Philosopher\u0027s Stone","Regal Pillow","Juzu Bracelet","Enchiridion","Ice Cream","Girya","Runic Dome","Frozen Egg 2"],"potions_floor_usage":[7,13,16,18,23,31,33,33,44,48,50,50,50],"damage_taken":[{"damage":4,"enemies":"Small Slimes","floor":1,"turns":6},{"damage":0,"enemies":"2 Louse","floor":2,"turns":3},{"damage":0,"enemies":"Cultist","floor":3,"turns":4},{"damage":1,"enemies":"2 Fungi Beasts","floor":5,"turns":4},{"damage":12,"enemies":"3 Sentries","floor":7,"turns":9},{"damage":0,"enemies":"Looter","floor":8,"turns":4},{"damage":12,"enemies":"Lagavulin","floor":11,"turns":6},{"damage":0,"enemies":"Gremlin Gang","floor":13,"turns":3},{"damage":0,"enemies":"Blue Slaver","floor":14,"turns":3},{"damage":19,"enemies":"The Guardian","floor":16,"turns":12},{"damage":0,"enemies":"3 Byrds","floor":18,"turns":2},{"damage":11,"enemies":"2 Thieves","floor":21,"turns":3},{"damage":22,"enemies":"Slavers","floor":23,"turns":2},{"damage":10,"enemies":"Centurion and Healer","floor":27,"turns":6},{"damage":0,"enemies":"3 Cultists","floor":28,"turns":3},{"damage":0,"enemies":"Chosen and Byrds","floor":30,"turns":4},{"damage":4,"enemies":"Centurion and Healer","floor":31,"turns":4},{"damage":36,"enemies":"Champ","floor":33,"turns":11},{"damage":0,"enemies":"3 Darklings","floor":35,"turns":3},{"damage":0,"enemies":"3 Shapes","floor":39,"turns":3},{"damage":8,"enemies":"Maw","floor":41,"turns":7},{"damage":46,"enemies":"4 Shapes","floor":42,"turns":4},{"damage":4,"enemies":"Sphere and 2 Shapes","floor":44,"turns":6},{"damage":0,"enemies":"3 Darklings","floor":48,"turns":2},{"damage":53,"enemies":"Time Eater","floor":50,"turns":5}],"seed_played":"6048340221306017384","potions_obtained":[{"floor":1,"key":"Ancient Potion"},{"floor":3,"key":"AttackPotion"},{"floor":8,"key":"Explosive Potion"},{"floor":11,"key":"SneckoOil"},{"floor":13,"key":"Block Potion"},{"floor":16,"key":"EssenceOfSteel"},{"floor":21,"key":"Explosive Potion"},{"floor":27,"key":"GamblersBrew"},{"floor":30,"key":"Ancient Potion"},{"floor":33,"key":"Strength Potion"},{"floor":35,"key":"Energy Potion"},{"floor":42,"key":"Regen Potion"},{"floor":48,"key":"GamblersBrew"}],"is_trial":false,"path_per_floor":["M","M","M","?","M","R","E","M","T","R","E","?","M","M","R","B",null,"M","?","?","M","$","E","R","?","T","M","M","?","M","M","R","B",null,"M","?","?","?","M","R","M","M","T","M","?","$","R","M","R","B"],"character_chosen":"THE_SILENT","items_purchased":["Regal Pillow","Infinite Blades","Noxious Fumes+1","Swift Potion"],"campfire_rested":3,"item_purchase_floors":[22,22,46,46],"current_hp_per_floor":[55,55,55,55,54,54,42,42,42,42,30,30,30,30,30,11,52,52,40,40,29,29,7,43,27,27,17,17,17,17,13,49,13,57,57,57,57,57,57,57,49,3,3,14,14,14,49,49,49,0],"gold":38,"neow_bonus":"BOSS_RELIC","is_prod":false,"is_daily":false,"chose_seed":false,"campfire_upgraded":3,"win_rate":0,"timestamp":1543087406,"path_taken":["M","M","M","?","M","R","E","M","T","R","E","?","M","M","R","BOSS","M","?","?","M","$","E","R","?","T","M","M","?","M","M","R","BOSS","M","?","?","?","M","R","M","M","T","M","?","$","R","M","R","BOSS"],"build_version":"2018-11-15","purchased_purges":2,"victory":false,"max_hp_per_floor":[66,66,66,66,66,66,66,66,66,66,66,66,66,66,66,66,66,66,71,71,71,71,71,71,71,71,71,71,71,71,71,71,71,71,71,71,67,67,67,67,67,67,67,67,67,67,67,67,67,67],"card_choices":[{"not_picked":["Backflip","Poisoned Stab"],"picked":"Infinite Blades","floor":1},{"not_picked":["Prepared","Reflex"],"picked":"Quick Slash","floor":2},{"not_picked":["Outmaneuver","Setup"],"picked":"Accuracy","floor":3},{"not_picked":["Sucker Punch","Slice"],"picked":"Dash","floor":5},{"not_picked":["Backstab","PiercingWail"],"picked":"Dash","floor":7},{"not_picked":["Acrobatics","Slice"],"picked":"Adrenaline","floor":8},{"not_picked":["Dodge and Roll","Deflect"],"picked":"Prepared","floor":11},{"not_picked":["Sucker Punch","Underhanded Strike"],"picked":"Cloak And Dagger","floor":13},{"not_picked":["Riddle With Holes","Outmaneuver"],"picked":"Slice","floor":14},{"not_picked":["Venomology","Wraith Form v2"],"picked":"Corpse Explosion","floor":16},{"not_picked":["Bouncing Flask","Acrobatics"],"picked":"Backflip+1","floor":18},{"not_picked":["Flying Knee","Slice","Endless Agony"],"picked":"SKIP","floor":21},{"not_picked":["Dagger Spray","Skewer"],"picked":"Leg Sweep","floor":23},{"not_picked":["Choke","Dagger Spray"],"picked":"Slice+1","floor":27},{"not_picked":["Deflect","Poisoned Stab"],"picked":"Dagger Spray","floor":28},{"not_picked":["Predator","Dagger Throw"],"picked":"Cloak And Dagger","floor":30},{"not_picked":["Deadly Poison+1","Distraction"],"picked":"Outmaneuver+1","floor":31},{"not_picked":["Venomology","Grand Finale"],"picked":"After Image","floor":33},{"not_picked":["Tactician","Leg Sweep+1"],"picked":"Blade Dance","floor":35},{"not_picked":["Cloak And Dagger","Dagger Spray"],"picked":"Outmaneuver","floor":39},{"not_picked":["Terror","Dodge and Roll","Quick Slash"],"picked":"SKIP","floor":41},{"not_picked":["Die Die Die","Terror"],"picked":"Expertise","floor":42},{"not_picked":["Deadly Poison+1","Dodge and Roll","Calculated Gamble"],"picked":"SKIP","floor":44},{"not_picked":["Backstab","All Out Attack","Deadly Poison"],"picked":"SKIP","floor":48}],"player_experience":134986,"relics_obtained":[{"floor":7,"key":"PreservedInsect"},{"floor":9,"key":"Potion Belt"},{"floor":11,"key":"Pen Nib"},{"floor":23,"key":"Juzu Bracelet"},{"floor":25,"key":"Enchiridion"},{"floor":26,"key":"Ice Cream"},{"floor":43,"key":"Frozen Egg 2"}],"event_choices":[{"damage_healed":0,"gold_gain":0,"player_choice":"Ignored","damage_taken":0,"max_hp_gain":0,"max_hp_loss":0,"event_name":"Liars Game","floor":4,"gold_loss":0},{"damage_healed":0,"gold_gain":0,"player_choice":"Ignored","damage_taken":0,"max_hp_gain":0,"max_hp_loss":0,"event_name":"Golden Idol","floor":12,"gold_loss":0},{"damage_healed":0,"gold_gain":0,"player_choice":"Shed Blood","damage_taken":17,"max_hp_gain":5,"max_hp_loss":0,"event_name":"Forgotten Altar","floor":19,"gold_loss":0},{"damage_healed":0,"gold_gain":0,"cards_transformed":["Defend_G","Strike_G"],"player_choice":"Transformed Cards","damage_taken":0,"max_hp_gain":0,"max_hp_loss":0,"event_name":"Designer","floor":20,"gold_loss":60,"cards_obtained":["Dagger Throw","Terror"]},{"damage_healed":0,"gold_gain":0,"player_choice":"Obtained Book","damage_taken":16,"max_hp_gain":0,"max_hp_loss":0,"event_name":"Cursed Tome","floor":25,"gold_loss":0},{"damage_healed":0,"gold_gain":0,"player_choice":"Obtained Relic","damage_taken":0,"relics_obtained":["Girya"],"max_hp_gain":0,"max_hp_loss":0,"event_name":"Addict","floor":29,"gold_loss":85},{"damage_healed":0,"gold_gain":0,"player_choice":"Upgraded","damage_taken":0,"max_hp_gain":0,"max_hp_loss":0,"event_name":"Upgrade Shrine","floor":36,"gold_loss":0,"cards_upgraded":["After Image"]},{"damage_healed":0,"gold_gain":0,"player_choice":"Max HP","damage_taken":0,"max_hp_gain":0,"max_hp_loss":4,"event_name":"Winding Halls","floor":37,"gold_loss":0},{"damage_healed":0,"gold_gain":0,"player_choice":"Cursed","damage_taken":0,"max_hp_gain":0,"max_hp_loss":0,"event_name":"Wheel of Change","floor":38,"gold_loss":0,"cards_obtained":["Decay"]},{"damage_healed":0,"gold_gain":0,"player_choice":"Memory 1","damage_taken":0,"max_hp_gain":0,"max_hp_loss":0,"event_name":"SensoryStone","floor":45,"gold_loss":0}],"is_beta":false,"boss_relics":[{"not_picked":["Tiny House","Coffee Dripper"],"picked":"Philosopher\u0027s Stone"},{"not_picked":["Pandora\u0027s Box","Snecko Eye"],"picked":"Runic Dome"}],"items_purged_floors":[22,46],"is_endless":false,"potions_floor_spawned":[1,3,8,11,13,16,21,27,30,33,35,42,48],"killed_by":"Time Eater","ascension_level":14}