{"gold_per_floor":[119,119,294,294,319,319,337,370,370,370,385,385,385,400,400,521,521,539,290,290,281,301,342,342,376,400,400,433,110,110,130,130,253,253,271,289,289,622,622,649,649,101,101,116,116,129,129,155,155,155],"floor_reached":51,"playtime":5350,"items_purged":["Strike_G","Doubt","Writhe"],"score":1309,"play_id":"49259431-66e5-4f85-ae22-7364f64b2724","local_time":"20190127222625","is_ascension_mode":true,"campfire_choices":[{"data":"Noxious Fumes","floor":10.0,"key":"SMITH"},{"data":"Blade Dance","floor":13.0,"key":"SMITH"},{"data":"Finisher","floor":15.0,"key":"SMITH"},{"data":"Infinite Blades","floor":24,"key":"SMITH"},{"data":"Cloak And Dagger","floor":27,"key":"SMITH"},{"data":"Accuracy","floor":30,"key":"SMITH"},{"data":"Terror","floor":32,"key":"SMITH"},{"data":"Ghostly","floor":41,"key":"SMITH"},{"data":"Accuracy","floor":45,"key":"SMITH"},{"data":"Night Terror","floor":47,"key":"SMITH"},{"data":"Ghostly","floor":49,"key":"SMITH"}],"neow_cost":"NONE","seed_source_timestamp":0,"circlet_count":0,"master_deck":["AscendersBane","Defend_G","Defend_G","Defend_G","Defend_G","Defend_G","Strike_G","Strike_G","Survivor","Neutralize+1","Deflect","Blade Dance+1","Backflip","Noxious Fumes+1","Leg Sweep","Finisher+1","Tools of the Trade","PiercingWail","Ghostly","Ghostly","Ghostly","Ghostly+1","Ghostly+1","Cloak And Dagger+1","Cloak And Dagger+1","Infinite Blades+1","Well Laid Plans+1","Accuracy+1","Terror+1","Night Terror+1","Cloak And Dagger","Prepared+1","Clumsy","Accuracy+1","Catalyst+1"],"special_seed":0,"relics":["Ring of the Snake","Pocketwatch","Matryoshka","Cursed Key","PreservedInsect","Happy Flower","Bronze Scales","Centennial Puzzle","Pen Nib","Orichalcum","Strawberry","Eternal Feather","Omamori","Art of War","Smiling Mask","StoneCalendar","Paper Crane","Incense Burner"],"potions_floor_usage":[33,33,40,48,50,50],"damage_taken":[{"damage":3.0,"enemies":"Jaw Worm","floor":1.0,"turns":7.0},{"damage":0.0,"enemies":"2 Louse","floor":5.0,"turns":2.0},{"damage":0.0,"enemies":"Gremlin Nob","floor":6.0,"turns":2.0},{"damage":0.0,"enemies":"Cultist","floor":7.0,"turns":6.0},{"damage":17.0,"enemies":"Lagavulin","floor":8.0,"turns":11.0},{"damage":8.0,"enemies":"Large Slime","floor":11.0,"turns":6.0},{"damage":5.0,"enemies":"Exordium Wildlife","floor":14.0,"turns":4.0},{"damage":2.0,"enemies":"The Guardian","floor":16.0,"turns":10.0},{"damage":10.0,"enemies":"Chosen","floor":18.0,"turns":6.0},{"damage":0.0,"enemies":"2 Thieves","floor":21.0,"turns":5.0},{"damage":0,"enemies":"Snake Plant","floor":22,"turns":7},{"damage":0,"enemies":"Gremlin Leader","floor":23,"turns":7},{"damage":0,"enemies":"Slavers","floor":25,"turns":7},{"damage":5,"enemies":"Gremlin Leader","floor":28,"turns":5},{"damage":0,"enemies":"Sentry and Sphere","floor":31,"turns":5},{"damage":8,"enemies":"Champ","floor":33,"turns":10},{"damage":0,"enemies":"3 Darklings","floor":35,"turns":7},{"damage":5,"enemies":"Orb Walker","floor":36,"turns":3},{"damage":0,"enemies":"Nemesis","floor":40,"turns":5},{"damage":6,"enemies":"Sphere and 2 Shapes","floor":44,"turns":7},{"damage":0,"enemies":"4 Shapes","floor":46,"turns":4},{"damage":3,"enemies":"Giant Head","floor":48,"turns":7},{"damage":16,"enemies":"Time Eater","floor":50,"turns":6}],"seed_played":"2969539584636403920","potions_obtained":[{"floor":1.0,"key":"SmokeBomb"},{"floor":8.0,"key":"Poison Potion"},{"floor":11.0,"key":"Block Potion"},{"floor":16.0,"key":"EssenceOfSteel"},{"floor":22,"key":"Dexterity Potion"},{"floor":36,"key":"PowerPotion"},{"floor":48,"key":"Strength Potion"}],"is_trial":false,"path_per_floor":["M","?","?","?","M","E","M","E","T","R","M","?","R","M","R","B",null,"M","$","?","M","M","E","R","E","T","R","E","$","R","M","R","B",null,"M","M","?","?","T","E","R","$","T","M","R","M","R","E","R","B",null],"character_chosen":"THE_SILENT","items_purchased":["PiercingWail","PreservedInsect","Accuracy","Strawberry","Accuracy","StoneCalendar","PowerPotion","GamblersBrew"],"campfire_rested":0,"item_purchase_floors":[19,19,29,29,42,42,42,42],"current_hp_per_floor":[60,60,60,60,60,60,60,43,43,43,35,35,35,30,30,28,56,46,46,32,32,32,32,32,32,32,32,27,34,34,34,34,26,36,36,31,31,31,31,31,39,39,39,33,39,39,39,36,39,23],"gold":155,"neow_bonus":"TRANSFORM_CARD","is_prod":false,"is_daily":false,"chose_seed":false,"campfire_upgraded":11,"win_rate":0,"timestamp":1548624385,"path_taken":["M","?","?","?","?","E","M","E","T","R","M","?","R","M","R","BOSS","M","$","?","M","M","E","R","E","T","R","E","$","R","M","R","BOSS","M","M","?","?","?","E","R","$","T","?","R","M","R","E","R","BOSS"],"build_version":"2019-01-23","purchased_purges":3,"victory":true,"max_hp_per_floor":[70,65,65,65,65,65,65,65,65,65,65,65,65,65,65,65,65,65,65,32,32,32,32,32,32,32,32,32,39,39,39,39,39,39,39,39,39,39,39,39,39,39,39,39,39,39,39,39,39,39],"card_choices":[{"not_picked":["Well Laid Plans","Flying Knee"],"picked":"Blade Dance","floor":1.0},{"not_picked":["Setup","Poisoned Stab"],"picked":"Backflip","floor":5.0},{"not_picked":["Prepared","Bane"],"picked":"Noxious Fumes","floor":7.0},{"not_picked":["Noxious Fumes","Backflip"],"picked":"Leg Sweep","floor":8.0},{"not_picked":["Slice","Riddle With Holes","Outmaneuver"],"picked":"SKIP","floor":11.0},{"not_picked":["Blade Dance","Slice"],"picked":"Finisher","floor":14.0},{"not_picked":["Burst","Doppelganger"],"picked":"Tools of the Trade","floor":16.0},{"not_picked":["Caltrops","Deflect","Poisoned Stab+1"],"picked":"SKIP","floor":18.0},{"not_picked":["Heel Hook","Deflect"],"picked":"Cloak And Dagger","floor":21.0},{"not_picked":["Acrobatics","Poisoned Stab+1"],"picked":"Cloak And Dagger+1","floor":22},{"not_picked":["Leg Sweep","Underhanded Strike"],"picked":"Infinite Blades","floor":23},{"not_picked":["Infinite Blades","Grand Finale"],"picked":"Well Laid Plans+1","floor":25},{"not_picked":["Acrobatics","Reflex","Leg Sweep"],"picked":"SKIP","floor":28},{"not_picked":["Masterful Stab","Acrobatics"],"picked":"Terror","floor":31},{"not_picked":["Phantasmal Killer","Grand Finale"],"picked":"Night Terror","floor":33},{"not_picked":["Backstab","Sucker Punch+1"],"picked":"Cloak And Dagger","floor":35},{"not_picked":["Deadly Poison+1","Bouncing Flask+1"],"picked":"Prepared+1","floor":36},{"not_picked":["Heel Hook+1","Poisoned Stab","Dagger Throw"],"picked":"SKIP","floor":40},{"not_picked":["Dagger Throw","Concentrate","Dagger Spray+1"],"picked":"SKIP","floor":44},{"not_picked":["Deflect","Dodge and Roll+1"],"picked":"Catalyst+1","floor":46},{"not_picked":["Bane","Acrobatics","Dagger Spray"],"picked":"SKIP","floor":48}],"player_experience":144608,"relics_obtained":[{"floor":8.0,"key":"Pocketwatch"},{"floor":9.0,"key":"Matryoshka"},{"floor":23,"key":"Happy Flower"},{"floor":25,"key":"Bronze Scales"},{"floor":26,"key":"Centennial Puzzle"},{"floor":26,"key":"Pen Nib"},{"floor":28,"key":"Orichalcum"},{"floor":39,"key":"Omamori"},{"floor":39,"key":"Art of War"},{"floor":40,"key":"Smiling Mask"},{"floor":43,"key":"Paper Crane"},{"floor":48,"key":"Incense Burner"}],"event_choices":[{"damage_healed":0.0,"max_hp_gain":0.0,"max_hp_loss":5.0,"gold_gain":0.0,"event_name":"Golden Idol","player_choice":"Lose Max HP","floor":2.0,"gold_loss":0.0,"damage_taken":0.0,"relics_obtained":["Golden Idol"]},{"damage_healed":0.0,"max_hp_gain":0.0,"max_hp_loss":0.0,"gold_gain":175.0,"event_name":"Liars Game","player_choice":"AGREE","floor":3.0,"gold_loss":0.0,"damage_taken":0.0,"cards_obtained":["Doubt"]},{"damage_healed":0.0,"max_hp_gain":0.0,"max_hp_loss":0.0,"gold_gain":0.0,"event_name":"Accursed Blacksmith","player_choice":"Forge","floor":4.0,"gold_loss":0.0,"damage_taken":0.0,"cards_upgraded":["Neutralize"]},{"cards_removed":["Strike_G"],"damage_healed":0.0,"max_hp_gain":0.0,"max_hp_loss":0.0,"gold_gain":0.0,"event_name":"Living Wall","player_choice":"Forget","floor":12.0,"gold_loss":0.0,"damage_taken":0.0},{"damage_healed":0.0,"max_hp_gain":0.0,"max_hp_loss":33.0,"gold_gain":0.0,"event_name":"Ghosts","player_choice":"Became a Ghost","floor":20.0,"gold_loss":0.0,"damage_taken":0.0,"cards_obtained":["Ghostly","Ghostly","Ghostly","Ghostly","Ghostly"]},{"damage_healed":0,"gold_gain":0,"player_choice":"Ignored","damage_taken":0,"max_hp_gain":0,"max_hp_loss":0,"event_name":"Tomb of Lord Red Mask","floor":37,"gold_loss":0},{"damage_healed":0,"gold_gain":333,"player_choice":"Gave Idol","damage_taken":0,"max_hp_gain":0,"max_hp_loss":0,"event_name":"The Moai Head","floor":38,"relics_lost":["Golden Idol"],"gold_loss":0}],"is_beta":false,"boss_relics":[{"not_picked":["Runic Dome","Empty Cage"],"picked":"Cursed Key"},{"not_picked":["Calling Bell","Coffee Dripper"],"picked":"Eternal Feather"}],"items_purged_floors":[19,29,42],"is_endless":false,"potions_floor_spawned":[1,8,11,16,18,22,25,31,36,46,48],"ascension_level":11}