{"gold_per_floor":[116,116,126,137,137,137,101,101,101,111,36,53,53,65,65,163,163],"floor_reached":17,"playtime":561,"items_purged":["Strike_B"],"score":147,"play_id":"df10e415-86b6-4526-b1bb-af60270ada9f","local_time":"20181107233641","is_ascension_mode":false,"campfire_choices":[{"data":"Dualcast","floor":6.0,"key":"SMITH"},{"data":"Defragment","floor":8.0,"key":"SMITH"},{"data":"Zap","floor":13.0,"key":"SMITH"},{"data":"Go for the Eyes","floor":15,"key":"SMITH"}],"neow_cost":"PERCENT_DAMAGE","seed_source_timestamp":2091123448157579,"circlet_count":0,"master_deck":["Strike_B+1","Strike_B","Strike_B","Defend_B+1","Defend_B","Defend_B","Zap+1","Dualcast+1","Undo","Go for the Eyes+1","Defragment+1","Coolheaded","Rainbow"],"special_seed":0,"relics":["Cracked Core","WingedGreaves","Blue Candle","Inserter"],"potions_floor_usage":[14],"damage_taken":[{"damage":0.0,"enemies":"Small Slimes","floor":1.0,"turns":3.0},{"damage":0.0,"enemies":"Cultist","floor":3.0,"turns":3.0},{"damage":1.0,"enemies":"Jaw Worm","floor":4.0,"turns":4.0},{"damage":0.0,"enemies":"2 Fungi Beasts","floor":10.0,"turns":3.0},{"damage":0.0,"enemies":"Blue Slaver","floor":12.0,"turns":3.0},{"damage":4,"enemies":"Gremlin Gang","floor":14,"turns":4},{"damage":12,"enemies":"The Guardian","floor":16,"turns":12}],"seed_played":"-4637782514799187367","potions_obtained":[{"floor":1.0,"key":"Swift Potion"},{"floor":10.0,"key":"SteroidPotion"}],"is_trial":false,"path_per_floor":["M","?","M","M","?","R","$","R","T","M","$","M","R","M","R","B",null],"character_chosen":"DEFECT","items_purchased":["Defragment"],"campfire_rested":0,"item_purchase_floors":[7],"current_hp_per_floor":[54,54,54,53,38,38,38,38,38,38,38,38,38,34,34,22,22],"gold":163,"neow_bonus":"ONE_RARE_RELIC","is_prod":false,"is_daily":false,"chose_seed":false,"campfire_upgraded":4,"win_rate":0,"timestamp":1541633801,"path_taken":["M","?","M","?","?","R","$","R","T","M","$","M","R","M","R","BOSS"],"build_version":"2018-11-01","purchased_purges":1,"victory":false,"max_hp_per_floor":[75,75,75,75,75,75,75,75,75,75,75,75,75,75,75,75,75],"card_choices":[{"not_picked":["Auto Shields","Stack"],"picked":"Undo","floor":1.0},{"not_picked":["Consume","Compile Driver"],"picked":"Go for the Eyes","floor":3.0},{"not_picked":["Go for the Eyes","Gash","Cold Snap"],"picked":"SKIP","floor":4.0},{"not_picked":["Barrage","Beam Cell","Sweeping Beam"],"picked":"SKIP","floor":10.0},{"not_picked":["Leap","Melter"],"picked":"Coolheaded","floor":12.0},{"not_picked":["Streamline","All For One","White Noise"],"picked":"SKIP","floor":14},{"not_picked":["Machine Learning","Seek"],"picked":"Rainbow","floor":16}],"player_experience":768619,"relics_obtained":[{"floor":9.0,"key":"Blue Candle"}],"event_choices":[{"cards_removed":["Defend_B"],"damage_healed":0.0,"max_hp_gain":0.0,"max_hp_loss":0.0,"gold_gain":0.0,"event_name":"Bonfire Elementals","player_choice":"Offered Basic","floor":2.0,"gold_loss":0.0,"damage_taken":0.0},{"damage_healed":0.0,"max_hp_gain":0.0,"max_hp_loss":0.0,"gold_gain":0.0,"event_name":"Shining Light","player_choice":"Entered Light","floor":5.0,"gold_loss":0.0,"damage_taken":15.0,"cards_upgraded":["Strike_B","Defend_B"]}],"is_beta":false,"boss_relics":[{"not_picked":["Nuclear Battery","Velvet Choker"],"picked":"Inserter"}],"items_purged_floors":[11],"is_endless":false,"potions_floor_spawned":[1,10],"ascension_level":0}