{"gold_per_floor":[116,129,129,129,139,139,159,171,171,171,171,171,191,210,210,285,285,302,302,227,237,31,31,61,80,105,105,155,169,169,169,169,242,242,256,306,317,35,45,45,57,57,57,0,0,20,20,20,20,20],"floor_reached":51,"playtime":3719,"items_purged":[],"score":1178,"play_id":"6b69ffad-39ff-41fe-a7b9-703acaa70d58","local_time":"20181221223215","is_ascension_mode":true,"campfire_choices":[{"data":"Survivor","floor":6.0,"key":"SMITH"},{"data":"Footwork","floor":12.0,"key":"SMITH"},{"data":"Terror","floor":15.0,"key":"SMITH"},{"data":"Apotheosis","floor":23.0,"key":"SMITH"},{"floor":27.0,"key":"REST"},{"floor":32.0,"key":"REST"},{"floor":40.0,"key":"REST"},{"floor":42.0,"key":"REST"},{"floor":45.0,"key":"REST"},{"data":"After Image","floor":47.0,"key":"SMITH"},{"floor":49.0,"key":"REST"}],"neow_cost":"NONE","seed_source_timestamp":386569738482160,"circlet_count":0,"master_deck":["AscendersBane","Defend_G","Defend_G","Defend_G+1","Strike_G","Strike_G","Strike_G","Survivor+1","Neutralize+1","Backflip","Quick Slash","Cloak And Dagger","Footwork+1","Backflip","Dash","Terror+1","Bullet Time","Dodge and Roll+1","Apotheosis+1","Prepared","Endless Agony+1","J.A.X.","Decay","After Image+1","Deflect","Leg Sweep","Footwork","Dodge and Roll","Sucker Punch"],"special_seed":0,"relics":["Empty Cage","Letter Opener","Sozu","Dodecahedron","Snake Skull","Philosopher\u0027s Stone","Kunai","Shuriken","Question Card"],"potions_floor_usage":[],"damage_taken":[{"damage":7.0,"enemies":"Small Slimes","floor":1.0,"turns":5.0},{"damage":4.0,"enemies":"2 Louse","floor":2.0,"turns":4.0},{"damage":0.0,"enemies":"Cultist","floor":5.0,"turns":4.0},{"damage":0.0,"enemies":"3 Louse","floor":7.0,"turns":4.0},{"damage":0.0,"enemies":"Large Slime","floor":8.0,"turns":9.0},{"damage":0.0,"enemies":"Exordium Wildlife","floor":13.0,"turns":4.0},{"damage":0.0,"enemies":"Blue Slaver","floor":14.0,"turns":4.0},{"damage":19.0,"enemies":"Hexaghost","floor":16.0,"turns":13.0},{"damage":0.0,"enemies":"Chosen","floor":18.0,"turns":6.0},{"damage":11.0,"enemies":"Spheric Guardian","floor":21.0,"turns":6.0},{"damage":10.0,"enemies":"Book of Stabbing","floor":24.0,"turns":6.0},{"damage":15.0,"enemies":"Snake Plant","floor":25.0,"turns":4.0},{"damage":6.0,"enemies":"Shelled Parasite and Fungi","floor":29.0,"turns":6.0},{"damage":20.0,"enemies":"Champ","floor":33.0,"turns":14.0},{"damage":21.0,"enemies":"3 Darklings","floor":35.0,"turns":5.0},{"damage":0.0,"enemies":"Orb Walker","floor":37.0,"turns":4.0},{"damage":10.0,"enemies":"Maw","floor":39.0,"turns":8.0},{"damage":23.0,"enemies":"Jaw Worm Horde","floor":41.0,"turns":6.0},{"damage":5.0,"enemies":"4 Shapes","floor":46.0,"turns":7.0},{"damage":49,"enemies":"Time Eater","floor":50,"turns":17}],"seed_played":"-2136816560855223820","potions_obtained":[{"floor":5.0,"key":"Strength Potion"},{"floor":7.0,"key":"GhostInAJar"}],"is_trial":false,"path_per_floor":["M","M","?","?","M","R","M","M","T","?","?","R","M","M","R","B",null,"M","?","?","M","$","R","E","M","T","R","?","M","?","?","R","B",null,"M","?","M","$","M","R","M","R","T","?","R","M","R","$","R","B",null],"character_chosen":"THE_SILENT","items_purchased":["Apotheosis","Kunai"],"campfire_rested":6,"item_purchase_floors":[22,38],"current_hp_per_floor":[52,48,28,28,28,28,28,28,28,28,28,28,28,28,28,9,52,52,52,52,41,41,41,31,16,16,35,35,29,29,29,48,28,57,36,36,36,36,26,45,22,41,41,41,60,55,55,55,66,17],"gold":20,"neow_bonus":"BOSS_RELIC","is_prod":false,"is_daily":false,"chose_seed":false,"campfire_upgraded":5,"win_rate":0,"timestamp":1545460335,"path_taken":["M","M","?","?","M","R","M","M","T","?","?","R","?","M","R","BOSS","M","?","?","M","$","R","E","M","T","R","?","?","?","?","R","BOSS","M","?","?","$","M","R","M","R","T","?","R","M","R","?","R","BOSS"],"build_version":"2018-12-20","purchased_purges":0,"victory":true,"max_hp_per_floor":[66,66,66,66,66,66,66,66,66,66,66,66,66,66,66,66,66,66,66,66,66,66,66,66,66,66,66,66,66,66,66,66,66,66,66,66,66,66,66,66,66,66,66,66,66,66,66,66,66,66],"card_choices":[{"not_picked":["Eviscerate","Flechettes"],"picked":"Backflip","floor":1.0},{"not_picked":["Underhanded Strike","Poisoned Stab"],"picked":"Quick Slash","floor":2.0},{"not_picked":["Sucker Punch","Accuracy"],"picked":"Cloak And Dagger","floor":5.0},{"not_picked":["Poisoned Stab","Acrobatics"],"picked":"Footwork","floor":7.0},{"not_picked":["Cloak And Dagger","Underhanded Strike"],"picked":"Backflip","floor":8.0},{"not_picked":["Outmaneuver","Prepared"],"picked":"Terror","floor":13.0},{"not_picked":["Reflex","Outmaneuver","Acrobatics"],"picked":"SKIP","floor":14.0},{"not_picked":["Unload","Storm of Steel"],"picked":"Bullet Time","floor":16.0},{"not_picked":["Blade Dance","Flying Knee","Setup"],"picked":"SKIP","floor":18.0},{"not_picked":["Sucker Punch","Backflip"],"picked":"Dodge and Roll+1","floor":21.0},{"not_picked":["Outmaneuver+1","Underhanded Strike+1"],"picked":"Prepared","floor":24.0},{"not_picked":["Cloak And Dagger","Finisher"],"picked":"Endless Agony+1","floor":25.0},{"not_picked":["Skewer","Outmaneuver","Bane"],"picked":"SKIP","floor":29.0},{"not_picked":["Phantasmal Killer","Wraith Form v2"],"picked":"After Image","floor":33.0},{"not_picked":["Dagger Spray+1","Quick Slash"],"picked":"Deflect","floor":35.0},{"not_picked":["Calculated Gamble+1","Dash"],"picked":"Leg Sweep","floor":37.0},{"not_picked":["Dash","Slice"],"picked":"Footwork","floor":39.0},{"not_picked":["Underhanded Strike","Outmaneuver"],"picked":"Dodge and Roll","floor":41.0},{"not_picked":["After Image","Blade Dance","Bane"],"picked":"Sucker Punch","floor":46.0}],"player_experience":181272,"relics_obtained":[{"floor":9.0,"key":"Letter Opener"},{"floor":24.0,"key":"Dodecahedron"},{"floor":26.0,"key":"Snake Skull"},{"floor":43.0,"key":"Shuriken"}],"event_choices":[{"damage_healed":0.0,"max_hp_gain":0.0,"max_hp_loss":0.0,"gold_gain":0.0,"event_name":"Shining Light","player_choice":"Entered Light","floor":3.0,"gold_loss":0.0,"damage_taken":20.0,"cards_upgraded":["Neutralize","Defend_G"]},{"damage_healed":0.0,"max_hp_gain":0.0,"max_hp_loss":0.0,"gold_gain":0.0,"event_name":"Scrap Ooze","player_choice":"Fled","floor":4.0,"gold_loss":0.0,"damage_taken":0.0},{"damage_healed":0.0,"max_hp_gain":0.0,"max_hp_loss":0.0,"gold_gain":0.0,"event_name":"Liars Game","player_choice":"Ignored","floor":10.0,"gold_loss":0.0,"damage_taken":0.0},{"damage_healed":0.0,"max_hp_gain":0.0,"max_hp_loss":0.0,"gold_gain":0.0,"cards_transformed":["Defend_G"],"event_name":"Transmorgrifier","player_choice":"Transformed","floor":11.0,"gold_loss":0.0,"damage_taken":0.0,"cards_obtained":["Dash"]},{"damage_healed":0.0,"max_hp_gain":0.0,"max_hp_loss":0.0,"gold_gain":0.0,"event_name":"Cursed Tome","player_choice":"Ignored","floor":19.0,"gold_loss":0.0,"damage_taken":0.0},{"cards_removed":["Strike_G"],"damage_healed":0.0,"max_hp_gain":0.0,"max_hp_loss":0.0,"gold_gain":0.0,"event_name":"Beggar","player_choice":"Gave Gold","floor":20.0,"gold_loss":75.0,"damage_taken":0.0},{"damage_healed":0.0,"max_hp_gain":0.0,"max_hp_loss":0.0,"gold_gain":50.0,"event_name":"Nest","player_choice":"Stole From Cult","floor":28.0,"gold_loss":0.0,"damage_taken":0.0},{"damage_healed":0.0,"max_hp_gain":0.0,"max_hp_loss":0.0,"gold_gain":0.0,"event_name":"Drug Dealer","player_choice":"Obtain J.A.X.","floor":30.0,"gold_loss":0.0,"damage_taken":0.0,"cards_obtained":["J.A.X."]},{"damage_healed":0.0,"max_hp_gain":0.0,"max_hp_loss":0.0,"gold_gain":0.0,"event_name":"Forgotten Altar","player_choice":"Smashed Altar","floor":31.0,"gold_loss":0.0,"damage_taken":0.0,"cards_obtained":["Decay"]},{"damage_healed":0.0,"max_hp_gain":0.0,"max_hp_loss":0.0,"gold_gain":50.0,"event_name":"Golden Shrine","player_choice":"Pray","floor":36.0,"gold_loss":0.0,"damage_taken":0.0},{"damage_healed":0.0,"max_hp_gain":0.0,"max_hp_loss":0.0,"gold_gain":0.0,"event_name":"WeMeetAgain","player_choice":"Paid Gold","floor":44.0,"gold_loss":57.0,"damage_taken":0.0,"relics_obtained":["Question Card"]}],"is_beta":false,"boss_relics":[{"not_picked":["Astrolabe","Busted Crown"],"picked":"Sozu"},{"not_picked":["Coffee Dripper","WristBlade"],"picked":"Philosopher\u0027s Stone"}],"items_purged_floors":[],"is_endless":false,"potions_floor_spawned":[5,7,16,18,21,46],"ascension_level":18}