{"gold_per_floor":[114,364,379,8,19,19,32,44,68,68,86,96,96,114,114,217,217,217],"floor_reached":18,"playtime":920,"items_purged":["Regret"],"score":218,"play_id":"95fc1e60-d41b-4039-8a06-ff2bf146136f","local_time":"20180725195053","is_ascension_mode":true,"campfire_choices":[{"floor":6.0,"key":"DIG"},{"floor":10.0,"key":"REST"},{"floor":13.0,"key":"REST"},{"floor":15.0,"key":"REST"}],"neow_cost":"TEN_PERCENT_HP_LOSS","seed_source_timestamp":0,"circlet_count":0,"master_deck":["Strike_B","Strike_B","Strike_B","Strike_B","Defend_B","Defend_B","Defend_B","Defend_B","Zap","Dualcast","Leap","Defragment","Turbo","Steam","Double Energy","Sunder","Turbo","Go for the Eyes","Buffer"],"special_seed":0,"relics":["Cracked Core","Shovel","Symbiotic Virus","Strawberry","Art of War","Fusion Hammer"],"potions_floor_usage":[18],"damage_taken":[{"damage":4.0,"enemies":"Small Slimes","floor":1.0,"turns":3.0},{"damage":3.0,"enemies":"Cultist","floor":3.0,"turns":4.0},{"damage":3.0,"enemies":"2 Louse","floor":5.0,"turns":4.0},{"damage":40.0,"enemies":"Gremlin Gang","floor":7.0,"turns":5.0},{"damage":17.0,"enemies":"3 Louse","floor":8.0,"turns":3.0},{"damage":0.0,"enemies":"2 Fungi Beasts","floor":11.0,"turns":3.0},{"damage":16.0,"enemies":"Blue Slaver","floor":12.0,"turns":4.0},{"damage":9.0,"enemies":"3 Louse","floor":14.0,"turns":3.0},{"damage":22.0,"enemies":"Slime Boss","floor":16.0,"turns":8.0},{"damage":25,"enemies":"3 Byrds","floor":18,"turns":3}],"seed_played":"-962073335248287594","potions_obtained":[{"floor":1.0,"key":"SpeedPotion"},{"floor":7.0,"key":"Energy Potion"},{"floor":14.0,"key":"Fruit Juice"},{"floor":16.0,"key":"Weak Potion"}],"is_trial":false,"path_per_floor":["M","?","M","$","M","R","M","M","T","R","M","M","R","M","R","B",null],"character_chosen":"DEFECT","items_purchased":["Turbo","Symbiotic Virus"],"campfire_rested":3,"item_purchase_floors":[4,4],"current_hp_per_floor":[64,64,61,61,58,65,25,8,8,30,30,14,36,27,49,27,63,43],"gold":217,"neow_bonus":"ONE_RARE_RELIC","is_prod":false,"is_daily":false,"chose_seed":false,"campfire_upgraded":0,"win_rate":0,"timestamp":1532562653,"path_taken":["M","?","?","$","M","R","M","?","T","R","M","M","R","M","R","BOSS","M"],"build_version":"2018-07-19v2","purchased_purges":1,"victory":false,"max_hp_per_floor":[68,68,68,68,68,75,75,75,75,75,75,75,75,75,75,75,75,80],"card_choices":[{"not_picked":["Undo","Sunder"],"picked":"Leap","floor":1.0},{"not_picked":["Hologram","Stack"],"picked":"Defragment","floor":3.0},{"not_picked":["Streamline","Barrage"],"picked":"Steam","floor":5.0},{"not_picked":["Sweeping Beam","Rip and Tear"],"picked":"Double Energy","floor":7.0},{"not_picked":["Genetic Algorithm","Sweeping Beam"],"picked":"Sunder","floor":8.0},{"not_picked":["Fission","Cold Snap"],"picked":"Turbo","floor":11.0},{"not_picked":["Beam Cell","Aggregate"],"picked":"Go for the Eyes","floor":12.0},{"not_picked":["Recycle","Barrage","Turbo"],"picked":"SKIP","floor":14.0},{"not_picked":["Hyperbeam","Multi-Cast"],"picked":"Buffer","floor":16.0}],"player_experience":493248,"relics_obtained":[{"floor":6.0,"key":"Strawberry"},{"floor":9.0,"key":"Art of War"}],"event_choices":[{"event_name":"Golden Shrine","player_choice":"Desecrate","floor":2.0,"damage_taken":0.0}],"is_beta":false,"boss_relics":[{"not_picked":["Black Star","Cursed Key"],"picked":"Fusion Hammer"}],"items_purged_floors":[4],"is_endless":false,"potions_floor_spawned":[1,7,14,16],"killed_by":"3 Byrds","ascension_level":8}