{"gold_per_floor":[114,125,144,159,171,171,197,197,267,281,298,298,323,353,353,455,455,475,475,97,112,112,147,147,179,179,179,189,189,189,215,215,215],"floor_reached":33,"playtime":2415,"items_purged":[],"score":650,"play_id":"b5677593-a926-4966-a9f4-45672af1df13","local_time":"20181101230434","is_ascension_mode":true,"campfire_choices":[{"data":"Choke","floor":6.0,"key":"SMITH"},{"data":"Blade Dance","floor":8.0,"key":"SMITH"},{"data":"Blade Dance","floor":15.0,"key":"SMITH"},{"data":"Ghostly","floor":24,"key":"SMITH"},{"data":"Ghostly","floor":30,"key":"SMITH"},{"data":"Ghostly","floor":32,"key":"SMITH"}],"neow_cost":"NONE","seed_source_timestamp":367481479120346,"circlet_count":0,"master_deck":["AscendersBane","Defend_G","Defend_G","Defend_G","Defend_G","Defend_G","Strike_G","Strike_G","Strike_G","Strike_G","Strike_G","Survivor","Neutralize","Choke+1","Masterful Stab","Blade Dance+1","Blade Dance+1","Escape Plan","Acrobatics","Well Laid Plans","Footwork","Finisher","Escape Plan","Venomology","Dagger Spray+1","Ghostly+1","Ghostly+1","Ghostly+1","Ghostly","Ghostly","Panache","Blade Dance","Prepared","Dagger Spray+1","Writhe","Accuracy+1"],"special_seed":0,"relics":["Ring of the Snake","Gambling Chip","Pantograph","WingedGreaves","Anchor","Pear","Sozu","Sling","Bag of Preparation","Strawberry","Frozen Egg 2","Mercury Hourglass","Unceasing Top","Dream Catcher"],"potions_floor_usage":[18,33],"damage_taken":[{"damage":0.0,"enemies":"2 Louse","floor":1.0,"turns":3.0},{"damage":1.0,"enemies":"Small Slimes","floor":2.0,"turns":4.0},{"damage":2.0,"enemies":"Jaw Worm","floor":3.0,"turns":3.0},{"damage":9.0,"enemies":"Looter","floor":4.0,"turns":3.0},{"damage":0.0,"enemies":"2 Fungi Beasts","floor":5.0,"turns":4.0},{"damage":22.0,"enemies":"Lagavulin","floor":7.0,"turns":5.0},{"damage":6.0,"enemies":"Blue Slaver","floor":10.0,"turns":3.0},{"damage":1.0,"enemies":"Exordium Thugs","floor":11.0,"turns":4.0},{"damage":3.0,"enemies":"Gremlin Nob","floor":13.0,"turns":3.0},{"damage":22.0,"enemies":"Lagavulin","floor":14.0,"turns":5.0},{"damage":33.0,"enemies":"Slime Boss","floor":16.0,"turns":10.0},{"damage":1,"enemies":"2 Thieves","floor":18,"turns":3},{"damage":0,"enemies":"3 Byrds","floor":21,"turns":2},{"damage":0,"enemies":"Gremlin Leader","floor":23,"turns":5},{"damage":0,"enemies":"Slavers","floor":25,"turns":3},{"damage":0,"enemies":"3 Cultists","floor":28,"turns":3},{"damage":0,"enemies":"Gremlin Leader","floor":31,"turns":3},{"damage":84,"enemies":"Champ","floor":33,"turns":13}],"seed_played":"169827560372509742","potions_obtained":[{"floor":3.0,"key":"SteroidPotion"},{"floor":5.0,"key":"Ancient Potion"},{"floor":7.0,"key":"Strength Potion"},{"floor":14.0,"key":"GhostInAJar"},{"floor":16.0,"key":"Fruit Juice"}],"is_trial":false,"path_per_floor":["M","M","M","M","M","R","E","R","T","M","M","?","E","E","R","B",null,"M","?","$","M","T","E","R","E","T","?","M","?","R","E","R","B"],"character_chosen":"THE_SILENT","items_purchased":["Panache","Sling"],"campfire_rested":0,"item_purchase_floors":[20,20],"current_hp_per_floor":[70,69,67,58,58,58,36,36,36,30,29,26,23,11,11,3,66,70,46,46,46,46,53,53,53,53,45,45,45,45,45,45,0],"gold":215,"neow_bonus":"TEN_PERCENT_HP_BONUS","is_prod":false,"is_daily":false,"chose_seed":false,"campfire_upgraded":6,"win_rate":0,"timestamp":1541138674,"path_taken":["M","M","M","M","M","R","E","R","T","M","M","?","E","E","R","BOSS","M","?","$","M","?","E","R","E","T","?","M","?","R","E","R","BOSS"],"build_version":"2018-11-01","purchased_purges":0,"victory":false,"max_hp_per_floor":[77,77,77,77,77,77,77,77,77,77,77,77,77,87,87,87,87,92,46,46,46,46,53,53,53,53,58,58,58,58,58,58,58],"card_choices":[{"not_picked":["Blade Dance","Underhanded Strike"],"picked":"Choke","floor":1.0},{"not_picked":["Footwork","Flying Knee"],"picked":"Masterful Stab","floor":2.0},{"not_picked":["Outmaneuver","Eviscerate"],"picked":"Blade Dance","floor":3.0},{"not_picked":["Outmaneuver","Catalyst"],"picked":"Blade Dance","floor":4.0},{"not_picked":["Underhanded Strike","Setup"],"picked":"Escape Plan","floor":5.0},{"not_picked":["Skewer","Sucker Punch"],"picked":"Acrobatics","floor":7.0},{"not_picked":["Expertise","Dodge and Roll"],"picked":"Well Laid Plans","floor":10.0},{"not_picked":["Prepared","Cloak And Dagger"],"picked":"Footwork","floor":11.0},{"not_picked":["Accuracy","Dodge and Roll"],"picked":"Finisher","floor":13.0},{"not_picked":["Unload","Skewer"],"picked":"Escape Plan","floor":14.0},{"not_picked":["Tools of the Trade","Night Terror"],"picked":"Venomology","floor":16.0},{"not_picked":["Acrobatics","Endless Agony"],"picked":"Dagger Spray+1","floor":18},{"not_picked":["PiercingWail","Bane"],"picked":"Blade Dance","floor":21},{"not_picked":["Blade Dance","Underhanded Strike","Caltrops"],"picked":"SKIP","floor":23},{"not_picked":["Sucker Punch","Cloak And Dagger"],"picked":"Prepared","floor":25},{"not_picked":["Poisoned Stab+1","Die Die Die"],"picked":"Dagger Spray+1","floor":28},{"not_picked":["Backstab","Flying Knee"],"picked":"Accuracy+1","floor":31}],"player_experience":77666,"relics_obtained":[{"floor":7.0,"key":"Gambling Chip"},{"floor":9.0,"key":"Pantograph"},{"floor":13.0,"key":"Anchor"},{"floor":14.0,"key":"Pear"},{"floor":22,"key":"Bag of Preparation"},{"floor":23,"key":"Strawberry"},{"floor":25,"key":"Frozen Egg 2"},{"floor":26,"key":"Mercury Hourglass"},{"floor":31,"key":"Dream Catcher"}],"event_choices":[{"damage_healed":0.0,"max_hp_gain":0.0,"max_hp_loss":0.0,"gold_gain":0.0,"event_name":"Scrap Ooze","player_choice":"Success","floor":12.0,"gold_loss":0.0,"damage_taken":3.0,"relics_obtained":["WingedGreaves"]},{"damage_healed":0,"gold_gain":0,"player_choice":"Became a Ghost","damage_taken":0,"max_hp_gain":0,"max_hp_loss":46,"event_name":"Ghosts","floor":19,"gold_loss":0,"cards_obtained":["Ghostly","Ghostly","Ghostly","Ghostly","Ghostly"]},{"damage_healed":0,"gold_gain":0,"player_choice":"Shed Blood","damage_taken":13,"max_hp_gain":5,"max_hp_loss":0,"event_name":"Forgotten Altar","floor":27,"gold_loss":0},{"damage_healed":0,"gold_gain":0,"player_choice":"Opened","damage_taken":0,"relics_obtained":["Unceasing Top"],"max_hp_gain":0,"max_hp_loss":0,"event_name":"The Mausoleum","floor":29,"gold_loss":0,"cards_obtained":["Writhe"]}],"is_beta":false,"boss_relics":[{"not_picked":["Velvet Choker","WristBlade"],"picked":"Sozu"}],"items_purged_floors":[],"is_endless":false,"potions_floor_spawned":[3,5,7,14,16,21,23,25],"killed_by":"Champ","ascension_level":10}