{"gold_per_floor":[112,38,54,54,19,19,35,35,35,74,74,93,114,132,132,260,260,284,234,255,255,22,22,61,61,107,107],"floor_reached":27,"playtime":1282,"items_purged":[],"score":281,"play_id":"e5f457e0-8018-47ed-b7e0-0dbbda3e98f4","local_time":"20181221095138","daily_mods":["SealedDeck"],"is_ascension_mode":false,"campfire_choices":[{"data":"Noxious Fumes","floor":6,"key":"SMITH"},{"data":"Noxious Fumes","floor":8,"key":"SMITH"},{"data":"Dagger Spray","floor":11,"key":"SMITH"},{"data":"Skewer","floor":15,"key":"SMITH"},{"data":"Bouncing Flask","floor":23,"key":"SMITH"},{"floor":25,"key":"REST"}],"neow_cost":"","seed_source_timestamp":593125975864528,"circlet_count":0,"master_deck":["Deflect","Dodge and Roll","Flying Knee","Blur","Skewer+1","Quick Slash","Dagger Spray+1","Bane","Noxious Fumes+1","Bane","Noxious Fumes+1","Blur","Backflip","Skewer+1","Malaise","Bane+1","Bouncing Flask+1","Acrobatics"],"relics":["Ring of the Snake","Golden Idol","Molten Egg 2","Snake Skull","Philosopher\u0027s Stone","Juzu Bracelet","Orichalcum","Pen Nib"],"potions_floor_usage":[24,24],"damage_taken":[{"damage":3,"enemies":"Jaw Worm","floor":1,"turns":3},{"damage":0,"enemies":"2 Louse","floor":3,"turns":2},{"damage":0,"enemies":"Cultist","floor":7,"turns":3},{"damage":9,"enemies":"3 Sentries","floor":10,"turns":5},{"damage":3,"enemies":"Blue Slaver","floor":12,"turns":3},{"damage":0,"enemies":"Large Slime","floor":13,"turns":3},{"damage":0,"enemies":"2 Fungi Beasts","floor":14,"turns":2},{"damage":0,"enemies":"Slime Boss","floor":16,"turns":5},{"damage":18,"enemies":"2 Thieves","floor":18,"turns":3},{"damage":0,"enemies":"Shell Parasite","floor":20,"turns":5},{"damage":31,"enemies":"Gremlin Leader","floor":24,"turns":3},{"damage":51,"enemies":"Slavers","floor":27,"turns":3}],"seed_played":"-6395037100885971341","potions_obtained":[{"floor":1,"key":"Dexterity Potion"},{"floor":3,"key":"AttackPotion"},{"floor":7,"key":"Strength Potion"}],"is_trial":true,"path_per_floor":["M","$","M","?","?","R","M","R","T","E","R","M","M","M","R","B",null,"M","$","M","?","$","R","E","R","T","E"],"character_chosen":"THE_SILENT","items_purchased":["Noxious Fumes","Bane+1","Bouncing Flask","Juzu Bracelet"],"campfire_rested":1,"item_purchase_floors":[2,19,22,22],"current_hp_per_floor":[67,67,67,50,67,67,67,67,67,58,58,55,55,55,55,55,70,52,52,52,52,52,52,21,42,42,0],"gold":107,"neow_bonus":"","is_prod":false,"is_daily":false,"chose_seed":false,"campfire_upgraded":5,"win_rate":0,"timestamp":1545357098,"path_taken":["M","$","M","?","?","R","M","R","T","E","R","M","M","M","R","BOSS","M","$","M","?","$","R","E","R","T","E"],"build_version":"2018-12-20","purchased_purges":0,"victory":false,"max_hp_per_floor":[70,70,70,70,70,70,70,70,70,70,70,70,70,70,70,70,70,70,70,70,70,70,70,70,70,70,70],"card_choices":[{"not_picked":["Poisoned Stab","Masterful Stab"],"picked":"Bane","floor":1},{"not_picked":["Reflex","All Out Attack","Flechettes"],"picked":"SKIP","floor":3},{"not_picked":["Dagger Throw","Outmaneuver"],"picked":"Blur","floor":7},{"not_picked":["Flechettes+1","Doppelganger","Prepared"],"picked":"SKIP","floor":10},{"not_picked":["All Out Attack+1","Flying Knee+1"],"picked":"Backflip","floor":12},{"not_picked":["Prepared","Distraction","Acrobatics"],"picked":"SKIP","floor":13},{"not_picked":["Quick Slash+1","Acrobatics"],"picked":"Skewer+1","floor":14},{"not_picked":["Wraith Form v2","A Thousand Cuts"],"picked":"Malaise","floor":16},{"not_picked":["Distraction","Backflip","PiercingWail"],"picked":"SKIP","floor":18},{"not_picked":["Eviscerate+1","Riddle With Holes+1","Outmaneuver"],"picked":"SKIP","floor":20},{"not_picked":["Prepared+1","Doppelganger"],"picked":"Acrobatics","floor":24}],"player_experience":77212,"relics_obtained":[{"floor":9,"key":"Molten Egg 2"},{"floor":10,"key":"Snake Skull"},{"floor":24,"key":"Orichalcum"},{"floor":26,"key":"Pen Nib"}],"event_choices":[{"damage_healed":0,"gold_gain":0,"player_choice":"Take Damage","damage_taken":17,"relics_obtained":["Golden Idol"],"max_hp_gain":0,"max_hp_loss":0,"event_name":"Golden Idol","floor":4,"gold_loss":0},{"damage_healed":17,"gold_gain":0,"player_choice":"Healed","damage_taken":0,"max_hp_gain":0,"max_hp_loss":0,"event_name":"The Cleric","floor":5,"gold_loss":35},{"cards_removed":["Deflect"],"damage_healed":0,"gold_gain":0,"player_choice":"Elegance","damage_taken":0,"max_hp_gain":0,"max_hp_loss":0,"event_name":"Back to Basics","floor":21,"gold_loss":0}],"is_beta":false,"boss_relics":[{"not_picked":["Eternal Feather","Calling Bell"],"picked":"Philosopher\u0027s Stone"}],"items_purged_floors":[],"is_endless":false,"potions_floor_spawned":[1,3,7,10],"killed_by":"Slavers","ascension_level":0}