{"path_per_floor":["M","M","M","$","M","E","R","M","T","?","?","E","M","M","R"],"character_chosen":"DEFECT","items_purchased":["BootSequence"],"gold_per_floor":[111,128,142,107,124,150,150,163,218,218,218,253,272,282,282,282],"floor_reached":16,"campfire_rested":2,"playtime":1649,"item_purchase_floors":[4],"current_hp_per_floor":[69,69,68,68,60,35,57,50,50,43,48,32,32,23,47,0],"items_purged":[],"gold":282,"score":114,"play_id":"84ad1b67-e8c3-4bff-9367-444eeb48da1d","local_time":"20180621172753","is_prod":false,"is_daily":false,"chose_seed":false,"is_ascension_mode":false,"campfire_upgraded":0,"win_rate":0.0,"timestamp":1529616473,"campfire_choices":[{"floor":7,"key":"REST"},{"floor":15,"key":"REST"}],"path_taken":["M","M","M","$","M","E","R","M","T","?","?","E","M","M","R","BOSS"],"build_version":"2018-06-14v2","seed_source_timestamp":796611773960,"purchased_purges":0,"victory":false,"master_deck":["Strike_B","Strike_B","Strike_B","Strike_B","Defend_B","Defend_B","Defend_B","Zap","Dualcast","Sweeping Beam","Beam Cell","Coolheaded","BootSequence","Chill","Static Discharge","Ball Lightning","Chaos","Fission","Ball Lightning"],"max_hp_per_floor":[75,75,75,75,75,75,75,75,75,75,80,80,80,80,80,80],"relics":["Cracked Core","Potion Belt","Oddly Smooth Stone","Mercury Hourglass"],"card_choices":[{"not_picked":["Cold Snap","Hello World"],"picked":"Sweeping Beam","floor":1},{"not_picked":["Steam","Skim"],"picked":"Beam Cell","floor":2},{"not_picked":["Doom and Gloom","Streamline"],"picked":"Coolheaded","floor":3},{"not_picked":["Scrape","Conserve Battery"],"picked":"Chill","floor":5},{"not_picked":["Sweeping Beam","Seek"],"picked":"Static Discharge","floor":6},{"not_picked":["White Noise","Gash"],"picked":"Ball Lightning","floor":8},{"not_picked":["Sweeping Beam","Hologram"],"picked":"Chaos","floor":12},{"not_picked":["Cold Snap","Redo"],"picked":"Fission","floor":13},{"not_picked":["Stack","Genetic Algorithm"],"picked":"Ball Lightning","floor":14}],"player_experience":9917,"potions_floor_usage":[16,16,16],"damage_taken":[{"damage":6,"enemies":"Jaw Worm","floor":1,"turns":3},{"damage":0,"enemies":"2 Louse","floor":2,"turns":2},{"damage":1,"enemies":"Cultist","floor":3,"turns":3},{"damage":8,"enemies":"Looter","floor":5,"turns":3},{"damage":25,"enemies":"Lagavulin","floor":6,"turns":8},{"damage":7,"enemies":"3 Louse","floor":8,"turns":3},{"damage":16,"enemies":"3 Sentries","floor":12,"turns":5},{"damage":0,"enemies":"Large Slime","floor":13,"turns":5},{"damage":9,"enemies":"2 Fungi Beasts","floor":14,"turns":3},{"damage":50,"enemies":"The Guardian","floor":16,"turns":5}],"relics_obtained":[{"floor":6,"key":"Potion Belt"},{"floor":9,"key":"Oddly Smooth Stone"},{"floor":12,"key":"Mercury Hourglass"}],"event_choices":[{"event_name":"Golden Wing","player_choice":"Card Removal","floor":10,"damage_taken":0},{"event_name":"Big Fish","player_choice":"Donut","floor":11,"damage_taken":0}],"boss_relics":[],"items_purged_floors":[],"is_endless":false,"potions_floor_spawned":[5,8,12,13],"seed_played":"6315643021446551082","killed_by":"The Guardian","ascension_level":0,"potions_obtained":[{"floor":5,"key":"AttackPotion"},{"floor":8,"key":"GamblersBrew"},{"floor":12,"key":"SteroidPotion"},{"floor":13,"key":"PowerPotion"}],"is_trial":false}