{"gold_per_floor":[119,119,139,139,139,139,158,181,181,222,32,55,68,44,44,140,140,113,113,203,223,266,266],"floor_reached":23,"playtime":854,"items_purged":["Strike_B"],"score":446,"play_id":"eee332c1-b05e-4597-abfc-ef0ad3b7bcd3","local_time":"20190203220833","is_ascension_mode":true,"campfire_choices":[{"floor":6,"key":"REST"},{"data":"Buffer","floor":15,"key":"SMITH"}],"neow_cost":"NONE","seed_source_timestamp":864223717033400,"circlet_count":0,"master_deck":["AscendersBane","Strike_B","Strike_B","Strike_B","Defend_B","Defend_B","Defend_B","Defend_B","Zap","Dualcast","Coolheaded","Ball Lightning","FTL","Glacier","Buffer+1","Electrodynamics","Steam","Seek","Tempest","Beam Cell"],"relics":["Cracked Core","Golden Idol","Lantern","Letter Opener","The Courier","Inserter","Red Mask"],"potions_floor_usage":[10,10,16,23],"damage_taken":[{"damage":7,"enemies":"Jaw Worm","floor":1,"turns":3},{"damage":0,"enemies":"2 Louse","floor":3,"turns":3},{"damage":8,"enemies":"Small Slimes","floor":7,"turns":2},{"damage":9,"enemies":"Red Slaver","floor":8,"turns":2},{"damage":8,"enemies":"Gremlin Nob","floor":10,"turns":5},{"damage":11,"enemies":"Blue Slaver","floor":12,"turns":3},{"damage":0,"enemies":"Looter","floor":13,"turns":3},{"damage":0,"enemies":"Hexaghost","floor":16,"turns":12},{"damage":0,"enemies":"2 Thieves","floor":18,"turns":4},{"damage":20,"enemies":"Spheric Guardian","floor":21,"turns":6},{"damage":21,"enemies":"Masked Bandits","floor":22,"turns":3},{"damage":12,"enemies":"Book of Stabbing","floor":23,"turns":3}],"seed_played":"-373682841681100475","potions_obtained":[{"floor":5,"key":"Fire Potion"},{"floor":5,"key":"FocusPotion"},{"floor":8,"key":"FocusPotion"},{"floor":13,"key":"PowerPotion"},{"floor":22,"key":"Swift Potion"}],"is_trial":false,"path_per_floor":["M","?","M","?","?","R","M","M","T","E","$","M","M","$","R","B",null,"M","?","?","M","?","E"],"character_chosen":"DEFECT","items_purchased":["Electrodynamics","Steam"],"campfire_rested":1,"item_purchase_floors":[11,14],"current_hp_per_floor":[64,64,64,46,46,67,59,50,50,42,42,31,31,31,31,31,61,61,61,47,27,6,0],"gold":266,"neow_bonus":"TEN_PERCENT_HP_BONUS","is_prod":false,"is_daily":false,"chose_seed":false,"campfire_upgraded":1,"win_rate":0,"timestamp":1549260513,"path_taken":["M","?","M","?","?","R","M","M","T","E","$","?","M","$","R","BOSS","M","?","?","?","?","E"],"build_version":"2019-01-23","purchased_purges":1,"victory":false,"max_hp_per_floor":[78,71,71,71,71,71,71,71,71,71,71,71,71,71,71,71,71,71,71,71,71,71,71],"card_choices":[{"not_picked":["Conserve Battery","Redo"],"picked":"Coolheaded","floor":1},{"not_picked":["Leap","Cold Snap"],"picked":"Ball Lightning","floor":3},{"not_picked":["Undo","Barrage"],"picked":"FTL","floor":7},{"not_picked":["Barrage","White Noise"],"picked":"Glacier","floor":8},{"not_picked":["Amplify","Force Field"],"picked":"Buffer","floor":10},{"not_picked":["Melter","Turbo","Redo"],"picked":"SKIP","floor":12},{"not_picked":["Compile Driver","Rebound","Barrage"],"picked":"SKIP","floor":13},{"not_picked":["Multi-Cast","Fission"],"picked":"Seek","floor":16},{"not_picked":["Rebound","Tempest","Coolheaded"],"picked":"SKIP","floor":18},{"not_picked":["Melter","Gash"],"picked":"Beam Cell","floor":21}],"player_experience":1232528,"relics_obtained":[{"floor":9,"key":"Letter Opener"},{"floor":10,"key":"The Courier"},{"floor":22,"key":"Red Mask"}],"event_choices":[{"damage_healed":0,"gold_gain":0,"player_choice":"Lose Max HP","damage_taken":0,"relics_obtained":["Golden Idol"],"max_hp_gain":0,"max_hp_loss":7,"event_name":"Golden Idol","floor":2,"gold_loss":0},{"damage_healed":0,"gold_gain":0,"player_choice":"Success","damage_taken":18,"relics_obtained":["Lantern"],"max_hp_gain":0,"max_hp_loss":0,"event_name":"Scrap Ooze","floor":4,"gold_loss":0},{"damage_healed":0,"gold_gain":0,"player_choice":"Got Potions","damage_taken":0,"max_hp_gain":0,"max_hp_loss":0,"event_name":"Lab","floor":5,"gold_loss":0},{"damage_healed":0,"gold_gain":0,"player_choice":"Read","damage_taken":0,"max_hp_gain":0,"max_hp_loss":0,"event_name":"The Library","floor":19,"gold_loss":0,"cards_obtained":["Tempest"]},{"damage_healed":0,"gold_gain":90,"player_choice":"GOLD ","damage_taken":14,"max_hp_gain":0,"max_hp_loss":0,"event_name":"Knowing Skull","floor":20,"potions_obtained":[],"gold_loss":0,"cards_obtained":[]},{"damage_healed":0,"gold_gain":0,"player_choice":"Fought Bandits","damage_taken":0,"max_hp_gain":0,"max_hp_loss":0,"event_name":"Masked Bandits","floor":22,"gold_loss":0}],"is_beta":false,"boss_relics":[{"not_picked":["Busted Crown","Lizard Tail"],"picked":"Inserter"}],"items_purged_floors":[11],"is_endless":false,"potions_floor_spawned":[8,13,22],"killed_by":"Book of Stabbing","ascension_level":17}