{"gold_per_floor":[119,139,149,165,9,9,27,56,56,56,81,98,98,54,54,128,128,128,128,48,48,48],"floor_reached":22,"playtime":1710,"items_purged":[],"score":396,"play_id":"96b81bb4-4b93-4b05-a1b3-e0c557778c49","local_time":"20190206162901","is_ascension_mode":true,"campfire_choices":[{"data":"Glass Knife","floor":6,"key":"SMITH"},{"floor":13,"key":"REST"},{"data":"Footwork","floor":15,"key":"SMITH"}],"neow_cost":"NONE","seed_source_timestamp":107906380537800,"circlet_count":0,"master_deck":["AscendersBane","Defend_G","Defend_G","Defend_G","Defend_G","Defend_G","Strike_G","Strike_G","Strike_G","Strike_G","Survivor","Neutralize","Riddle With Holes","Footwork","Caltrops","Blur","Glass Knife+1","Caltrops","Backflip","Leg Sweep","Footwork+1","Wraith Form v2","All Out Attack","Adrenaline","Cloak And Dagger"],"special_seed":0,"relics":["Ring of the Snake","Ice Cream","Anchor","Happy Flower","Ectoplasm"],"potions_floor_usage":[4],"damage_taken":[{"damage":3,"enemies":"Jaw Worm","floor":1,"turns":4},{"damage":3,"enemies":"Small Slimes","floor":2,"turns":4},{"damage":1,"enemies":"Cultist","floor":3,"turns":4},{"damage":15,"enemies":"Large Slime","floor":4,"turns":7},{"damage":0,"enemies":"2 Fungi Beasts","floor":7,"turns":4},{"damage":25,"enemies":"3 Sentries","floor":8,"turns":11},{"damage":31,"enemies":"Gremlin Nob","floor":11,"turns":4},{"damage":5,"enemies":"Exordium Thugs","floor":12,"turns":5},{"damage":26,"enemies":"The Guardian","floor":16,"turns":14},{"damage":16,"enemies":"Spheric Guardian","floor":18,"turns":5},{"damage":6,"enemies":"2 Thieves","floor":20,"turns":4},{"damage":21,"enemies":"Snecko","floor":21,"turns":8},{"damage":11,"enemies":"Cultist and Chosen","floor":22,"turns":4}],"seed_played":"-8648486667031061496","potions_obtained":[{"floor":1,"key":"Fire Potion"},{"floor":12,"key":"Explosive Potion"},{"floor":16,"key":"SpeedPotion"}],"is_trial":false,"path_per_floor":["M","M","M","M","$","R","M","E","T","?","E","M","R","$","R","B",null,"M","?","M","M","M"],"character_chosen":"THE_SILENT","items_purchased":["Glass Knife","Footwork"],"campfire_rested":1,"item_purchase_floors":[5,14],"current_hp_per_floor":[62,59,58,43,43,43,43,18,18,42,11,6,27,27,27,1,54,38,38,32,11,0],"gold":48,"neow_bonus":"TEN_PERCENT_HP_BONUS","is_prod":false,"is_daily":false,"chose_seed":false,"campfire_upgraded":2,"win_rate":0,"timestamp":1549466941,"path_taken":["M","M","M","M","$","R","M","E","T","?","E","M","R","$","R","BOSS","M","?","M","?","M"],"build_version":"2019-01-23","purchased_purges":0,"victory":false,"max_hp_per_floor":[72,72,72,72,72,72,72,72,72,72,72,72,72,72,72,72,72,72,72,72,72,72],"card_choices":[{"not_picked":["PiercingWail","Sucker Punch"],"picked":"Riddle With Holes","floor":1},{"not_picked":["Backflip","Riddle With Holes"],"picked":"Footwork","floor":2},{"not_picked":["Sucker Punch","Bane"],"picked":"Caltrops","floor":3},{"not_picked":["Acrobatics","Doppelganger"],"picked":"Blur","floor":4},{"not_picked":["Backflip","Blade Dance"],"picked":"Caltrops","floor":7},{"not_picked":["Quick Slash","Dodge and Roll"],"picked":"Backflip","floor":8},{"not_picked":["Burst","Concentrate","Flying Knee"],"picked":"SKIP","floor":11},{"not_picked":["Outmaneuver","Accuracy"],"picked":"Leg Sweep","floor":12},{"not_picked":["Night Terror","Burst"],"picked":"Wraith Form v2","floor":16},{"not_picked":["Eviscerate","Cloak And Dagger"],"picked":"All Out Attack","floor":18},{"not_picked":["Blade Dance+1","Sucker Punch","Finisher"],"picked":"SKIP","floor":20},{"not_picked":["Outmaneuver","Burst"],"picked":"Cloak And Dagger","floor":21}],"player_experience":449815,"relics_obtained":[{"floor":8,"key":"Ice Cream"},{"floor":9,"key":"Anchor"},{"floor":11,"key":"Happy Flower"}],"event_choices":[{"damage_healed":24,"gold_gain":0,"player_choice":"Banana","damage_taken":0,"max_hp_gain":0,"max_hp_loss":0,"event_name":"Big Fish","floor":10,"gold_loss":0},{"damage_healed":0,"gold_gain":0,"cards_transformed":["Strike_G"],"player_choice":"Transformed","damage_taken":0,"max_hp_gain":0,"max_hp_loss":0,"event_name":"Transmorgrifier","floor":19,"gold_loss":0,"cards_obtained":["Adrenaline"]}],"is_beta":false,"boss_relics":[{"not_picked":["Lizard Tail","Tiny House"],"picked":"Ectoplasm"}],"items_purged_floors":[],"is_endless":false,"potions_floor_spawned":[1,12,16,21],"killed_by":"Cultist and Chosen","ascension_level":20}