{"gold_per_floor":[112,131,131,131,131,131,160,160,160,190,207,207,53,63,63,167,167,184,184,214,225,225,225,225],"floor_reached":24,"playtime":792,"items_purged":["Strike_B","Regret"],"score":317,"play_id":"0f31ed67-ee1c-4aef-8f2e-5f79709b7989","local_time":"20190117193524","is_ascension_mode":true,"campfire_choices":[{"data":"Bash","floor":6,"key":"SMITH"},{"floor":8,"key":"REST"},{"floor":15,"key":"REST"},{"data":"ReplayTheSpireMod:Omega Cannon","floor":23,"key":"SMITH"}],"neow_cost":"","seed_source_timestamp":697650599380494,"circlet_count":0,"master_deck":["Strike_B","Strike_B","Strike_B","Defend_B","Defend_B","Defend_B","Defend_B","Zap+1","BasicCrystalCard","Sunder","Bash+1","Auto Shields","ReplayGash","Beam Cell","Undo","Undo","Streamline","ReplayTheSpireMod:Omega Cannon+1","Leap+1","Go for the Eyes+1","D6C"],"relics":["hubris:CuriousFeather","infinitespire:SolderingIron","Iron Core","infinitespire:Golems Mask","Ornamental Fan","Thread and Needle","Velvet Choker","Tiny Chest"],"potions_floor_usage":[16],"damage_taken":[{"damage":2,"enemies":"Jaw Worm","floor":1,"turns":5},{"damage":0,"enemies":"Small Slimes","floor":2,"turns":3},{"damage":36,"enemies":"Gremlin Nob","floor":7,"turns":4},{"damage":30,"enemies":"Lagavulin","floor":10,"turns":6},{"damage":2,"enemies":"2 Louse","floor":11,"turns":3},{"damage":0,"enemies":"Red Slaver","floor":14,"turns":3},{"damage":12,"enemies":"Slime Boss","floor":16,"turns":8},{"damage":0,"enemies":"Shell Parasite","floor":18,"turns":3},{"damage":1,"enemies":"Chosen","floor":21,"turns":3},{"damage":78,"enemies":"Nightmare","floor":24,"turns":6}],"seed_played":"-5639951992213469705","potions_obtained":[{"floor":2,"key":"Energy Potion"},{"floor":14,"key":"AttackPotion"},{"floor":16,"key":"Energy Potion"},{"floor":21,"key":"Adrenaline Potion"}],"is_trial":false,"path_per_floor":["M","M","?","?","?","R","E","R","T","E","M","?","$","M","R","B",null,"M","?","?","M","?","R","NM"],"character_chosen":"DEFECT","items_purchased":["Undo"],"campfire_rested":2,"item_purchase_floors":[13],"current_hp_per_floor":[60,60,60,60,60,60,24,46,46,16,14,14,14,14,36,24,75,75,75,75,74,74,74,0],"gold":225,"neow_bonus":"","is_prod":false,"is_daily":false,"chose_seed":false,"campfire_upgraded":2,"win_rate":0,"timestamp":1547724924,"path_taken":["M","M","?","?","?","R","E","R","T","E","?","?","$","M","R","BOSS","M","?","?","?","?","R","NM"],"build_version":"2019-01-10","purchased_purges":2,"victory":false,"max_hp_per_floor":[75,75,75,75,75,75,75,75,75,75,75,75,75,75,75,75,75,75,75,75,75,75,75,75],"card_choices":[{"not_picked":["Conserve Battery","Scrape"],"picked":"BasicCrystalCard","floor":1},{"not_picked":["Aggregate","Rebound"],"picked":"Sunder","floor":2},{"not_picked":["Fusion","Storm"],"picked":"Auto Shields","floor":7},{"not_picked":["Turbo","Recycle"],"picked":"ReplayGash","floor":10},{"not_picked":["Clash","Buffer"],"picked":"Beam Cell","floor":11},{"not_picked":["Beam Cell","Barrage"],"picked":"Streamline","floor":14},{"not_picked":["Mirror Shield","Hyperbeam"],"picked":"ReplayTheSpireMod:Omega Cannon","floor":16},{"not_picked":["Turbo","Self Repair"],"picked":"Leap+1","floor":18},{"not_picked":["Barrage","Hologram+1"],"picked":"Go for the Eyes+1","floor":21}],"player_experience":125250,"relics_obtained":[{"floor":7,"key":"infinitespire:Golems Mask"},{"floor":9,"key":"Ornamental Fan"},{"floor":10,"key":"Thread and Needle"}],"event_choices":[{"damage_healed":0,"gold_gain":0,"player_choice":"Grow","damage_taken":0,"max_hp_gain":0,"max_hp_loss":0,"event_name":"Living Wall","floor":3,"gold_loss":0,"cards_upgraded":["Zap"]},{"damage_healed":0,"gold_gain":0,"player_choice":"Box","damage_taken":0,"relics_obtained":["infinitespire:SolderingIron"],"max_hp_gain":0,"max_hp_loss":0,"event_name":"Big Fish","floor":4,"gold_loss":0,"cards_obtained":["Regret"]},{"damage_healed":0,"gold_gain":0,"player_choice":"Ignored","damage_taken":0,"max_hp_gain":0,"max_hp_loss":0,"event_name":"Shining Light","floor":12,"gold_loss":0},{"damage_healed":0,"gold_gain":0,"player_choice":"Ignored","damage_taken":0,"max_hp_gain":0,"max_hp_loss":0,"event_name":"Vampires","floor":19,"gold_loss":0},{"damage_healed":0,"gold_gain":0,"player_choice":"Opened","damage_taken":0,"relics_obtained":["Tiny Chest"],"max_hp_gain":0,"max_hp_loss":0,"event_name":"The Mausoleum","floor":20,"gold_loss":0},{"damage_healed":0,"gold_gain":0,"player_choice":"Read","damage_taken":0,"max_hp_gain":0,"max_hp_loss":0,"event_name":"The Library","floor":22,"gold_loss":0,"cards_obtained":["D6C"]}],"is_beta":false,"boss_relics":[{"not_picked":["ChewingGum","Runic Dome"],"picked":"Velvet Choker"}],"items_purged_floors":[0,13],"is_endless":false,"potions_floor_spawned":[2,14,16,21],"killed_by":"Nightmare","ascension_level":1}