{"gold_per_floor":[110,120,133,144,157,157,167,72,143,143,143,181,205,230,230,359,359],"floor_reached":17,"playtime":651,"items_purged":[],"score":161,"play_id":"522e568b-216e-4fac-98e0-69d95a2b7e74","local_time":"20180827140401","is_ascension_mode":false,"campfire_choices":[{"data":"Bash","floor":6,"key":"SMITH"},{"data":"Armaments","floor":10,"key":"SMITH"},{"data":"Flex","floor":15,"key":"SMITH"}],"neow_cost":"NONE","seed_source_timestamp":0,"circlet_count":0,"master_deck":["Strike_R","Strike_R","Strike_R","Strike_R","Strike_R","Defend_R","Defend_R","Defend_R","Defend_R","Bash+1","Ghostly Armor","Flex+1","Carnage","Spot Weakness","Double Tap","Armaments+1","Uppercut","Seeing Red+1","Pommel Strike","Shockwave+1","Bludgeon"],"special_seed":0,"relics":["Burning Blood","Dream Catcher","Toxic Egg 2","Golden Idol","Blood Vial"],"potions_floor_usage":[],"damage_taken":[{"damage":5.0,"enemies":"Jaw Worm","floor":1.0,"turns":8.0},{"damage":6.0,"enemies":"Cultist","floor":2.0,"turns":3.0},{"damage":1.0,"enemies":"Small Slimes","floor":3.0,"turns":3.0},{"damage":11.0,"enemies":"2 Fungi Beasts","floor":4.0,"turns":5.0},{"damage":12.0,"enemies":"Large Slime","floor":5.0,"turns":7.0},{"damage":4,"enemies":"Exordium Thugs","floor":7,"turns":4},{"damage":27,"enemies":"3 Sentries","floor":12,"turns":8},{"damage":4,"enemies":"Exordium Wildlife","floor":13,"turns":3},{"damage":0,"enemies":"Large Slime","floor":14,"turns":3},{"damage":40,"enemies":"Slime Boss","floor":16,"turns":11}],"seed_played":"-5411635273142752182","potions_obtained":[{"floor":1.0,"key":"Energy Potion"},{"floor":4.0,"key":"Ancient Potion"},{"floor":7,"key":"Block Potion"}],"is_trial":false,"path_per_floor":["M","M","M","M","M","R","M","$","T","R","?","E","M","M","R","B"],"character_chosen":"IRONCLAD","items_purchased":["Armaments","Uppercut"],"campfire_rested":0,"item_purchase_floors":[8,8],"current_hp_per_floor":[80,80,80,75,69,69,71,71,71,71,51,30,34,42,42,10,10],"gold":359,"neow_bonus":"RANDOM_COMMON_RELIC","is_prod":false,"is_daily":false,"chose_seed":false,"campfire_upgraded":3,"win_rate":0,"timestamp":1535375041,"path_taken":["M","M","M","M","M","R","M","$","T","R","?","E","M","M","R","BOSS"],"build_version":"2018-08-23v2","purchased_purges":0,"victory":false,"max_hp_per_floor":[80,80,80,80,80,80,80,80,80,80,80,80,80,80,80,80,80],"card_choices":[{"not_picked":["Feel No Pain","Rupture","Havoc"],"picked":"SKIP","floor":1.0},{"not_picked":["Corruption","Havoc"],"picked":"Ghostly Armor","floor":2.0},{"not_picked":["Sword Boomerang","Clothesline"],"picked":"Flex","floor":3.0},{"not_picked":["Wild Strike","Body Slam"],"picked":"Carnage","floor":4.0},{"not_picked":["Feel No Pain","Clothesline"],"picked":"Spot Weakness","floor":5.0},{"not_picked":["Uppercut","Havoc"],"picked":"Double Tap","floor":7},{"not_picked":["Reckless Charge","Bloodletting+1"],"picked":"Seeing Red+1","floor":12},{"not_picked":["True Grit+1","Anger"],"picked":"Pommel Strike","floor":13},{"not_picked":["Clothesline","Second Wind+1"],"picked":"Shockwave+1","floor":14},{"not_picked":["Berserk","Exhume+1"],"picked":"Bludgeon","floor":16}],"player_experience":578092,"relics_obtained":[{"floor":9,"key":"Toxic Egg 2"},{"floor":12,"key":"Blood Vial"}],"event_choices":[{"event_name":"Golden Idol","player_choice":"Take Damage","floor":11,"damage_taken":0}],"is_beta":false,"boss_relics":[],"items_purged_floors":[],"is_endless":false,"potions_floor_spawned":[1,4,7,14],"ascension_level":0}