{"gold_per_floor":[113,113,63,75,75,116,116,152,201,221,221,240,240,260,260,380,380,400,325,3,24,47,47,61,61,87,87,101,51,51,51,51,51],"floor_reached":33,"playtime":877,"items_purged":["Strike_B","Strike_B","Defend_B"],"score":268,"play_id":"b1b52048-a236-421f-b1b5-c48b8a028c5e","local_time":"20181214012952","is_ascension_mode":true,"campfire_choices":[{"floor":11,"key":"REST"},{"floor":15,"key":"REST"},{"data":"Sunder","floor":23,"key":"SMITH"},{"data":"Zap","floor":27,"key":"SMITH"},{"data":"Loop","floor":32,"key":"SMITH"}],"neow_cost":"NONE","seed_source_timestamp":51213038515215,"circlet_count":0,"master_deck":["Defend_B","Defend_B","Zap+1","Dualcast","Coolheaded","Ball Lightning","Loop+1","Thunder Strike","Conserve Battery","Sunder+1","Leap","Meteor Strike","Leap","Sunder","Go for the Eyes","Stack","Skim+1","Stack"],"relics":["Cracked Core","Smiling Mask","Golden Idol","Omamori","Ginger","Bag of Preparation","Coffee Dripper","Frozen Eye","Dream Catcher"],"potions_floor_usage":[8,16,33,33],"damage_taken":[{"damage":3,"enemies":"Jaw Worm","floor":1,"turns":4},{"damage":7,"enemies":"2 Louse","floor":4,"turns":3},{"damage":22,"enemies":"Lagavulin","floor":6,"turns":5},{"damage":19,"enemies":"3 Sentries","floor":8,"turns":7},{"damage":0,"enemies":"Small Slimes","floor":10,"turns":3},{"damage":1,"enemies":"Looter","floor":12,"turns":3},{"damage":10,"enemies":"Blue Slaver","floor":14,"turns":4},{"damage":35,"enemies":"Slime Boss","floor":16,"turns":8},{"damage":13,"enemies":"Chosen","floor":18,"turns":4},{"damage":15,"enemies":"Spheric Guardian","floor":21,"turns":6},{"damage":9,"enemies":"Chosen and Byrds","floor":22,"turns":5},{"damage":0,"enemies":"Snecko","floor":24,"turns":5},{"damage":10,"enemies":"Sentry and Sphere","floor":28,"turns":4},{"damage":34,"enemies":"Collector","floor":33,"turns":3}],"seed_played":"-8246010419314621581","potions_obtained":[{"floor":1,"key":"LiquidBronze"},{"floor":6,"key":"SpeedPotion"},{"floor":12,"key":"Swift Potion"},{"floor":14,"key":"SteroidPotion"},{"floor":21,"key":"FocusPotion"}],"is_trial":false,"path_per_floor":["M","?","$","M","?","E","?","E","T","M","R","M","?","M","R","B",null,"M","?","$","M","M","R","M","?","T","R","M","$","?","?","R","B"],"character_chosen":"DEFECT","items_purchased":["Frozen Eye","Sunder"],"campfire_rested":2,"item_purchase_floors":[20,20],"current_hp_per_floor":[72,77,77,70,50,28,21,2,2,2,26,25,25,15,39,4,80,67,67,67,52,43,43,43,43,43,43,33,33,33,33,33,0],"gold":51,"neow_bonus":"RANDOM_COMMON_RELIC","is_prod":false,"is_daily":false,"chose_seed":false,"campfire_upgraded":3,"win_rate":0,"timestamp":1544722192,"path_taken":["M","?","$","M","?","E","?","E","T","M","R","?","?","M","R","BOSS","M","?","$","M","M","R","M","?","T","R","M","$","?","?","R","BOSS"],"build_version":"2018-12-06","purchased_purges":3,"victory":false,"max_hp_per_floor":[75,80,80,80,80,80,80,80,80,80,80,80,80,80,80,80,80,80,80,80,80,80,80,80,80,80,80,80,80,80,80,80,80],"card_choices":[{"not_picked":["BootSequence","Barrage"],"picked":"Coolheaded","floor":1},{"not_picked":["Rip and Tear","Genetic Algorithm"],"picked":"Ball Lightning","floor":4},{"not_picked":["Redo","Hologram"],"picked":"Loop","floor":6},{"not_picked":["Beam Cell","Reinforced Body"],"picked":"Thunder Strike","floor":8},{"not_picked":["Rip and Tear","Go for the Eyes"],"picked":"Conserve Battery","floor":10},{"not_picked":["Steam","Coolheaded"],"picked":"Sunder","floor":12},{"not_picked":["Coolheaded","Fusion"],"picked":"Leap","floor":14},{"not_picked":["Seek","All For One"],"picked":"Meteor Strike","floor":16},{"not_picked":["Hello World+1","Turbo","Leap"],"picked":"SKIP","floor":18},{"not_picked":["Hello World+1","Turbo"],"picked":"Leap","floor":18},{"not_picked":["Stack","Steam"],"picked":"Go for the Eyes","floor":21},{"not_picked":["Static Discharge","Seek"],"picked":"Stack","floor":22},{"not_picked":["Coolheaded","Cold Snap","Barrage"],"picked":"SKIP","floor":24},{"not_picked":["Stack","Chaos"],"picked":"Skim+1","floor":28}],"player_experience":51811,"relics_obtained":[{"floor":6,"key":"Omamori"},{"floor":8,"key":"Ginger"},{"floor":9,"key":"Bag of Preparation"},{"floor":26,"key":"Dream Catcher"}],"event_choices":[{"damage_healed":0,"gold_gain":0,"player_choice":"Donut","damage_taken":0,"max_hp_gain":5,"max_hp_loss":0,"event_name":"Big Fish","floor":2,"gold_loss":0},{"damage_healed":0,"gold_gain":0,"player_choice":"Take Damage","damage_taken":20,"relics_obtained":["Golden Idol"],"max_hp_gain":0,"max_hp_loss":0,"event_name":"Golden Idol","floor":5,"gold_loss":0},{"cards_removed":["Strike_B"],"damage_healed":0,"gold_gain":0,"player_choice":"Card Removal","damage_taken":7,"max_hp_gain":0,"max_hp_loss":0,"event_name":"Golden Wing","floor":7,"gold_loss":0},{"damage_healed":0,"gold_gain":0,"player_choice":"Ignored","damage_taken":0,"max_hp_gain":0,"max_hp_loss":0,"event_name":"Liars Game","floor":13,"gold_loss":0},{"cards_removed":["Strike_B"],"damage_healed":0,"gold_gain":0,"player_choice":"Gave Gold","damage_taken":0,"max_hp_gain":0,"max_hp_loss":0,"event_name":"Beggar","floor":19,"gold_loss":75},{"damage_healed":0,"gold_gain":0,"player_choice":"Ignored","damage_taken":0,"max_hp_gain":0,"max_hp_loss":0,"event_name":"Vampires","floor":25,"gold_loss":0},{"damage_healed":0,"gold_gain":0,"player_choice":"Ignored","damage_taken":0,"max_hp_gain":0,"max_hp_loss":0,"event_name":"Ghosts","floor":30,"gold_loss":0},{"damage_healed":0,"gold_gain":0,"cards_transformed":["Defend_B"],"player_choice":"Transformed","damage_taken":0,"max_hp_gain":0,"max_hp_loss":0,"event_name":"Transmorgrifier","floor":31,"gold_loss":0,"cards_obtained":["Stack"]}],"is_beta":false,"boss_relics":[{"not_picked":["Lizard Tail","Snecko Eye"],"picked":"Coffee Dripper"}],"items_purged_floors":[3,20,29],"is_endless":false,"potions_floor_spawned":[1,6,12,14,21,22],"killed_by":"Collector","ascension_level":1}