{"path_per_floor":["M","?","M","?","M","R","E","M","T","E","M","R","$","M","R","B",null,"M","M","?","M","M","R","E","R","T","?","M","M","E","M","R"],"character_chosen":"IRONCLAD","items_purchased":["Ornamental Fan"],"gold_per_floor":[209,209,222,297,313,313,339,359,412,439,456,456,125,135,135,238,238,251,262,262,281,293,293,326,326,353,353,368,385,419,438,438,438],"floor_reached":33,"campfire_rested":1,"playtime":1620,"item_purchase_floors":[13],"current_hp_per_floor":[80,80,80,69,75,75,72,78,78,66,72,72,72,78,78,64,80,73,73,73,76,79,79,56,56,56,56,55,60,51,59,84,0],"items_purged":["Strike_R"],"gold":438,"score":316,"play_id":"b352e744-0445-4526-9193-c4e90a32b061","local_time":"20180610214846","is_prod":false,"is_daily":false,"chose_seed":false,"is_ascension_mode":true,"campfire_upgraded":5,"win_rate":0,"timestamp":1528663726,"campfire_choices":[{"data":"Twin Strike","floor":6,"key":"SMITH"},{"data":"Cleave","floor":12,"key":"SMITH"},{"data":"Bash","floor":15,"key":"SMITH"},{"data":"Combust","floor":23,"key":"SMITH"},{"data":"Intimidate","floor":25,"key":"SMITH"},{"floor":32,"key":"REST"}],"path_taken":["M","?","M","?","M","R","E","M","T","E","M","R","?","M","R","BOSS","M","M","?","M","M","R","E","R","T","?","M","M","E","M","R","BOSS"],"build_version":"2018-06-07v3","seed_source_timestamp":860215930480370,"purchased_purges":1,"victory":false,"master_deck":["Strike_R+1","Strike_R+1","Strike_R+1","Defend_R+1","Defend_R+1","Defend_R+1","Defend_R+1","Bash+1","Wild Strike","Fiend Fire","Twin Strike+1","Cleave+1","Ghostly Armor","Whirlwind","Intimidate+1","Cleave","Dropkick","Feed","Combust+1","True Grit","Pommel Strike","Battle Trance+1","Shrug It Off","Armaments+1","Searing Blow+1","Warcry+1"],"max_hp_per_floor":[80,80,80,80,80,80,80,80,80,80,80,80,80,80,80,80,80,80,80,80,80,83,83,83,83,83,83,83,83,83,86,86,86],"relics":["Burning Blood","Paper Frog","Bronze Scales","Potion Belt","Ornamental Fan","Sozu","Champion Belt","Anchor","Orichalcum"],"card_choices":[{"not_picked":["Sword Boomerang","Warcry"],"picked":"Wild Strike","floor":1},{"not_picked":["Dual Wield","Disarm"],"picked":"Twin Strike","floor":3},{"not_picked":["Thunderclap","Warcry"],"picked":"Cleave","floor":5},{"not_picked":["Fire Breathing","Warcry"],"picked":"Ghostly Armor","floor":7},{"not_picked":["Headbutt","Armaments"],"picked":"Whirlwind","floor":8},{"not_picked":["Dark Embrace","Pummel"],"picked":"Intimidate","floor":10},{"not_picked":["Sword Boomerang","Perfected Strike"],"picked":"Cleave","floor":11},{"not_picked":["Iron Wave","Bloodletting"],"picked":"Dropkick","floor":14},{"not_picked":["Bludgeon","Immolate"],"picked":"Feed","floor":16},{"not_picked":["Rupture","Headbutt"],"picked":"Combust","floor":18},{"not_picked":["Bloodletting","Whirlwind"],"picked":"True Grit","floor":19},{"not_picked":["Burning Pact","Infernal Blade"],"picked":"Pommel Strike","floor":21},{"not_picked":["Perfected Strike","Body Slam","Havoc"],"picked":"SKIP","floor":22},{"not_picked":["Clothesline","Combust"],"picked":"Battle Trance+1","floor":24},{"not_picked":["Battle Trance","Wild Strike"],"picked":"Shrug It Off","floor":28},{"not_picked":["Pommel Strike+1","Clothesline+1"],"picked":"Armaments+1","floor":29},{"not_picked":["Heavy Blade","Sentinel"],"picked":"Searing Blow+1","floor":30},{"not_picked":["Body Slam","Sword Boomerang"],"picked":"Warcry+1","floor":31}],"player_experience":343762,"potions_floor_usage":[8,10,10,10,11,16,16,33,33,33],"damage_taken":[{"damage":1,"enemies":"2 Louse","floor":1,"turns":3},{"damage":5,"enemies":"Small Slimes","floor":3,"turns":3},{"damage":0,"enemies":"Jaw Worm","floor":5,"turns":3},{"damage":9,"enemies":"3 Sentries","floor":7,"turns":6},{"damage":0,"enemies":"Large Slime","floor":8,"turns":4},{"damage":26,"enemies":"Lagavulin","floor":10,"turns":5},{"damage":0,"enemies":"Exordium Wildlife","floor":11,"turns":3},{"damage":0,"enemies":"3 Louse","floor":14,"turns":1},{"damage":20,"enemies":"Hexaghost","floor":16,"turns":8},{"damage":13,"enemies":"Shell Parasite","floor":18,"turns":3},{"damage":6,"enemies":"Spheric Guardian","floor":19,"turns":3},{"damage":3,"enemies":"Snecko","floor":21,"turns":4},{"damage":6,"enemies":"3 Cultists","floor":22,"turns":4},{"damage":29,"enemies":"Gremlin Leader","floor":24,"turns":6},{"damage":7,"enemies":"Cultist and Chosen","floor":28,"turns":6},{"damage":1,"enemies":"Snecko","floor":29,"turns":4},{"damage":15,"enemies":"Book of Stabbing","floor":30,"turns":4},{"damage":1,"enemies":"3 Cultists","floor":31,"turns":5},{"damage":134,"enemies":"Automaton","floor":33,"turns":12}],"relics_obtained":[{"floor":7,"key":"Paper Frog"},{"floor":9,"key":"Bronze Scales"},{"floor":10,"key":"Potion Belt"},{"floor":24,"key":"Champion Belt"},{"floor":26,"key":"Anchor"},{"floor":30,"key":"Orichalcum"}],"event_choices":[{"event_name":"Living Wall","player_choice":"Change","floor":2,"damage_taken":0},{"event_name":"World of Goop","player_choice":"Gather Gold","floor":4,"damage_taken":0},{"event_name":"Vampires","player_choice":"Ignored","floor":20,"damage_taken":0},{"event_name":"Back to Basics","player_choice":"Simplicity","floor":27,"damage_taken":0}],"boss_relics":[{"not_picked":["White Beast Statue","Runic Pyramid"],"picked":"Sozu"}],"items_purged_floors":[13],"potions_floor_spawned":[3,8,11,14,18,24,31],"seed_played":"2406852772633929755","killed_by":"Automaton","ascension_level":1,"potions_obtained":[{"floor":3,"key":"Explosive Potion"},{"floor":8,"key":"EntropicBrew"},{"floor":11,"key":"Energy Potion"},{"floor":14,"key":"Block Potion"}],"is_trial":false}