{"gold_per_floor":[110,110,35,110,14,39,39,52,78,106,106],"floor_reached":11,"playtime":1256,"items_purged":["Strike_B"],"score":124,"play_id":"a312e781-718d-4c60-85a6-0137c971d97d","local_time":"20181223121856","is_ascension_mode":true,"campfire_choices":[{"data":"Zap","floor":7,"key":"SMITH"}],"neow_cost":"NONE","seed_source_timestamp":273706392192200,"circlet_count":0,"master_deck":["AscendersBane","Strike_B","Strike_B","Strike_B","Defend_B+1","Defend_B","Defend_B","Defend_B","Zap+1","Dualcast","Coolheaded","Loop","Steam+1","Glacier","Compile Driver","BootSequence"],"relics":["Cracked Core","Regal Pillow","Vajra","War Paint","Odd Mushroom"],"potions_floor_usage":[],"damage_taken":[{"damage":5,"enemies":"Small Slimes","floor":1,"turns":3},{"damage":36,"enemies":"Lagavulin","floor":6,"turns":8},{"damage":0,"enemies":"2 Louse","floor":8,"turns":3},{"damage":16,"enemies":"The Mushroom Lair","floor":10,"turns":7},{"damage":7,"enemies":"Jaw Worm","floor":11,"turns":3}],"seed_played":"-5645537561625862092","potions_obtained":[{"floor":6,"key":"Ancient Potion"},{"floor":10,"key":"SpeedPotion"}],"is_trial":false,"path_per_floor":["M","?","$","?","$","E","R","M","T","?","M"],"character_chosen":"DEFECT","items_purchased":["Loop","Steam"],"campfire_rested":0,"item_purchase_floors":[5,5],"current_hp_per_floor":[59,64,64,53,53,17,17,17,17,1,0],"gold":106,"neow_bonus":"RANDOM_COMMON_RELIC","is_prod":false,"is_daily":false,"chose_seed":false,"campfire_upgraded":1,"win_rate":0,"timestamp":1545596336,"path_taken":["M","?","$","?","$","E","R","M","T","?","M"],"build_version":"2018-12-20","purchased_purges":1,"victory":false,"max_hp_per_floor":[71,76,76,76,76,76,76,76,76,76,76],"card_choices":[{"not_picked":["Leap","Darkness"],"picked":"Coolheaded","floor":1},{"not_picked":["Steam","Barrage"],"picked":"Glacier","floor":6},{"not_picked":["Gash","Aggregate"],"picked":"Compile Driver","floor":8},{"not_picked":["Skim","Gash"],"picked":"BootSequence","floor":10}],"player_experience":1042294,"relics_obtained":[{"floor":6,"key":"Vajra"},{"floor":9,"key":"War Paint"},{"floor":10,"key":"Odd Mushroom"}],"event_choices":[{"damage_healed":0,"gold_gain":0,"player_choice":"Donut","damage_taken":0,"max_hp_gain":5,"max_hp_loss":0,"event_name":"Big Fish","floor":2,"gold_loss":0},{"damage_healed":0,"gold_gain":75,"player_choice":"Gather Gold","damage_taken":11,"max_hp_gain":0,"max_hp_loss":0,"event_name":"World of Goop","floor":4,"gold_loss":0},{"damage_healed":0,"gold_gain":0,"player_choice":"Fought Mushrooms","damage_taken":0,"max_hp_gain":0,"max_hp_loss":0,"event_name":"Mushrooms","floor":10,"gold_loss":0}],"is_beta":false,"boss_relics":[],"items_purged_floors":[3],"is_endless":false,"potions_floor_spawned":[6,10],"killed_by":"Jaw Worm","ascension_level":16}