{"gold_per_floor":[118,136,136,148,98,126,126,126,126,143,143,162,174,99,99,99],"floor_reached":16,"playtime":310,"items_purged":["Defend_B"],"score":102,"play_id":"4ffd8c11-cf9e-4d80-9567-b48ff1c1235e","local_time":"20190117181955","is_ascension_mode":false,"campfire_choices":[{"data":"Go for the Eyes","floor":7,"key":"SMITH"},{"data":"Dualcast","floor":11,"key":"SMITH"},{"data":"Conserve Battery","floor":15,"key":"SMITH"}],"neow_cost":"NONE","seed_source_timestamp":2069061956038464,"circlet_count":0,"master_deck":["Strike_B","Strike_B","Strike_B","Defend_B","Defend_B","Zap+1","Dualcast+1","Go for the Eyes+1","Conserve Battery+1","BootSequence","Loop+1"],"relics":["Cracked Core","Torii","Frozen Egg 2"],"potions_floor_usage":[6],"damage_taken":[{"damage":0,"enemies":"Small Slimes","floor":1,"turns":2},{"damage":0,"enemies":"Cultist","floor":2,"turns":3},{"damage":0,"enemies":"2 Louse","floor":4,"turns":1},{"damage":27,"enemies":"Gremlin Nob","floor":6,"turns":4},{"damage":9,"enemies":"Large Slime","floor":10,"turns":7},{"damage":0,"enemies":"3 Louse","floor":12,"turns":3},{"damage":0,"enemies":"Exordium Thugs","floor":13,"turns":4},{"damage":0,"enemies":"Hexaghost","floor":16,"turns":1}],"seed_played":"1735713480258416716","potions_obtained":[{"floor":1,"key":"Explosive Potion"},{"floor":4,"key":"Ancient Potion"},{"floor":12,"key":"Fire Potion"},{"floor":13,"key":"Strength Potion"}],"is_trial":false,"path_per_floor":["M","M","?","M","?","E","R","?","T","M","R","M","M","$","R","B"],"character_chosen":"DEFECT","items_purchased":[],"campfire_rested":0,"item_purchase_floors":[],"current_hp_per_floor":[75,75,75,75,75,48,48,53,53,44,44,44,44,44,44,44],"gold":99,"neow_bonus":"REMOVE_CARD","is_prod":false,"is_daily":false,"chose_seed":false,"campfire_upgraded":3,"win_rate":0,"timestamp":1547749195,"path_taken":["M","M","?","?","?","E","R","?","T","M","R","M","M","$","R","BOSS"],"build_version":"2019-01-10","purchased_purges":1,"victory":false,"max_hp_per_floor":[75,75,75,75,75,75,75,80,80,80,80,80,80,80,80,80],"card_choices":[{"not_picked":["Static Discharge","Scrape","Consume"],"picked":"SKIP","floor":1},{"not_picked":["Compile Driver","Tempest"],"picked":"Go for the Eyes","floor":2},{"not_picked":["Beam Cell","Steam"],"picked":"Conserve Battery","floor":4},{"not_picked":["Turbo","Steam"],"picked":"BootSequence","floor":6},{"not_picked":["Gash","Rip and Tear","Darkness"],"picked":"SKIP","floor":10},{"not_picked":["Cold Snap","Darkness","Redo"],"picked":"SKIP","floor":12},{"not_picked":["Storm+1","Sweeping Beam"],"picked":"Loop+1","floor":13}],"player_experience":975404,"relics_obtained":[{"floor":6,"key":"Torii"},{"floor":9,"key":"Frozen Egg 2"}],"event_choices":[{"damage_healed":0,"gold_gain":0,"player_choice":"Upgraded","damage_taken":0,"max_hp_gain":0,"max_hp_loss":0,"event_name":"Upgrade Shrine","floor":3,"gold_loss":0,"cards_upgraded":["Zap"]},{"cards_removed":["Defend_B"],"damage_healed":0,"gold_gain":0,"player_choice":"Card Removal","damage_taken":0,"max_hp_gain":0,"max_hp_loss":0,"event_name":"The Cleric","floor":5,"gold_loss":50},{"damage_healed":0,"gold_gain":0,"player_choice":"Donut","damage_taken":0,"max_hp_gain":5,"max_hp_loss":0,"event_name":"Big Fish","floor":8,"gold_loss":0}],"is_beta":false,"boss_relics":[],"items_purged_floors":[14],"is_endless":false,"potions_floor_spawned":[1,4,12,13],"killed_by":"Hexaghost","ascension_level":0}