{"gold_per_floor":[116,41,58,71,71,71,71,71,94,111,186,206,220,250,250,345,345,358,358,370,397,411,411,427,442,442,442,452,452,486,501,501,598,598,614,627,675,159,176,176,187,187,187,204,204,237,0,0,0,0],"floor_reached":51,"playtime":2596,"items_purged":["Strike_G","Strike_G"],"score":751,"play_id":"47164590-01df-4b2a-abae-2c73e8c39ec3","local_time":"20190108190011","is_ascension_mode":false,"campfire_choices":[{"data":"After Image","floor":6.0,"key":"SMITH"},{"data":"Neutralize","floor":8.0,"key":"SMITH"},{"data":"Noxious Fumes","floor":15.0,"key":"SMITH"},{"data":"Envenom","floor":23.0,"key":"SMITH"},{"floor":27.0,"key":"REST"},{"data":"Malaise","floor":29.0,"key":"SMITH"},{"data":"A Thousand Cuts","floor":32.0,"key":"SMITH"},{"floor":40.0,"key":"REST"},{"data":"Adrenaline","floor":42,"key":"SMITH"},{"data":"Sucker Punch","floor":45,"key":"SMITH"},{"floor":49,"key":"REST"}],"neow_cost":"NONE","seed_source_timestamp":511631064032722,"circlet_count":0,"master_deck":["Defend_G","Defend_G","Defend_G","Defend_G","Defend_G","Survivor","Neutralize+1","After Image+1","Blade Dance+1","Sucker Punch+1","Caltrops","Backflip","Noxious Fumes+1","Envenom+1","Tactician+1","Quick Slash+1","A Thousand Cuts+1","Slice+1","Prepared+1","Malaise+1","PiercingWail","PiercingWail","A Thousand Cuts+1","Adrenaline+1","Sucker Punch+1","Blade Dance+1","Metamorphosis","Backflip+1","Adrenaline","PiercingWail+1"],"special_seed":0,"relics":["Ring of the Snake","Bronze Scales","Vajra","Nloth\u0027s Gift","Regal Pillow","Mercury Hourglass","Dodecahedron","WristBlade","The Specimen","Paper Crane","Mummified Hand","Mango","Red Mask"],"potions_floor_usage":[50],"damage_taken":[{"damage":3.0,"enemies":"Jaw Worm","floor":1.0,"turns":6.0},{"damage":2.0,"enemies":"Small Slimes","floor":3.0,"turns":5.0},{"damage":0.0,"enemies":"2 Louse","floor":4.0,"turns":2.0},{"damage":3.0,"enemies":"Exordium Thugs","floor":10.0,"turns":4.0},{"damage":3.0,"enemies":"Lots of Slimes","floor":12.0,"turns":5.0},{"damage":0.0,"enemies":"Looter","floor":13.0,"turns":3.0},{"damage":5.0,"enemies":"Lagavulin","floor":14.0,"turns":8.0},{"damage":9.0,"enemies":"Hexaghost","floor":16.0,"turns":9.0},{"damage":6.0,"enemies":"Chosen","floor":18.0,"turns":5.0},{"damage":13.0,"enemies":"Spheric Guardian","floor":20.0,"turns":5.0},{"damage":4.0,"enemies":"Snecko","floor":22.0,"turns":5.0},{"damage":17.0,"enemies":"Centurion and Healer","floor":24.0,"turns":6.0},{"damage":1.0,"enemies":"Sentry and Sphere","floor":25.0,"turns":6.0},{"damage":4.0,"enemies":"Cultist and Chosen","floor":28.0,"turns":6.0},{"damage":3.0,"enemies":"Slavers","floor":30.0,"turns":7.0},{"damage":6.0,"enemies":"Shelled Parasite and Fungi","floor":31.0,"turns":5.0},{"damage":34.0,"enemies":"Automaton","floor":33.0,"turns":12.0},{"damage":11.0,"enemies":"3 Darklings","floor":35.0,"turns":4.0},{"damage":8.0,"enemies":"Orb Walker","floor":36.0,"turns":4.0},{"damage":23.0,"enemies":"2 Orb Walkers","floor":37.0,"turns":4.0},{"damage":9.0,"enemies":"Writhing Mass","floor":39.0,"turns":5.0},{"damage":15,"enemies":"Sphere and 2 Shapes","floor":41,"turns":4},{"damage":6,"enemies":"Spire Growth","floor":44,"turns":4},{"damage":0,"enemies":"Reptomancer","floor":46,"turns":4},{"damage":27,"enemies":"Time Eater","floor":50,"turns":10}],"seed_played":"8680565992533175588","potions_obtained":[{"floor":10.0,"key":"PowerPotion"},{"floor":12.0,"key":"SteroidPotion"},{"floor":13.0,"key":"Fruit Juice"},{"floor":14.0,"key":"PowerPotion"},{"floor":16.0,"key":"Dexterity Potion"},{"floor":30.0,"key":"GhostInAJar"},{"floor":33.0,"key":"FearPotion"},{"floor":44,"key":"Energy Potion"}],"is_trial":false,"path_per_floor":["M","$","M","M","?","R","?","R","T","M","?","M","M","E","R","B",null,"M","?","M","T","M","R","M","M","T","R","M","R","E","M","R","B",null,"M","M","?","$","M","R","M","R","T","M","R","E","?","$","R","B",null],"character_chosen":"THE_SILENT","items_purchased":["Metamorphosis","Paper Crane"],"campfire_rested":3,"item_purchase_floors":[38,38],"current_hp_per_floor":[67,67,65,65,65,65,70,70,70,67,56,53,58,53,53,44,80,74,74,61,61,57,57,40,39,39,78,74,74,71,65,65,31,80,69,61,38,38,29,68,53,53,53,47,47,61,61,61,94,67],"gold":0,"neow_bonus":"ONE_RANDOM_RARE_CARD","is_prod":false,"is_daily":false,"chose_seed":false,"campfire_upgraded":8,"win_rate":0.0,"timestamp":1546970411,"path_taken":["M","$","M","M","?","R","?","R","T","?","?","M","M","E","R","BOSS","M","?","?","?","M","R","M","M","T","R","M","R","E","M","R","BOSS","M","?","?","$","M","R","M","R","T","M","R","E","?","?","R","BOSS"],"build_version":"2019-01-03v4","purchased_purges":2,"victory":true,"max_hp_per_floor":[70,70,70,70,70,70,75,75,75,75,75,75,80,80,80,80,80,80,80,80,80,80,80,80,80,80,80,80,80,80,80,80,80,80,80,80,80,80,80,80,80,80,80,80,80,94,94,94,94,94],"card_choices":[{"not_picked":["Prepared","Crippling Poison"],"picked":"Blade Dance","floor":1.0},{"not_picked":["Bouncing Flask","Bane"],"picked":"Sucker Punch","floor":3.0},{"not_picked":["Eviscerate","Underhanded Strike","Deadly Poison"],"picked":"SKIP","floor":4.0},{"not_picked":["Dagger Throw","Dash"],"picked":"Caltrops","floor":10.0},{"not_picked":["Slice","Heel Hook"],"picked":"Backflip","floor":12.0},{"not_picked":["Dagger Throw","Dash","Sucker Punch"],"picked":"SKIP","floor":13.0},{"not_picked":["PiercingWail","Poisoned Stab"],"picked":"Noxious Fumes","floor":14.0},{"not_picked":["Die Die Die","Bullet Time"],"picked":"Envenom","floor":16.0},{"not_picked":["Underhanded Strike","Dodge and Roll"],"picked":"Slice+1","floor":18.0},{"not_picked":["Flying Knee","Masterful Stab"],"picked":"Prepared+1","floor":20.0},{"not_picked":["Acrobatics","Finisher"],"picked":"Malaise","floor":22.0},{"not_picked":["Outmaneuver+1","Dodge and Roll"],"picked":"PiercingWail","floor":24.0},{"not_picked":["Flechettes+1","Prepared","All Out Attack"],"picked":"SKIP","floor":25.0},{"not_picked":["Quick Slash","Expertise"],"picked":"PiercingWail","floor":28.0},{"not_picked":["Crippling Poison","Flying Knee+1","Acrobatics"],"picked":"SKIP","floor":30.0},{"not_picked":["Sucker Punch","Underhanded Strike"],"picked":"A Thousand Cuts","floor":31.0},{"not_picked":["Corpse Explosion","Tools of the Trade"],"picked":"Adrenaline","floor":33.0},{"not_picked":["Endless Agony","Quick Slash+1"],"picked":"Sucker Punch+1","floor":35.0},{"not_picked":["Leg Sweep","Distraction+1"],"picked":"Blade Dance+1","floor":36.0},{"not_picked":["Dodge and Roll+1","Flying Knee"],"picked":"Backflip+1","floor":39.0},{"not_picked":["Sucker Punch+1","Acrobatics"],"picked":"Adrenaline","floor":41},{"not_picked":["Bane","Dagger Throw+1"],"picked":"PiercingWail+1","floor":44},{"not_picked":["Tactician","Masterful Stab","A Thousand Cuts"],"picked":"SKIP","floor":46}],"player_experience":13263,"relics_obtained":[{"floor":9.0,"key":"Bronze Scales"},{"floor":14.0,"key":"Vajra"},{"floor":21.0,"key":"Regal Pillow"},{"floor":26.0,"key":"Mercury Hourglass"},{"floor":30.0,"key":"Dodecahedron"},{"floor":37.0,"key":"The Specimen"},{"floor":43,"key":"Mummified Hand"},{"floor":46,"key":"Mango"}],"event_choices":[{"damage_healed":0.0,"max_hp_gain":0.0,"max_hp_loss":0.0,"gold_gain":0.0,"event_name":"Living Wall","player_choice":"Grow","floor":5.0,"gold_loss":0.0,"damage_taken":0.0,"cards_upgraded":["Blade Dance"]},{"damage_healed":0.0,"max_hp_gain":5.0,"max_hp_loss":0.0,"gold_gain":0.0,"event_name":"Big Fish","player_choice":"Donut","floor":7.0,"gold_loss":0.0,"damage_taken":0.0},{"damage_healed":0.0,"max_hp_gain":0.0,"max_hp_loss":0.0,"gold_gain":75.0,"event_name":"World of Goop","player_choice":"Gather Gold","floor":11.0,"gold_loss":0.0,"damage_taken":11.0},{"damage_healed":0.0,"max_hp_gain":0.0,"max_hp_loss":0.0,"gold_gain":0.0,"event_name":"N\u0027loth","player_choice":"Traded Relic","floor":19.0,"relics_lost":["Astrolabe"],"gold_loss":0.0,"damage_taken":0.0,"relics_obtained":["Nloth\u0027s Gift"]},{"damage_healed":0.0,"max_hp_gain":0.0,"max_hp_loss":0.0,"gold_gain":0.0,"event_name":"Mysterious Sphere","player_choice":"Fight","floor":37.0,"gold_loss":0.0,"damage_taken":0.0},{"damage_healed":0,"gold_gain":0,"player_choice":"Paid","damage_taken":0,"relics_obtained":["Red Mask"],"max_hp_gain":0,"max_hp_loss":0,"event_name":"Tomb of Lord Red Mask","floor":47,"gold_loss":237}],"is_beta":false,"boss_relics":[{"not_picked":["Lizard Tail","Velvet Choker"],"picked":"Astrolabe"},{"not_picked":["Orrery","HoveringKite"],"picked":"WristBlade"}],"items_purged_floors":[2,38],"is_endless":false,"potions_floor_spawned":[10,12,13,14,16,20,24,30,33,36,44],"ascension_level":0}