{"gold_per_floor":[219,294,294,224,235,235,235,263,290,290,321,373,386,402,402,499,499,517,517,532,532,544,544],"floor_reached":23,"playtime":668,"items_purged":[],"score":199,"play_id":"cdf7afcf-abc0-4fdf-a1b8-3b9d08e9d9b0","local_time":"20190111221048","is_ascension_mode":false,"campfire_choices":[{"data":"Defragment","floor":6.0,"key":"SMITH"},{"data":"Dualcast","floor":10.0,"key":"SMITH"},{"data":"Zap","floor":15.0,"key":"SMITH"}],"neow_cost":"NONE","seed_source_timestamp":1564040185546305,"circlet_count":0,"master_deck":["Strike_B","Strike_B","Defend_B","Defend_B","Defend_B","Zap+1","Dualcast+1","Coolheaded","Defragment+1","Ball Lightning","Echo Form","Go for the Eyes","Echo Form"],"special_seed":0,"relics":["Cracked Core","Pantograph","Potion Belt","Letter Opener","Vajra","Empty Cage"],"potions_floor_usage":[],"damage_taken":[{"damage":0.0,"enemies":"Small Slimes","floor":1.0,"turns":3.0},{"damage":4.0,"enemies":"2 Louse","floor":5.0,"turns":3.0},{"damage":14.0,"enemies":"3 Sentries","floor":8.0,"turns":10.0},{"damage":12.0,"enemies":"Gremlin Nob","floor":11.0,"turns":3.0},{"damage":0.0,"enemies":"Cultist","floor":13.0,"turns":2.0},{"damage":0.0,"enemies":"2 Fungi Beasts","floor":14.0,"turns":3.0},{"damage":23.0,"enemies":"Slime Boss","floor":16.0,"turns":8.0},{"damage":25.0,"enemies":"Spheric Guardian","floor":18.0,"turns":6.0},{"damage":24,"enemies":"Colosseum Slavers","floor":19,"turns":5},{"damage":2,"enemies":"Shell Parasite","floor":20,"turns":4},{"damage":9,"enemies":"Centurion and Healer","floor":22,"turns":5},{"damage":26,"enemies":"Gremlin Leader","floor":23,"turns":3}],"seed_played":"1751962171004743505","potions_obtained":[{"floor":11.0,"key":"Regen Potion"},{"floor":14.0,"key":"Ancient Potion"},{"floor":16.0,"key":"Energy Potion"},{"floor":22,"key":"GamblersBrew"}],"is_trial":false,"path_per_floor":["M","?","?","$","M","R","?","E","T","R","E","T","M","M","R","B",null,"M","?","M","?","M","E"],"character_chosen":"DEFECT","items_purchased":["Defragment"],"campfire_rested":0,"item_purchase_floors":[4],"current_hp_per_floor":[75,64,69,69,65,65,65,51,51,51,39,39,39,39,39,41,80,67,43,41,41,32,6],"gold":544,"neow_bonus":"HUNDRED_GOLD","is_prod":false,"is_daily":false,"chose_seed":false,"campfire_upgraded":3,"win_rate":0,"timestamp":1547244648,"path_taken":["M","?","?","$","M","R","?","E","T","R","E","?","?","M","R","BOSS","M","?","M","?","M","E"],"build_version":"2019-01-10","purchased_purges":0,"victory":false,"max_hp_per_floor":[75,75,80,80,80,80,80,80,80,80,80,80,80,80,80,80,80,80,80,80,80,80,80],"card_choices":[{"not_picked":["Compile Driver","Cold Snap"],"picked":"Coolheaded","floor":1.0},{"not_picked":["Hologram","Lockon","Steam"],"picked":"SKIP","floor":5.0},{"not_picked":["Heatsinks","Tempest"],"picked":"Ball Lightning","floor":8.0},{"not_picked":["Coolheaded","Barrage","Reinforced Body"],"picked":"SKIP","floor":11.0},{"not_picked":["Compile Driver","Streamline"],"picked":"Echo Form","floor":13.0},{"not_picked":["Consume","Sweeping Beam"],"picked":"Go for the Eyes","floor":14.0},{"not_picked":["Biased Cognition","Buffer"],"picked":"Echo Form","floor":16.0},{"not_picked":["Blizzard","Hologram","Double Energy+1"],"picked":"SKIP","floor":18.0},{"not_picked":["Ball Lightning","Chaos","Coolheaded"],"picked":"SKIP","floor":20},{"not_picked":["Gash","Rip and Tear","Sweeping Beam"],"picked":"SKIP","floor":22}],"player_experience":963110,"relics_obtained":[{"floor":8.0,"key":"Pantograph"},{"floor":9.0,"key":"Potion Belt"},{"floor":11.0,"key":"Letter Opener"},{"floor":12.0,"key":"Vajra"}],"event_choices":[{"damage_healed":0.0,"max_hp_gain":0.0,"max_hp_loss":0.0,"gold_gain":75.0,"event_name":"World of Goop","player_choice":"Gather Gold","floor":2.0,"gold_loss":0.0,"damage_taken":11.0},{"damage_healed":0.0,"max_hp_gain":5.0,"max_hp_loss":0.0,"gold_gain":0.0,"event_name":"Big Fish","player_choice":"Donut","floor":3.0,"gold_loss":0.0,"damage_taken":0.0},{"damage_healed":0.0,"max_hp_gain":0.0,"max_hp_loss":0.0,"gold_gain":0.0,"event_name":"The Cleric","player_choice":"Leave","floor":7.0,"gold_loss":0.0,"damage_taken":0.0},{"damage_healed":0,"gold_gain":0,"player_choice":"Fight","damage_taken":0,"max_hp_gain":0,"max_hp_loss":0,"event_name":"Colosseum","floor":19,"gold_loss":0},{"damage_healed":0,"gold_gain":0,"player_choice":"Fled From Nobs","damage_taken":0,"max_hp_gain":0,"max_hp_loss":0,"event_name":"Colosseum","floor":19,"gold_loss":0},{"cards_removed":["Strike_B"],"damage_healed":0,"gold_gain":0,"player_choice":"Offered Basic","damage_taken":0,"max_hp_gain":0,"max_hp_loss":0,"event_name":"Bonfire Elementals","floor":21,"gold_loss":0}],"is_beta":false,"boss_relics":[{"not_picked":["Runic Pyramid","Runic Dome"],"picked":"Empty Cage"}],"items_purged_floors":[],"is_endless":false,"potions_floor_spawned":[11,14,16,19,22],"killed_by":"Gremlin Leader","ascension_level":0}