{"gold_per_floor":[114,114,114,68,68,68,45,60,110,110,125,140,140,155,155,255,285,300,315,112,127],"floor_reached":21,"playtime":1677,"items_purged":[],"score":346,"play_id":"2f4f6ac1-c909-476a-920c-4dc57d9e2845","local_time":"20180625173352","daily_mods":["Brewmaster","Cursed Run","Binary"],"is_ascension_mode":false,"campfire_choices":[{"data":"Zap","floor":6.0,"key":"SMITH"},{"floor":15.0,"key":"REST"}],"neow_cost":"","seed_source_timestamp":0,"circlet_count":0,"master_deck":["Strike_B","Strike_B","Strike_B+1","Strike_B","Defend_B","Defend_B","Zap+1","Dualcast","Venomology","Venomology","Venomology","Venomology+1","Hologram","Redo","Cold Snap","Go for the Eyes","Conserve Battery","Clumsy","Steam Power","Ball Lightning","Doom and Gloom","Doubt","Core Surge","Clumsy","Normality","Pride","White Noise","Redo","Apotheosis","Coolheaded"],"special_seed":17707,"relics":["Cursed Key","Darkstone Periapt","Du-Vu Doll","White Beast Statue","Potion Belt","Calling Bell","Tiny Chest","Blue Candle","Incense Burner"],"potions_floor_usage":[],"damage_taken":[{"damage":0.0,"enemies":"Cultist","floor":1.0,"turns":4.0},{"damage":0.0,"enemies":"Small Slimes","floor":8.0,"turns":2.0},{"damage":3.0,"enemies":"Jaw Worm","floor":11.0,"turns":2.0},{"damage":4.0,"enemies":"Large Slime","floor":12.0,"turns":6.0},{"damage":3.0,"enemies":"2 Fungi Beasts","floor":14.0,"turns":3.0},{"damage":46.0,"enemies":"Hexaghost","floor":16.0,"turns":9.0},{"damage":36.0,"enemies":"3 Byrds","floor":18.0,"turns":6.0},{"damage":19.0,"enemies":"Shell Parasite","floor":19.0,"turns":5.0},{"damage":28.0,"enemies":"Cultist and Chosen","floor":21.0,"turns":5.0}],"seed_played":"7310111369366401592","potions_obtained":[{"floor":1.0,"key":"Fire Potion"},{"floor":8.0,"key":"SkillPotion"},{"floor":11.0,"key":"Poison Potion"},{"floor":12.0,"key":"SkillPotion"},{"floor":14.0,"key":"SteroidPotion"},{"floor":16.0,"key":"Poison Potion"},{"floor":18.0,"key":"PowerPotion"},{"floor":19.0,"key":"Fire Potion"},{"floor":21,"key":"SkillPotion"}],"is_trial":false,"path_per_floor":["M","?","?","$","?","R","$","M","T","?","M","M","$","M","R","B",null,"M","M","$"],"character_chosen":"DEFECT","items_purchased":["Cold Snap","Go for the Eyes","Apotheosis"],"campfire_rested":1,"item_purchase_floors":[],"current_hp_per_floor":[75,75,75,75,85,85,85,85,91,73,70,66,66,63,90,50,115,79,60,60,32],"gold":127,"neow_bonus":"","is_prod":false,"is_daily":true,"chose_seed":false,"campfire_upgraded":1,"win_rate":0.0,"timestamp":1529962432,"path_taken":["M","?","?","$","?","R","?","M","T","?","M","M","$","M","R","BOSS","M","M","$","M"],"build_version":"2018-06-21v2","purchased_purges":0,"victory":false,"max_hp_per_floor":[75,75,75,75,85,85,85,85,91,91,91,91,91,91,91,97,115,115,115,115,115],"card_choices":[{"not_picked":["Force Field"],"picked":"Hologram","floor":1.0},{"not_picked":["Aggregate"],"picked":"Conserve Battery","floor":8.0},{"not_picked":["Defragment"],"picked":"Steam Power","floor":11.0},{"not_picked":["Steam Power"],"picked":"Ball Lightning","floor":12.0},{"not_picked":["Barrage"],"picked":"Doom and Gloom","floor":14.0},{"not_picked":["Echo Form"],"picked":"Core Surge","floor":16.0},{"not_picked":["Leap"],"picked":"White Noise","floor":18.0},{"not_picked":["Stack"],"picked":"Redo","floor":19.0},{"not_picked":["Conserve Battery"],"picked":"Coolheaded","floor":21}],"player_experience":84816,"relics_obtained":[{"floor":9.0,"key":"Potion Belt"},{"floor":17.0,"key":"Tiny Chest"},{"floor":17.0,"key":"Blue Candle"},{"floor":17.0,"key":"Incense Burner"}],"event_choices":[{"event_name":"Purifier","player_choice":"One Purge","floor":2.0,"damage_taken":0.0},{"event_name":"Living Wall","player_choice":"Change","floor":3.0,"damage_taken":0.0},{"event_name":"Bonfire Elementals","player_choice":"RARE","floor":5.0,"damage_taken":0.0},{"event_name":"Shining Light","player_choice":"Entered Light","floor":10.0,"damage_taken":0.0}],"boss_relics":[{"not_picked":["Lizard Tail","Sozu"],"picked":"Calling Bell"}],"items_purged_floors":[],"is_endless":false,"potions_floor_spawned":[1,8,11,12,14,16,18,19,21],"killed_by":"Cultist and Chosen","ascension_level":0}