{"gold_per_floor":[118,135,59,59,59,94,94,124,124,139,223,223,257,277,277,372,372,359,369,369,5,5,5,33,47,47,66,76,76,76,90,90,190,190,201,201,6,21,0,0,10,10,10,26,38,52,52,70,70,70],"floor_reached":51,"playtime":2054,"items_purged":[],"score":739,"play_id":"ae05212b-71fc-4057-bd54-f17d4ee821ea","local_time":"20181112191434","is_ascension_mode":false,"campfire_choices":[{"data":"Dualcast","floor":7.0,"key":"SMITH"},{"data":"Zap","floor":12.0,"key":"SMITH"},{"data":"Beam Cell","floor":15.0,"key":"SMITH"},{"data":"Go for the Eyes","floor":23.0,"key":"SMITH"},{"data":"Defragment","floor":30.0,"key":"SMITH"},{"floor":32.0,"key":"REST"},{"data":"Defragment","floor":40.0,"key":"SMITH"},{"data":"Conserve Battery","floor":42.0,"key":"SMITH"},{"floor":49,"key":"REST"}],"neow_cost":"NONE","seed_source_timestamp":2505843780865561,"circlet_count":0,"master_deck":["Strike_B","Strike_B","Strike_B","Strike_B","Defend_B","Defend_B","Defend_B","Defend_B","Zap+1","Dualcast+1","Go for the Eyes+1","Defragment+1","Conserve Battery+1","Glacier","White Noise+1","Beam Cell+1","Core Surge","Seek+1","Conserve Battery+1","Auto Shields+1","Defragment+1","Chaos+1","Amplify+1","Undo+1","Discovery+1","Defragment+1","Defragment+1","Chill+1","Fusion+1"],"special_seed":0,"relics":["Cracked Core","The Courier","Lantern","Toxic Egg 2","Tiny Chest","Pear","Cursed Key","Oddly Smooth Stone","Vajra","Bag of Marbles","Boot","Black Star","DollysMirror","Red Mask"],"potions_floor_usage":[50,50,50],"damage_taken":[{"damage":6.0,"enemies":"Jaw Worm","floor":1.0,"turns":3.0},{"damage":0.0,"enemies":"2 Louse","floor":2.0,"turns":2.0},{"damage":27.0,"enemies":"Gremlin Nob","floor":6.0,"turns":4.0},{"damage":33.0,"enemies":"3 Sentries","floor":8.0,"turns":11.0},{"damage":0.0,"enemies":"Cultist","floor":10.0,"turns":3.0},{"damage":8.0,"enemies":"Gremlin Nob","floor":13.0,"turns":5.0},{"damage":0.0,"enemies":"3 Louse","floor":14.0,"turns":4.0},{"damage":7.0,"enemies":"Slime Boss","floor":16.0,"turns":10.0},{"damage":0.0,"enemies":"2 Thieves","floor":18.0,"turns":4.0},{"damage":37.0,"enemies":"3 Byrds","floor":19.0,"turns":6.0},{"damage":7.0,"enemies":"Book of Stabbing","floor":24.0,"turns":5.0},{"damage":1.0,"enemies":"Centurion and Healer","floor":25.0,"turns":7.0},{"damage":0.0,"enemies":"Snake Plant","floor":27.0,"turns":3.0},{"damage":0.0,"enemies":"3 Cultists","floor":28.0,"turns":6.0},{"damage":7.0,"enemies":"Colosseum Slavers","floor":29.0,"turns":5.0},{"damage":0.0,"enemies":"Shelled Parasite and Fungi","floor":31.0,"turns":5.0},{"damage":18.0,"enemies":"Automaton","floor":33.0,"turns":12.0},{"damage":3.0,"enemies":"3 Darklings","floor":35.0,"turns":4.0},{"damage":0.0,"enemies":"Orb Walker","floor":38.0,"turns":4.0},{"damage":0.0,"enemies":"Maw","floor":41.0,"turns":7.0},{"damage":16.0,"enemies":"3 Darklings","floor":44.0,"turns":6.0},{"damage":6.0,"enemies":"Sphere and 2 Shapes","floor":45.0,"turns":8.0},{"damage":5,"enemies":"Writhing Mass","floor":46,"turns":6},{"damage":1,"enemies":"Transient","floor":48,"turns":5},{"damage":33,"enemies":"Donu and Deca","floor":50,"turns":14}],"seed_played":"5833396304598404345","potions_obtained":[{"floor":1.0,"key":"FearPotion"},{"floor":6.0,"key":"SkillPotion"},{"floor":8.0,"key":"GamblersBrew"},{"floor":16.0,"key":"PowerPotion"},{"floor":24.0,"key":"FocusPotion"},{"floor":28.0,"key":"Ancient Potion"},{"floor":31.0,"key":"FocusPotion"}],"is_trial":false,"path_per_floor":["M","M","$","?","?","E","R","E","T","M","T","R","E","M","R","B",null,"M","M","?","$","?","R","E","M","T","M","M","?","R","M","R","B",null,"M","?","$","M","?","R","M","R","T","M","M","M","$","M","R","B",null],"character_chosen":"DEFECT","items_purchased":["Defragment","Oddly Smooth Stone","Vajra","Seek+1","Defragment","DollysMirror"],"campfire_rested":2,"item_purchase_floors":[3,21,21,21,37,37],"current_hp_per_floor":[76,76,76,76,81,54,54,21,21,21,21,21,23,23,23,16,97,97,60,60,60,60,60,53,52,52,52,52,45,45,45,74,56,97,94,94,94,94,94,94,94,94,94,78,72,67,67,66,95,62],"gold":70,"neow_bonus":"TEN_PERCENT_HP_BONUS","is_prod":false,"is_daily":false,"chose_seed":false,"campfire_upgraded":7,"win_rate":0,"timestamp":1542050074,"path_taken":["M","M","$","?","?","E","R","E","T","M","?","R","E","M","R","BOSS","M","M","?","$","?","R","E","?","T","M","M","?","R","M","R","BOSS","M","?","$","M","?","R","M","R","T","M","M","M","$","M","R","BOSS"],"build_version":"2018-11-08","purchased_purges":0,"victory":true,"max_hp_per_floor":[82,82,82,82,87,87,87,87,87,87,87,87,97,97,97,97,97,97,97,97,97,97,97,97,97,97,97,97,97,97,97,97,97,97,97,97,97,97,97,97,97,97,97,97,97,97,97,97,97,97],"card_choices":[{"not_picked":["Skim","Compile Driver"],"picked":"Go for the Eyes","floor":1.0},{"not_picked":["Blizzard","Steam","Go for the Eyes"],"picked":"SKIP","floor":2.0},{"not_picked":["Compile Driver","Biased Cognition"],"picked":"Conserve Battery","floor":6.0},{"not_picked":["Barrage","Streamline"],"picked":"Glacier","floor":8.0},{"not_picked":["Reprogram+1","Cold Snap"],"picked":"White Noise+1","floor":10.0},{"not_picked":["Hologram+1","Sunder","Rip and Tear"],"picked":"SKIP","floor":13.0},{"not_picked":["Gash","Loop"],"picked":"Beam Cell","floor":14.0},{"not_picked":["All For One","Buffer"],"picked":"Core Surge","floor":16.0},{"not_picked":["Compile Driver+1","Stack+1","Streamline"],"picked":"SKIP","floor":18.0},{"not_picked":["Barrage","Compile Driver","Reprogram+1"],"picked":"SKIP","floor":19.0},{"not_picked":["Go for the Eyes+1","Barrage","Lockon"],"picked":"SKIP","floor":24.0},{"not_picked":["Go for the Eyes+1","FTL"],"picked":"Conserve Battery+1","floor":25.0},{"not_picked":["Turbo+1","Ball Lightning"],"picked":"Auto Shields+1","floor":27.0},{"not_picked":["Darkness+1","Rebound+1"],"picked":"Defragment","floor":28.0},{"not_picked":["Loop+1","Turbo+1"],"picked":"Chaos+1","floor":31.0},{"not_picked":["Fission+1","Biased Cognition"],"picked":"Amplify+1","floor":33.0},{"not_picked":["Sweeping Beam+1","Double Energy+1"],"picked":"Undo+1","floor":35.0},{"not_picked":["Dark Shackles+1","Good Instincts+1"],"picked":"Discovery+1","floor":36.0},{"not_picked":["Steam Power+1","Hologram+1","Compile Driver"],"picked":"SKIP","floor":38.0},{"not_picked":["Skim+1","Beam Cell+1","Compile Driver+1"],"picked":"SKIP","floor":41.0},{"not_picked":["Genetic Algorithm+1","Double Energy+1"],"picked":"Chill+1","floor":44.0},{"not_picked":["Doom and Gloom","Sweeping Beam"],"picked":"Fusion+1","floor":45.0},{"not_picked":["Steam Power+1","Redo+1","Hologram+1"],"picked":"SKIP","floor":46},{"not_picked":["Steam Power+1","Redo+1","Hologram+1"],"picked":"SKIP","floor":46},{"not_picked":["Steam Power+1","Redo+1","Hologram+1"],"picked":"SKIP","floor":46},{"not_picked":["FTL","Turbo+1","Recycle+1"],"picked":"SKIP","floor":48}],"player_experience":779351,"relics_obtained":[{"floor":6.0,"key":"The Courier"},{"floor":8.0,"key":"Lantern"},{"floor":9.0,"key":"Toxic Egg 2"},{"floor":11.0,"key":"Tiny Chest"},{"floor":13.0,"key":"Pear"},{"floor":24.0,"key":"Boot"}],"event_choices":[{"damage_healed":0.0,"max_hp_gain":0.0,"max_hp_loss":0.0,"gold_gain":0.0,"event_name":"Living Wall","player_choice":"Grow","floor":4.0,"gold_loss":0.0,"damage_taken":0.0,"cards_upgraded":["Defragment"]},{"damage_healed":0.0,"max_hp_gain":5.0,"max_hp_loss":0.0,"gold_gain":0.0,"event_name":"Big Fish","player_choice":"Donut","floor":5.0,"gold_loss":0.0,"damage_taken":0.0},{"damage_healed":0.0,"max_hp_gain":0.0,"max_hp_loss":0.0,"gold_gain":0.0,"event_name":"Ghosts","player_choice":"Ignored","floor":20.0,"gold_loss":0.0,"damage_taken":0.0},{"damage_healed":0.0,"max_hp_gain":0.0,"max_hp_loss":0.0,"gold_gain":0.0,"event_name":"WeMeetAgain","player_choice":"Gave Potion","floor":22.0,"gold_loss":0.0,"damage_taken":0.0,"relics_obtained":["Bag of Marbles"]},{"damage_healed":0.0,"max_hp_gain":0.0,"max_hp_loss":0.0,"gold_gain":0.0,"event_name":"Colosseum","player_choice":"Fight","floor":29.0,"gold_loss":0.0,"damage_taken":0.0},{"damage_healed":0.0,"max_hp_gain":0.0,"max_hp_loss":0.0,"gold_gain":0.0,"event_name":"Colosseum","player_choice":"Fled From Nobs","floor":29.0,"gold_loss":0.0,"damage_taken":0.0},{"damage_healed":0.0,"max_hp_gain":0.0,"max_hp_loss":0.0,"gold_gain":0.0,"event_name":"SensoryStone","player_choice":"Memory 1","floor":36.0,"gold_loss":0.0,"damage_taken":0.0},{"damage_healed":0.0,"max_hp_gain":0.0,"max_hp_loss":0.0,"gold_gain":0.0,"event_name":"Tomb of Lord Red Mask","player_choice":"Paid","floor":39.0,"gold_loss":21.0,"damage_taken":0.0,"relics_obtained":["Red Mask"]}],"is_beta":false,"boss_relics":[{"not_picked":["Runic Pyramid","Calling Bell"],"picked":"Cursed Key"},{"not_picked":["Coffee Dripper","White Beast Statue"],"picked":"Black Star"}],"items_purged_floors":[],"is_endless":false,"potions_floor_spawned":[1,6,8,16,24,28,31,33,35,38,45],"ascension_level":0}