{"gold_per_floor":[219,219,235,256,9,9,45,45,70,70,70,91,134,148,148,237,237,257,273,28,53,53,53,53,91,115,154,174,174,198,198,198,198],"floor_reached":33,"playtime":3932,"items_purged":["Strike_R","Strike_R"],"score":640,"play_id":"49c16d49-4fd1-419c-a7d3-7a2d680cc44d","local_time":"20190204163508","is_ascension_mode":true,"campfire_choices":[{"data":"Shockwave","floor":6,"key":"SMITH"},{"floor":11,"key":"REST"},{"floor":15,"key":"REST"},{"floor":23,"key":"REST"},{"floor":29,"key":"REST"},{"floor":32,"key":"REST"}],"neow_cost":"NONE","seed_source_timestamp":1991139268073327,"circlet_count":0,"master_deck":["AscendersBane","Strike_R+1","Strike_R+1","Defend_R+1","Defend_R+1","Defend_R+1","Defend_R+1","Bash","True Grit+1","Cleave","Shockwave+1","Demon Form","Power Through","Corruption","Shrug It Off","Impervious","Sword Boomerang","Metallicize+1","Body Slam"],"relics":["Burning Blood","Golden Idol","Bronze Scales","Smiling Mask","PreservedInsect","Runic Dome","Anchor","Potion Belt","Happy Flower","Vajra","Enchiridion"],"potions_floor_usage":[7,12,14,19,25,27,30,33],"damage_taken":[{"damage":14,"enemies":"Small Slimes","floor":1,"turns":5},{"damage":7,"enemies":"Jaw Worm","floor":3,"turns":8},{"damage":4,"enemies":"Cultist","floor":4,"turns":4},{"damage":8,"enemies":"Lagavulin","floor":7,"turns":7},{"damage":11,"enemies":"Large Slime","floor":12,"turns":5},{"damage":38,"enemies":"Gremlin Nob","floor":13,"turns":5},{"damage":10,"enemies":"Exordium Thugs","floor":14,"turns":5},{"damage":45,"enemies":"Hexaghost","floor":16,"turns":11},{"damage":2,"enemies":"3 Byrds","floor":18,"turns":4},{"damage":34,"enemies":"Chosen","floor":19,"turns":8},{"damage":12,"enemies":"Shelled Parasite and Fungi","floor":21,"turns":4},{"damage":0,"enemies":"Gremlin Leader","floor":25,"turns":5},{"damage":39,"enemies":"Slavers","floor":27,"turns":5},{"damage":8,"enemies":"Snecko","floor":28,"turns":6},{"damage":22,"enemies":"Cultist and Chosen","floor":30,"turns":6},{"damage":64,"enemies":"Collector","floor":33,"turns":8}],"seed_played":"-6663905320065914402","potions_obtained":[{"floor":3,"key":"EssenceOfSteel"},{"floor":4,"key":"Weak Potion"},{"floor":7,"key":"Regen Potion"},{"floor":16,"key":"AttackPotion"},{"floor":18,"key":"BloodPotion"},{"floor":25,"key":"EssenceOfSteel"},{"floor":28,"key":"Swift Potion"},{"floor":30,"key":"Explosive Potion"}],"is_trial":false,"path_per_floor":["M","?","M","M","$","R","E","?","T","$","R","M","E","M","R","B",null,"M","M","$","M","?","R","?","E","T","E","M","R","M","?","R","B"],"character_chosen":"IRONCLAD","items_purchased":["Demon Form","Sword Boomerang","Anchor"],"campfire_rested":5,"item_purchase_floors":[5,20,20],"current_hp_per_floor":[60,34,33,35,35,35,33,33,33,33,55,50,18,28,50,11,59,63,42,42,36,36,58,58,64,64,31,29,51,35,14,36,0],"gold":198,"neow_bonus":"HUNDRED_GOLD","is_prod":false,"is_daily":false,"chose_seed":false,"campfire_upgraded":1,"win_rate":0,"timestamp":1549258508,"path_taken":["M","?","M","M","$","R","E","?","T","?","R","M","E","M","R","BOSS","M","M","$","M","?","R","?","E","T","E","?","R","M","?","R","BOSS"],"build_version":"2019-01-23","purchased_purges":2,"victory":false,"max_hp_per_floor":[75,75,75,75,75,75,75,75,75,75,75,75,75,75,75,75,75,75,75,75,75,75,75,75,75,75,75,75,75,75,75,75,75],"card_choices":[{"not_picked":["Sword Boomerang","Sentinel"],"picked":"True Grit","floor":1},{"not_picked":["Havoc","Shrug It Off"],"picked":"Cleave","floor":3},{"not_picked":["Exhume","Headbutt"],"picked":"Shockwave","floor":4},{"not_picked":["True Grit","Wild Strike","Reckless Charge"],"picked":"SKIP","floor":7},{"not_picked":["Headbutt","Dropkick"],"picked":"Power Through","floor":12},{"not_picked":["Rupture","Combust"],"picked":"Corruption","floor":13},{"not_picked":["Pummel","Dual Wield"],"picked":"Shrug It Off","floor":14},{"not_picked":["Feed","Limit Break"],"picked":"Impervious","floor":16},{"not_picked":["Reckless Charge","Infernal Blade","Warcry"],"picked":"SKIP","floor":18},{"not_picked":["Armaments","Heavy Blade","Wild Strike+1"],"picked":"SKIP","floor":19},{"not_picked":["Seeing Red+1","Warcry","Sword Boomerang+1"],"picked":"SKIP","floor":21},{"not_picked":["Sentinel","Thunderclap","Perfected Strike"],"picked":"SKIP","floor":25},{"not_picked":["Havoc","Bludgeon"],"picked":"Metallicize+1","floor":27},{"not_picked":["Pummel","Headbutt+1","Warcry"],"picked":"SKIP","floor":28},{"not_picked":["Pummel","Headbutt+1","Warcry"],"picked":"SKIP","floor":28},{"not_picked":["Warcry","Twin Strike+1"],"picked":"Body Slam","floor":30}],"player_experience":717094,"relics_obtained":[{"floor":7,"key":"Bronze Scales"},{"floor":9,"key":"Smiling Mask"},{"floor":13,"key":"PreservedInsect"},{"floor":25,"key":"Potion Belt"},{"floor":26,"key":"Happy Flower"},{"floor":27,"key":"Vajra"},{"floor":31,"key":"Enchiridion"}],"event_choices":[{"damage_healed":0,"gold_gain":0,"player_choice":"Take Damage","damage_taken":26,"relics_obtained":["Golden Idol"],"max_hp_gain":0,"max_hp_loss":0,"event_name":"Golden Idol","floor":2,"gold_loss":0},{"damage_healed":0,"gold_gain":0,"player_choice":"Grow","damage_taken":0,"max_hp_gain":0,"max_hp_loss":0,"event_name":"Living Wall","floor":8,"gold_loss":0,"cards_upgraded":["True Grit"]},{"damage_healed":0,"gold_gain":0,"player_choice":"Simplicity","damage_taken":0,"max_hp_gain":0,"max_hp_loss":0,"event_name":"Back to Basics","floor":22,"gold_loss":0,"cards_upgraded":["Strike_R","Strike_R","Strike_R","Defend_R","Defend_R","Defend_R","Defend_R"]},{"cards_removed":["Strike_R"],"damage_healed":0,"gold_gain":0,"player_choice":"Purged","damage_taken":0,"max_hp_gain":0,"max_hp_loss":0,"event_name":"Purifier","floor":24,"gold_loss":0},{"damage_healed":0,"gold_gain":0,"player_choice":"Obtained Book","damage_taken":21,"max_hp_gain":0,"max_hp_loss":0,"event_name":"Cursed Tome","floor":31,"gold_loss":0}],"is_beta":false,"boss_relics":[{"not_picked":["Black Star","Busted Crown"],"picked":"Runic Dome"}],"items_purged_floors":[5,20],"is_endless":false,"potions_floor_spawned":[3,4,7,16,18,25,28,30],"killed_by":"Collector","ascension_level":20}