{"gold_per_floor":[117,117,171,171,183,210,210,225,275,200,218,244,256,276,276,380,380,393,408,158,158,3,3,35,54,80,80,108,108,140,140,140,140],"floor_reached":33,"playtime":1126,"items_purged":["Strike_G","Strike_G"],"score":334,"play_id":"39ba9030-80e6-4cbe-a890-dd69eb782edf","local_time":"20190207102855","is_ascension_mode":true,"campfire_choices":[{"data":"Noxious Fumes","floor":7.0,"key":"SMITH"},{"floor":15.0,"key":"REST"},{"data":"1","floor":23.0,"key":"LIFT"},{"floor":27.0,"key":"REST"},{"floor":29.0,"key":"REST"},{"data":"2","floor":32,"key":"LIFT"}],"neow_cost":"NONE","seed_source_timestamp":0,"circlet_count":0,"master_deck":["Defend_G","Defend_G","Defend_G","Defend_G","Defend_G+1","Strike_G+1","Strike_G+1","Survivor","Neutralize","Terror","Blade Dance","Noxious Fumes+1","Bane","Predator","Bane","Doppelganger+1","Calculated Gamble+1","Backflip","Backstab","PiercingWail+1","Leg Sweep+1"],"special_seed":0,"relics":["Ring of the Snake","NeowsBlessing","Tiny Chest","Vajra","Whetstone","Girya","Philosopher\u0027s Stone","War Paint","Regal Pillow","Darkstone Periapt","Omamori","Red Mask","Juzu Bracelet"],"potions_floor_usage":[],"damage_taken":[{"damage":0.0,"enemies":"Jaw Worm","floor":1.0,"turns":1.0},{"damage":0.0,"enemies":"Small Slimes","floor":5.0,"turns":1.0},{"damage":0.0,"enemies":"3 Sentries","floor":6.0,"turns":1.0},{"damage":1.0,"enemies":"Cultist","floor":8.0,"turns":3.0},{"damage":1.0,"enemies":"Red Slaver","floor":11.0,"turns":2.0},{"damage":18.0,"enemies":"Lagavulin","floor":12.0,"turns":5.0},{"damage":8.0,"enemies":"Gremlin Gang","floor":13.0,"turns":5.0},{"damage":12.0,"enemies":"Exordium Thugs","floor":14.0,"turns":4.0},{"damage":22.0,"enemies":"The Guardian","floor":16.0,"turns":8.0},{"damage":16.0,"enemies":"3 Byrds","floor":18.0,"turns":4.0},{"damage":21.0,"enemies":"Spheric Guardian","floor":19.0,"turns":4.0},{"damage":16.0,"enemies":"Book of Stabbing","floor":24.0,"turns":4.0},{"damage":10.0,"enemies":"Snecko","floor":25.0,"turns":4.0},{"damage":15.0,"enemies":"Masked Bandits","floor":28.0,"turns":4.0},{"damage":19,"enemies":"Slavers","floor":30,"turns":5},{"damage":0,"enemies":"Champ","floor":33,"turns":1}],"seed_played":"-4843334433553799013","potions_obtained":[{"floor":4.0,"key":"FairyPotion"},{"floor":4.0,"key":"AttackPotion"},{"floor":4.0,"key":"Poison Potion"},{"floor":6.0,"key":"EssenceOfSteel"},{"floor":8.0,"key":"EssenceOfSteel"},{"floor":24.0,"key":"Energy Potion"},{"floor":28.0,"key":"AttackPotion"}],"is_trial":false,"path_per_floor":["M","?","T","?","M","E","R","M","T","$","M","E","M","M","R","B",null,"M","M","$","?","$","R","E","M","T","R","?","R","E","T","R","B"],"character_chosen":"THE_SILENT","items_purchased":["War Paint","Regal Pillow"],"campfire_rested":3,"item_purchase_floors":[20,22],"current_hp_per_floor":[70,63,63,63,63,63,63,62,62,62,61,43,35,23,44,22,70,54,33,33,33,33,33,17,7,7,43,28,64,45,45,45,45],"gold":140,"neow_bonus":"THREE_ENEMY_KILL","is_prod":false,"is_daily":false,"chose_seed":false,"campfire_upgraded":1,"win_rate":0,"timestamp":1549531735,"path_taken":["M","?","?","?","?","E","R","M","T","?","?","E","?","M","R","BOSS","M","M","$","?","$","R","E","M","T","R","?","R","E","?","R","BOSS"],"build_version":"2019-01-23","purchased_purges":2,"victory":false,"max_hp_per_floor":[70,70,70,70,70,70,70,70,70,70,70,70,70,70,70,70,70,70,70,70,70,70,70,70,70,70,70,70,70,70,70,70,70],"card_choices":[{"not_picked":["Dodge and Roll","PiercingWail"],"picked":"Terror","floor":1.0},{"not_picked":["Bouncing Flask","Finisher"],"picked":"Blade Dance","floor":5.0},{"not_picked":["Night Terror","Prepared"],"picked":"Noxious Fumes","floor":6.0},{"not_picked":["Backflip","Endless Agony"],"picked":"Bane","floor":8.0},{"not_picked":["Choke","Distraction"],"picked":"Predator","floor":11.0},{"not_picked":["Setup","Expertise"],"picked":"Bane","floor":12.0},{"not_picked":["Dagger Throw","Sucker Punch","Slice"],"picked":"SKIP","floor":13.0},{"not_picked":["Outmaneuver","Flying Knee","Blade Dance"],"picked":"SKIP","floor":14.0},{"not_picked":["Grand Finale","Wraith Form v2"],"picked":"Doppelganger","floor":16.0},{"not_picked":["Underhanded Strike","Reflex+1"],"picked":"Calculated Gamble+1","floor":18.0},{"not_picked":["Deflect","Deadly Poison+1"],"picked":"Backflip","floor":19.0},{"not_picked":["Choke","Bane+1"],"picked":"Backstab","floor":24.0},{"not_picked":["Bouncing Flask","Blade Dance","Slice"],"picked":"SKIP","floor":25.0},{"not_picked":["Backflip+1","Predator"],"picked":"PiercingWail+1","floor":28.0},{"not_picked":["Expertise+1","Reflex"],"picked":"Leg Sweep+1","floor":30}],"player_experience":36527,"relics_obtained":[{"floor":3.0,"key":"Tiny Chest"},{"floor":6.0,"key":"Vajra"},{"floor":9.0,"key":"Whetstone"},{"floor":12.0,"key":"Girya"},{"floor":24.0,"key":"Darkstone Periapt"},{"floor":26.0,"key":"Omamori"},{"floor":28.0,"key":"Red Mask"},{"floor":30,"key":"Juzu Bracelet"}],"event_choices":[{"cards_removed":["Strike_G"],"damage_healed":0.0,"max_hp_gain":0.0,"max_hp_loss":0.0,"gold_gain":0.0,"event_name":"Golden Wing","player_choice":"Card Removal","floor":2.0,"gold_loss":0.0,"damage_taken":7.0},{"damage_healed":0.0,"max_hp_gain":0.0,"max_hp_loss":0.0,"gold_gain":0.0,"event_name":"Lab","player_choice":"Got Potions","floor":4.0,"gold_loss":0.0,"damage_taken":0.0},{"damage_healed":0.0,"max_hp_gain":0.0,"max_hp_loss":0.0,"gold_gain":0.0,"event_name":"Ghosts","player_choice":"Ignored","floor":21.0,"gold_loss":0.0,"damage_taken":0.0},{"damage_healed":0.0,"max_hp_gain":0.0,"max_hp_loss":0.0,"gold_gain":0.0,"event_name":"Masked Bandits","player_choice":"Fought Bandits","floor":28.0,"gold_loss":0.0,"damage_taken":0.0}],"is_beta":false,"boss_relics":[{"not_picked":["Runic Dome","Orrery"],"picked":"Philosopher\u0027s Stone"}],"items_purged_floors":[10,20],"is_endless":false,"potions_floor_spawned":[6,8,12,14,19,24,28],"killed_by":"Champ","ascension_level":1}