{"gold_per_floor":[110,126,136,152,170,203,223,223,248,248,264,280,314,339,339,436,436,451,471,471,471,486,486,515,364,364,364],"floor_reached":27,"playtime":1660,"items_purged":[],"score":408,"play_id":"692262a3-8698-4440-b266-21f8c0fe5bde","local_time":"20181102143942","is_ascension_mode":true,"campfire_choices":[{"floor":8.0,"key":"REST"},{"floor":10.0,"key":"REST"},{"floor":15,"key":"REST"},{"data":"Catalyst","floor":23,"key":"SMITH"}],"neow_cost":"PERCENT_DAMAGE","seed_source_timestamp":424374398793696,"circlet_count":0,"master_deck":["AscendersBane","Defend_G","Defend_G","Defend_G","Defend_G","Defend_G","Survivor","Neutralize","Flying Knee","Poisoned Stab","Dagger Throw","Deadly Poison","Dagger Spray","Flying Knee","Catalyst+1","Sucker Punch","Dagger Spray+1","Noxious Fumes","PiercingWail","Doppelganger+1","Noxious Fumes","Noxious Fumes+1","Bite","Bite","Bite","Bite","Bite","Deadly Poison","Prepared"],"special_seed":0,"relics":["Ring of the Snake","FossilizedHelix","Darkstone Periapt","Boot","Bag of Preparation","Odd Mushroom","Black Star","Smiling Mask","Bronze Scales","Lantern","The Courier"],"potions_floor_usage":[18,22,22],"damage_taken":[{"damage":7.0,"enemies":"Cultist","floor":1.0,"turns":4.0},{"damage":0.0,"enemies":"2 Louse","floor":2.0,"turns":3.0},{"damage":0.0,"enemies":"Jaw Worm","floor":3.0,"turns":5.0},{"damage":0.0,"enemies":"3 Louse","floor":4.0,"turns":4.0},{"damage":0.0,"enemies":"Looter","floor":5.0,"turns":3.0},{"damage":25.0,"enemies":"3 Sentries","floor":6.0,"turns":10.0},{"damage":10.0,"enemies":"Exordium Thugs","floor":7.0,"turns":5.0},{"damage":0.0,"enemies":"Blue Slaver","floor":11.0,"turns":3.0},{"damage":0.0,"enemies":"Looter","floor":12.0,"turns":3.0},{"damage":8.0,"enemies":"Gremlin Nob","floor":13.0,"turns":4.0},{"damage":0.0,"enemies":"The Mushroom Lair","floor":14.0,"turns":2.0},{"damage":25,"enemies":"The Guardian","floor":16,"turns":9},{"damage":0,"enemies":"3 Byrds","floor":18,"turns":4},{"damage":10,"enemies":"Chosen","floor":19,"turns":5},{"damage":26,"enemies":"Shelled Parasite and Fungi","floor":22,"turns":7},{"damage":28,"enemies":"Slavers","floor":24,"turns":5},{"damage":19,"enemies":"Sentry and Sphere","floor":27,"turns":3}],"seed_played":"-5976078139676481186","potions_obtained":[{"floor":1.0,"key":"Block Potion"},{"floor":3.0,"key":"FearPotion"},{"floor":5.0,"key":"Fruit Juice"},{"floor":12.0,"key":"Fire Potion"},{"floor":14,"key":"AttackPotion"},{"floor":18,"key":"EntropicBrew"},{"floor":19,"key":"Block Potion"}],"is_trial":false,"path_per_floor":["M","M","M","M","M","E","M","R","T","R","M","M","E","?","?","R","B",null,"M","M","?","?","M","R","E","$","T","M"],"character_chosen":"THE_SILENT","items_purchased":["Lantern"],"campfire_rested":3,"item_purchase_floors":[25],"current_hp_per_floor":[38,38,38,38,38,18,8,30,30,52,52,52,44,29,51,26,63,63,53,52,52,32,32,8,8,8,0],"gold":364,"neow_bonus":"ONE_RARE_RELIC","is_prod":false,"is_daily":false,"chose_seed":false,"campfire_upgraded":1,"win_rate":0,"timestamp":1541194782,"path_taken":["M","M","M","?","?","E","M","R","T","R","M","M","E","?","R","BOSS","M","M","?","?","M","R","E","$","T","M"],"build_version":"2018-11-01","purchased_purges":0,"victory":false,"max_hp_per_floor":[70,70,70,70,70,75,75,75,75,75,75,75,75,75,75,75,75,75,75,52,52,52,52,52,52,52,52],"card_choices":[{"not_picked":["Heel Hook","Outmaneuver"],"picked":"Flying Knee","floor":1.0},{"not_picked":["Caltrops","Predator"],"picked":"Poisoned Stab","floor":2.0},{"not_picked":["Prepared","Dodge and Roll"],"picked":"Dagger Throw","floor":3.0},{"not_picked":["Riddle With Holes","Outmaneuver"],"picked":"Deadly Poison","floor":4.0},{"not_picked":["Outmaneuver","Flying Knee"],"picked":"Dagger Spray","floor":5.0},{"not_picked":["Grand Finale","Poisoned Stab"],"picked":"Flying Knee","floor":6.0},{"not_picked":["Heel Hook","Acrobatics"],"picked":"Catalyst","floor":7.0},{"not_picked":["Prepared","Bane"],"picked":"Sucker Punch","floor":11.0},{"not_picked":["Skewer","Flying Knee"],"picked":"Dagger Spray","floor":12.0},{"not_picked":["Skewer","Reflex"],"picked":"Noxious Fumes","floor":13.0},{"not_picked":["Underhanded Strike","Phantasmal Killer"],"picked":"PiercingWail","floor":14},{"not_picked":["Grand Finale","Bullet Time"],"picked":"Doppelganger","floor":16},{"not_picked":["Deadly Poison","Finisher"],"picked":"Noxious Fumes","floor":18},{"not_picked":["Endless Agony","Concentrate"],"picked":"Noxious Fumes+1","floor":19},{"not_picked":["Blade Dance","Dagger Throw"],"picked":"Deadly Poison","floor":22},{"not_picked":["Blade Dance","Riddle With Holes"],"picked":"Prepared","floor":24}],"player_experience":91264,"relics_obtained":[{"floor":6.0,"key":"Darkstone Periapt"},{"floor":9.0,"key":"Boot"},{"floor":13.0,"key":"Bag of Preparation"},{"floor":14,"key":"Odd Mushroom"},{"floor":24,"key":"Smiling Mask"},{"floor":24,"key":"Bronze Scales"},{"floor":26,"key":"The Courier"}],"event_choices":[{"damage_healed":0.0,"max_hp_gain":0.0,"max_hp_loss":0.0,"gold_gain":0.0,"event_name":"Mushrooms","player_choice":"Fought Mushrooms","floor":14.0,"gold_loss":0.0,"damage_taken":0.0},{"damage_healed":0,"gold_gain":0,"player_choice":"Entered Light","damage_taken":15,"max_hp_gain":0,"max_hp_loss":0,"event_name":"Shining Light","floor":14,"gold_loss":0,"cards_upgraded":["Strike_G","Dagger Spray"]},{"damage_healed":0,"gold_gain":0,"player_choice":"Became a vampire","damage_taken":0,"max_hp_gain":0,"max_hp_loss":23,"event_name":"Vampires","floor":20,"gold_loss":0,"cards_obtained":["Bite","Bite","Bite","Bite","Bite"]},{"damage_healed":0,"gold_gain":0,"player_choice":"Forge","damage_taken":0,"max_hp_gain":0,"max_hp_loss":0,"event_name":"Accursed Blacksmith","floor":21,"gold_loss":0,"cards_upgraded":["Doppelganger"]}],"is_beta":false,"boss_relics":[{"not_picked":["Snecko Eye","Ring of the Serpent"],"picked":"Black Star"}],"items_purged_floors":[],"is_endless":false,"potions_floor_spawned":[1,3,5,12,14,16,18,19],"killed_by":"Sentry and Sphere","ascension_level":11}