{"gold_per_floor":[115,115,14,32,48,74,74,100,150,150,50,65,94,44,44,141,141,155,30,43,43,55,55,55,55,55,70,70,82,82,93,93,197,197,212,62,73,86,0,0,0,0,0,0,0,34,34,48,48,48],"floor_reached":51,"playtime":1860,"items_purged":["Strike_G","Strike_G","Strike_G","Defend_G"],"score":768,"play_id":"7fc8bc2d-024c-4fcf-8812-52082037bc98","local_time":"20190201125120","is_ascension_mode":false,"campfire_choices":[{"data":"Dagger Spray","floor":7.0,"key":"SMITH"},{"data":"Footwork","floor":10.0,"key":"SMITH"},{"data":"Bouncing Flask","floor":15.0,"key":"SMITH"},{"data":"Envenom","floor":23.0,"key":"SMITH"},{"data":"Crippling Poison","floor":25.0,"key":"SMITH"},{"data":"Footwork","floor":28.0,"key":"SMITH"},{"data":"Dodge and Roll","floor":30.0,"key":"SMITH"},{"data":"Dodge and Roll","floor":32.0,"key":"SMITH"},{"data":"Corpse Explosion","floor":40,"key":"SMITH"},{"data":"Cloak And Dagger","floor":42,"key":"SMITH"},{"data":"Leg Sweep","floor":44,"key":"SMITH"},{"data":"Neutralize","floor":49,"key":"SMITH"}],"neow_cost":"NONE","seed_source_timestamp":0,"circlet_count":0,"master_deck":["Defend_G","Defend_G","Defend_G","Defend_G","Survivor+1","Neutralize+1","Dagger Spray+1","Cloak And Dagger+1","Cloak And Dagger+1","Leg Sweep+1","Footwork+1","Bouncing Flask+1","Envenom+1","Dagger Throw+1","Sucker Punch+1","Crippling Poison+1","Footwork+1","Dodge and Roll+1","Dodge and Roll+1","Corpse Explosion+1","Blur+1"],"special_seed":0,"relics":["Ring of the Snake","Pear","War Paint","Orichalcum","Question Card","Busted Crown","Tough Bandages","Lizard Tail","Red Mask","Letter Opener","Bottled Tornado"],"potions_floor_usage":[50,50,50],"damage_taken":[{"damage":0.0,"enemies":"Small Slimes","floor":1.0,"turns":3.0},{"damage":1.0,"enemies":"Cultist","floor":4.0,"turns":4.0},{"damage":3.0,"enemies":"Jaw Worm","floor":5.0,"turns":5.0},{"damage":29.0,"enemies":"Lagavulin","floor":6.0,"turns":8.0},{"damage":13.0,"enemies":"3 Sentries","floor":8.0,"turns":8.0},{"damage":0.0,"enemies":"3 Louse","floor":12.0,"turns":2.0},{"damage":0.0,"enemies":"Lagavulin","floor":13.0,"turns":4.0},{"damage":14.0,"enemies":"The Guardian","floor":16.0,"turns":9.0},{"damage":0.0,"enemies":"Chosen","floor":18.0,"turns":5.0},{"damage":0.0,"enemies":"Shell Parasite","floor":20.0,"turns":5.0},{"damage":10.0,"enemies":"Snecko","floor":22.0,"turns":5.0},{"damage":9.0,"enemies":"Snake Plant","floor":27.0,"turns":4.0},{"damage":0.0,"enemies":"Centurion and Healer","floor":29.0,"turns":6.0},{"damage":6.0,"enemies":"Shelled Parasite and Fungi","floor":31.0,"turns":6.0},{"damage":35.0,"enemies":"Collector","floor":33.0,"turns":13.0},{"damage":0,"enemies":"Orb Walker","floor":35,"turns":6},{"damage":13,"enemies":"3 Darklings","floor":37,"turns":6},{"damage":12,"enemies":"Maw","floor":38,"turns":9},{"damage":12,"enemies":"Nemesis","floor":46,"turns":9},{"damage":10,"enemies":"Writhing Mass","floor":48,"turns":7},{"damage":20,"enemies":"Donu and Deca","floor":50,"turns":7}],"seed_played":"-3244452788757170906","potions_obtained":[{"floor":4.0,"key":"Poison Potion"},{"floor":5.0,"key":"SkillPotion"},{"floor":8.0,"key":"FearPotion"},{"floor":12.0,"key":"AttackPotion"},{"floor":13.0,"key":"GhostInAJar"},{"floor":20.0,"key":"PowerPotion"},{"floor":22.0,"key":"AttackPotion"},{"floor":29.0,"key":"SkillPotion"},{"floor":31.0,"key":"Fire Potion"},{"floor":33.0,"key":"Poison Potion"},{"floor":35,"key":"GhostInAJar"},{"floor":38,"key":"AttackPotion"},{"floor":46,"key":"Regen Potion"}],"is_trial":false,"path_per_floor":["M","?","$","M","M","E","R","E","T","R","$","M","E","?","R","B",null,"M","$","M","?","M","R","$","R","T","M","R","M","R","M","R","B",null,"M","$","M","M","?","R","?","R","T","R","$","E","?","M","R","B",null],"character_chosen":"THE_SILENT","items_purchased":["Dagger Spray"],"campfire_rested":0,"item_purchase_floors":[3],"current_hp_per_floor":[77,77,77,76,73,54,54,41,41,41,41,41,41,41,41,27,87,87,87,87,87,77,77,77,77,77,68,68,68,68,62,62,27,87,87,87,74,62,62,62,62,62,62,62,62,50,87,77,77,72],"gold":48,"neow_bonus":"TEN_PERCENT_HP_BONUS","is_prod":false,"is_daily":false,"chose_seed":false,"campfire_upgraded":12,"win_rate":0,"timestamp":1548996680,"path_taken":["M","?","$","M","?","E","R","E","T","R","$","M","E","?","R","BOSS","M","$","M","?","?","R","?","R","T","M","R","?","R","M","R","BOSS","M","$","M","M","?","R","?","R","T","R","?","E","?","?","R","BOSS"],"build_version":"2019-01-23","purchased_purges":4,"victory":true,"max_hp_per_floor":[77,77,77,77,77,87,87,87,87,87,87,87,87,87,87,87,87,87,87,87,87,87,87,87,87,87,87,87,87,87,87,87,87,87,87,87,87,87,87,87,87,87,87,87,87,87,87,87,87,87],"card_choices":[{"not_picked":["Poisoned Stab","Blade Dance"],"picked":"All Out Attack","floor":1.0},{"not_picked":["Heel Hook","Underhanded Strike"],"picked":"Cloak And Dagger","floor":4.0},{"not_picked":["Slice","Flechettes"],"picked":"Cloak And Dagger","floor":5.0},{"not_picked":["Quick Slash","Dagger Spray"],"picked":"Leg Sweep","floor":6.0},{"not_picked":["Leg Sweep","Poisoned Stab"],"picked":"Footwork","floor":8.0},{"not_picked":["PiercingWail","Deadly Poison"],"picked":"Dagger Spray","floor":12.0},{"not_picked":["Escape Plan","Setup"],"picked":"Bouncing Flask","floor":13.0},{"not_picked":["Unload","Die Die Die","Malaise"],"picked":"Envenom","floor":16.0},{"not_picked":["Underhanded Strike"],"picked":"Dagger Throw+1","floor":18.0},{"not_picked":["Flechettes+1"],"picked":"Sucker Punch+1","floor":20.0},{"not_picked":["Caltrops"],"picked":"Crippling Poison","floor":22.0},{"not_picked":["Underhanded Strike"],"picked":"Footwork","floor":27.0},{"not_picked":["Tactician"],"picked":"Dodge and Roll","floor":29.0},{"not_picked":["Slice"],"picked":"Dodge and Roll","floor":31.0},{"not_picked":["Storm of Steel"],"picked":"Corpse Explosion","floor":33.0},{"not_picked":["Quick Slash+1","Eviscerate"],"picked":"SKIP","floor":35},{"not_picked":["Cloak And Dagger"],"picked":"Blur+1","floor":37},{"not_picked":["Deflect","Bane+1"],"picked":"SKIP","floor":38},{"not_picked":["Night Terror","Acrobatics+1"],"picked":"SKIP","floor":46},{"not_picked":["Sucker Punch+1","Slice"],"picked":"SKIP","floor":48}],"player_experience":163032,"relics_obtained":[{"floor":6.0,"key":"Pear"},{"floor":8.0,"key":"War Paint"},{"floor":9.0,"key":"Orichalcum"},{"floor":13.0,"key":"Question Card"},{"floor":26.0,"key":"Tough Bandages"},{"floor":43,"key":"Letter Opener"},{"floor":46,"key":"Bottled Tornado"}],"event_choices":[{"cards_removed":["All Out Attack"],"damage_healed":0.0,"max_hp_gain":0.0,"max_hp_loss":0.0,"gold_gain":0.0,"event_name":"Bonfire Elementals","player_choice":"Offered Uncommon","floor":2.0,"gold_loss":0.0,"damage_taken":0.0},{"cards_removed":["Strike_G"],"damage_healed":0.0,"max_hp_gain":0.0,"max_hp_loss":0.0,"gold_gain":0.0,"event_name":"The Cleric","player_choice":"Card Removal","floor":14.0,"gold_loss":50.0,"damage_taken":0.0},{"cards_removed":["Strike_G"],"damage_healed":0.0,"max_hp_gain":0.0,"max_hp_loss":0.0,"gold_gain":0.0,"event_name":"Wheel of Change","player_choice":"Card Removal","floor":21.0,"gold_loss":0.0,"damage_taken":0.0},{"damage_healed":0,"gold_gain":0,"player_choice":"Paid","damage_taken":0,"relics_obtained":["Red Mask"],"max_hp_gain":0,"max_hp_loss":0,"event_name":"Tomb of Lord Red Mask","floor":39,"gold_loss":86},{"cards_removed":["Dagger Spray"],"damage_healed":0,"gold_gain":0,"player_choice":"Removed Attack","damage_taken":0,"max_hp_gain":0,"max_hp_loss":0,"event_name":"Falling","floor":41,"gold_loss":0},{"damage_healed":37,"gold_gain":0,"player_choice":"Full Heal","damage_taken":0,"max_hp_gain":0,"max_hp_loss":0,"event_name":"Wheel of Change","floor":47,"gold_loss":0}],"is_beta":false,"boss_relics":[{"not_picked":["Runic Pyramid","WristBlade"],"picked":"Busted Crown"},{"not_picked":["Tiny House","White Beast Statue"],"picked":"Lizard Tail"}],"items_purged_floors":[3,11,19,36],"is_endless":false,"potions_floor_spawned":[4,5,8,12,13,20,22,29,31,33,35,38,46],"ascension_level":0}