{"gold_per_floor":[115,115,115,36,50,50,84,101,182,182,198,232,12,28,28,107,107,121,67,67,67,67,67,67,67,67,67],"floor_reached":27,"playtime":1604,"items_purged":[],"score":484,"play_id":"de8a5f2b-7e1f-4841-a4d1-7b1e413a9d25","local_time":"20181229225852","is_ascension_mode":true,"campfire_choices":[{"data":"Poisoned Stab","floor":6,"key":"SMITH"},{"data":"Poisoned Stab","floor":10,"key":"SMITH"},{"floor":15,"key":"REST"},{"data":"Envenom","floor":23,"key":"SMITH"},{"data":"Neutralize","floor":25,"key":"SMITH"}],"neow_cost":"NONE","seed_source_timestamp":1081844292020317,"circlet_count":0,"master_deck":["AscendersBane","Defend_G","Defend_G","Defend_G","Defend_G","Defend_G","Strike_G","Strike_G","Strike_G","Strike_G","Survivor","Neutralize+1","Sucker Punch","All Out Attack","Poisoned Stab+1","Deflect","Poisoned Stab+1","Infinite Blades","Dagger Spray","Bouncing Flask","Envenom+1","Deflect+1","Writhe"],"relics":["Ring of the Serpent","NeowsBlessing","Juzu Bracelet","Boot","Bottled Lightning","Lantern","Nloth\u0027s Gift","Molten Egg 2","Toxic Egg 2"],"potions_floor_usage":[12,16,16,27,27],"damage_taken":[{"damage":0,"enemies":"Jaw Worm","floor":1,"turns":1},{"damage":0,"enemies":"Cultist","floor":5,"turns":1},{"damage":0,"enemies":"3 Sentries","floor":7,"turns":1},{"damage":0,"enemies":"2 Louse","floor":8,"turns":2},{"damage":2,"enemies":"Gremlin Gang","floor":11,"turns":3},{"damage":7,"enemies":"Lagavulin","floor":12,"turns":7},{"damage":0,"enemies":"2 Fungi Beasts","floor":14,"turns":2},{"damage":40,"enemies":"The Guardian","floor":16,"turns":12},{"damage":4,"enemies":"Chosen","floor":18,"turns":5},{"damage":52,"enemies":"Book of Stabbing","floor":27,"turns":5}],"seed_played":"-1452890636894632020","potions_obtained":[{"floor":5,"key":"Ancient Potion"},{"floor":7,"key":"Energy Potion"},{"floor":14,"key":"Regen Potion"},{"floor":16,"key":"PowerPotion"}],"is_trial":false,"path_per_floor":["M","?","?","$","M","R","E","M","T","R","M","E","$","M","R","B",null,"M","$","?","?","?","R","?","R","T","E"],"character_chosen":"THE_SILENT","items_purchased":["All Out Attack","Lantern","SkillPotion","Strength Potion"],"campfire_rested":1,"item_purchase_floors":[4,13,13,19],"current_hp_per_floor":[59,33,33,33,33,33,33,33,33,33,31,24,24,24,43,18,54,50,50,50,50,50,50,50,50,50,0],"gold":67,"neow_bonus":"THREE_ENEMY_KILL","is_prod":false,"is_daily":false,"chose_seed":false,"campfire_upgraded":4,"win_rate":0,"timestamp":1546153132,"path_taken":["M","?","?","$","M","R","E","M","T","R","M","E","$","M","R","BOSS","M","?","?","?","?","R","?","R","T","E"],"build_version":"2018-12-20","purchased_purges":0,"victory":false,"max_hp_per_floor":[66,66,66,66,66,66,66,66,66,66,66,66,66,66,66,66,66,66,66,66,66,66,66,66,66,66,66],"card_choices":[{"not_picked":["Dagger Throw","Blur"],"picked":"Sucker Punch","floor":1},{"not_picked":["PiercingWail","Accuracy"],"picked":"Poisoned Stab","floor":5},{"not_picked":["Outmaneuver","Sucker Punch"],"picked":"Deflect","floor":7},{"not_picked":["Deflect","Setup"],"picked":"Poisoned Stab","floor":8},{"not_picked":["Concentrate","After Image"],"picked":"Infinite Blades","floor":11},{"not_picked":["Quick Slash","Outmaneuver"],"picked":"Dagger Spray","floor":12},{"not_picked":["Expertise","Night Terror"],"picked":"Bouncing Flask","floor":14},{"not_picked":["Grand Finale","Die Die Die"],"picked":"Envenom","floor":16},{"not_picked":["Dagger Spray","Bouncing Flask+1"],"picked":"Deflect+1","floor":18}],"player_experience":274794,"relics_obtained":[{"floor":7,"key":"Boot"},{"floor":9,"key":"Dodecahedron"},{"floor":12,"key":"Bottled Lightning"},{"floor":26,"key":"Toxic Egg 2"}],"event_choices":[{"damage_healed":0,"gold_gain":0,"player_choice":"Success","damage_taken":26,"relics_obtained":["Juzu Bracelet"],"max_hp_gain":0,"max_hp_loss":0,"event_name":"Scrap Ooze","floor":2,"gold_loss":0},{"cards_removed":["Strike_G"],"damage_healed":0,"gold_gain":0,"player_choice":"Offered Basic","damage_taken":0,"max_hp_gain":0,"max_hp_loss":0,"event_name":"Bonfire Elementals","floor":3,"gold_loss":0},{"damage_healed":0,"gold_gain":0,"player_choice":"Traded Relic","damage_taken":0,"relics_obtained":["Nloth\u0027s Gift"],"max_hp_gain":0,"max_hp_loss":0,"event_name":"N\u0027loth","floor":20,"relics_lost":["Dodecahedron"],"gold_loss":0},{"damage_healed":0,"gold_gain":0,"player_choice":"Ignored","damage_taken":0,"max_hp_gain":0,"max_hp_loss":0,"event_name":"Beggar","floor":21,"gold_loss":0},{"damage_healed":0,"gold_gain":0,"player_choice":"Ignored","damage_taken":0,"max_hp_gain":0,"max_hp_loss":0,"event_name":"Ghosts","floor":22,"gold_loss":0},{"damage_healed":0,"gold_gain":0,"player_choice":"Opened","damage_taken":0,"relics_obtained":["Molten Egg 2"],"max_hp_gain":0,"max_hp_loss":0,"event_name":"The Mausoleum","floor":24,"gold_loss":0,"cards_obtained":["Writhe"]}],"is_beta":false,"boss_relics":[{"not_picked":["Pandora\u0027s Box","Eternal Feather"],"picked":"Ring of the Serpent"}],"items_purged_floors":[],"is_endless":false,"potions_floor_spawned":[5,7,14,16],"killed_by":"Book of Stabbing","ascension_level":20}