{"gold_per_floor":[110,122,77,152,67,94,94,18,18,50,50,50,50,74,74,197,197,220,135,159,159,174,174,273,273,273,273,292,312,336,367,367,367],"floor_reached":33,"playtime":2760,"items_purged":[],"score":273,"play_id":"2096738e-0f1d-4150-9ecc-57a9e39154a1","local_time":"20180623200043","is_ascension_mode":false,"campfire_choices":[{"floor":7,"key":"REST"},{"floor":13,"key":"REST"},{"floor":15,"key":"REST"},{"floor":23,"key":"REST"},{"data":"White Noise","floor":25,"key":"SMITH"},{"floor":32,"key":"REST"}],"neow_cost":"NONE","seed_source_timestamp":37838792806932,"circlet_count":0,"master_deck":["Strike_B","Strike_B","Strike_B","Strike_B","Defend_B","Defend_B","Defend_B","Defend_B+1","Zap+1","Dualcast+1","Conserve Battery","Cold Snap","Steam","Static Discharge","Leap","Hologram","Loop","FTL","Injury","Darkness","Electrodynamics","White Noise+1","Redo","Compile Driver+1","BootSequence","Undo+1","Self Repair","Chaos+1","Redo"],"relics":["Cracked Core","Question Card","Matryoshka","War Paint","Golden Idol","Busted Crown","Meat on the Bone","Juzu Bracelet","Anchor","Bag of Preparation","Bronze Scales"],"potions_floor_usage":[28,30,31,33],"damage_taken":[{"damage":1,"enemies":"Jaw Worm","floor":1,"turns":3},{"damage":0,"enemies":"Small Slimes","floor":2,"turns":3},{"damage":44,"enemies":"Gremlin Nob","floor":6,"turns":5},{"damage":17,"enemies":"3 Sentries","floor":10,"turns":7},{"damage":0,"enemies":"Cultist","floor":14,"turns":3},{"damage":37,"enemies":"Hexaghost","floor":16,"turns":10},{"damage":20,"enemies":"2 Thieves","floor":18,"turns":5},{"damage":7,"enemies":"3 Byrds","floor":20,"turns":4},{"damage":5,"enemies":"Centurion and Healer","floor":22,"turns":5},{"damage":2,"enemies":"Snake Plant","floor":28,"turns":3},{"damage":12,"enemies":"Slaver and Parasite","floor":29,"turns":3},{"damage":30,"enemies":"Snecko","floor":30,"turns":5},{"damage":34,"enemies":"Slavers","floor":31,"turns":5},{"damage":57,"enemies":"Champ","floor":33,"turns":13}],"seed_played":"2733765234519260473","potions_obtained":[{"floor":6,"key":"FearPotion"},{"floor":10,"key":"SpeedPotion"},{"floor":18,"key":"Block Potion"},{"floor":28,"key":"FearPotion"}],"is_trial":false,"path_per_floor":["M","M","$","?","$","E","R","$","T","E","$","?","R","M","R","B",null,"M","?","M","?","M","R","?","R","T","?","M","M","M","E","R"],"character_chosen":"DEFECT","items_purchased":["Steam","Static Discharge","Leap","Loop"],"campfire_rested":5,"item_purchase_floors":[3,5,5,8],"current_hp_per_floor":[74,74,74,63,63,19,41,41,41,24,24,24,46,46,68,31,75,55,55,48,48,43,65,65,65,65,65,63,51,40,25,47,0],"gold":367,"neow_bonus":"UPGRADE_CARD","is_prod":false,"is_daily":false,"chose_seed":false,"campfire_upgraded":1,"win_rate":0.0,"timestamp":1529798443,"path_taken":["M","M","$","?","?","E","R","$","T","E","$","?","R","?","R","BOSS","M","?","?","?","M","R","?","R","T","?","M","M","M","E","R","BOSS"],"build_version":"2018-06-21v2","purchased_purges":0,"victory":false,"max_hp_per_floor":[75,75,75,75,75,75,75,75,75,75,75,75,75,75,75,75,75,75,75,75,75,75,75,75,75,75,75,75,75,75,75,75,75],"card_choices":[{"not_picked":["Stack","Beam Cell"],"picked":"Conserve Battery","floor":1},{"not_picked":["Coolheaded","Conserve Battery"],"picked":"Cold Snap","floor":2},{"not_picked":["Rebound","Beam Cell"],"picked":"Hologram","floor":6},{"not_picked":["Self Repair","Beam Cell","Machine Learning"],"picked":"FTL","floor":10},{"not_picked":["Doom and Gloom","Storm","Hello World"],"picked":"Darkness","floor":14},{"not_picked":["Thunder Strike","Amplify","All For One"],"picked":"Electrodynamics","floor":16},{"not_picked":["Storm"],"picked":"White Noise","floor":18},{"not_picked":["Cold Snap"],"picked":"Redo","floor":20},{"not_picked":["Go for the Eyes"],"picked":"Compile Driver+1","floor":22},{"not_picked":["Beam Cell"],"picked":"Undo+1","floor":28},{"not_picked":["Gash"],"picked":"Self Repair","floor":29},{"not_picked":["Scrape"],"picked":"Chaos+1","floor":30},{"not_picked":["Capacitor+1"],"picked":"Redo","floor":31}],"player_experience":60180,"relics_obtained":[{"floor":6,"key":"Question Card"},{"floor":9,"key":"Matryoshka"},{"floor":10,"key":"War Paint"},{"floor":26,"key":"Anchor"},{"floor":26,"key":"Bag of Preparation"},{"floor":31,"key":"Bronze Scales"}],"event_choices":[{"event_name":"World of Goop","player_choice":"Gather Gold","floor":4,"damage_taken":0},{"event_name":"Golden Idol","player_choice":"Take Wound","floor":12,"damage_taken":0},{"event_name":"Addict","player_choice":"Obtained Relic","floor":19,"damage_taken":0},{"event_name":"Wheel of Change","player_choice":"Relic","floor":21,"damage_taken":0},{"event_name":"Nest","player_choice":"Stole From Cult","floor":24,"damage_taken":0},{"event_name":"The Library","player_choice":"Read","floor":27,"damage_taken":0}],"boss_relics":[{"not_picked":["Runic Dome","Cursed Key"],"picked":"Busted Crown"}],"items_purged_floors":[],"is_endless":false,"potions_floor_spawned":[6,10,18,28],"killed_by":"Champ","ascension_level":0}