{"gold_per_floor":[119,44,44,94,110,143,143,154,154,154,10,27,61,26,26,98,98,113,213,128,3,23,23,39,57,57,57,18,18,18,43,43,43],"floor_reached":33,"playtime":3558,"items_purged":["Strike_G","Strike_G","Strike_G"],"score":577,"play_id":"cf14df91-ea5a-4213-a05b-56423606668a","local_time":"20190205052648","is_ascension_mode":true,"campfire_choices":[{"data":"Poisoned Stab","floor":7.0,"key":"SMITH"},{"data":"Crippling Poison","floor":10.0,"key":"SMITH"},{"data":"Deadly Poison","floor":15,"key":"SMITH"},{"floor":23,"key":"REST"},{"data":"1","floor":27,"key":"LIFT"},{"data":"Noxious Fumes","floor":30,"key":"SMITH"},{"floor":32,"key":"REST"}],"neow_cost":"NONE","seed_source_timestamp":0,"circlet_count":0,"master_deck":["AscendersBane","Defend_G+1","Defend_G","Defend_G","Defend_G","Defend_G","Strike_G+1","Strike_G","Survivor","Neutralize","Poisoned Stab+1","Deadly Poison+1","Crippling Poison+1","Well Laid Plans","Leg Sweep","Wraith Form v2","Backflip","Footwork","Cloak And Dagger","PiercingWail","Dash","Noxious Fumes+1","Corpse Explosion"],"special_seed":0,"relics":["Ring of the Snake","NeowsBlessing","Ninja Scroll","Singing Bowl","Ornamental Fan","Black Star","Girya","Pear","Thread and Needle","Sundial","Oddly Smooth Stone","Torii"],"potions_floor_usage":[18,19,22,31],"damage_taken":[{"damage":0.0,"enemies":"Jaw Worm","floor":1.0,"turns":1.0},{"damage":0.0,"enemies":"2 Louse","floor":5.0,"turns":1.0},{"damage":0.0,"enemies":"3 Sentries","floor":6.0,"turns":2.0},{"damage":0.0,"enemies":"Cultist","floor":8.0,"turns":3.0},{"damage":3.0,"enemies":"Large Slime","floor":12.0,"turns":7.0},{"damage":23.0,"enemies":"Gremlin Nob","floor":13.0,"turns":4.0},{"damage":2,"enemies":"The Guardian","floor":16,"turns":11},{"damage":0,"enemies":"3 Byrds","floor":18,"turns":4},{"damage":4,"enemies":"Colosseum Slavers","floor":19,"turns":6},{"damage":37,"enemies":"Colosseum Nobs","floor":19,"turns":6},{"damage":0,"enemies":"Shell Parasite","floor":22,"turns":6},{"damage":5,"enemies":"Sentry and Sphere","floor":24,"turns":8},{"damage":0,"enemies":"Snake Plant","floor":25,"turns":6},{"damage":22,"enemies":"Book of Stabbing","floor":31,"turns":8},{"damage":74,"enemies":"Automaton","floor":33,"turns":12}],"seed_played":"-589916563721874375","potions_obtained":[{"floor":5.0,"key":"SpeedPotion"},{"floor":12.0,"key":"Strength Potion"},{"floor":16,"key":"LiquidBronze"},{"floor":18,"key":"Fire Potion"},{"floor":19,"key":"EssenceOfSteel"},{"floor":25,"key":"Poison Potion"}],"is_trial":false,"path_per_floor":["M","$","?","?","M","E","R","M","T","R","$","M","E","?","R","B",null,"M","?","?","$","M","R","M","M","T","R","$","$","R","E","R","B"],"character_chosen":"THE_SILENT","items_purchased":["Well Laid Plans","Noxious Fumes"],"campfire_rested":2,"item_purchase_floors":[11,28],"current_hp_per_floor":[59,59,39,39,39,39,39,39,39,39,39,36,15,32,32,30,59,59,28,28,28,28,51,46,46,46,46,46,46,46,24,47,0],"gold":43,"neow_bonus":"THREE_ENEMY_KILL","is_prod":false,"is_daily":false,"chose_seed":false,"campfire_upgraded":4,"win_rate":0,"timestamp":1549340808,"path_taken":["M","$","?","?","?","E","R","M","T","R","$","M","E","?","R","BOSS","M","?","?","$","M","R","M","M","T","R","?","$","R","E","R","BOSS"],"build_version":"2019-01-23","purchased_purges":3,"victory":false,"max_hp_per_floor":[66,66,66,66,66,66,66,66,66,66,66,66,68,68,68,68,68,68,78,78,78,78,78,78,78,78,78,78,78,78,78,78,78],"card_choices":[{"not_picked":["Dagger Throw","Slice"],"picked":"Poisoned Stab","floor":1.0},{"not_picked":["Blade Dance","Reflex"],"picked":"Deadly Poison","floor":5.0},{"not_picked":["Expertise","Deflect"],"picked":"Crippling Poison","floor":6.0},{"not_picked":["Distraction","Bane","Flying Knee"],"picked":"SKIP","floor":8.0},{"not_picked":["All Out Attack","Blur"],"picked":"Leg Sweep","floor":12.0},{"not_picked":["Setup","Quick Slash","Expertise"],"picked":"Singing Bowl","floor":13.0},{"not_picked":["Night Terror","Adrenaline"],"picked":"Wraith Form v2","floor":16},{"not_picked":["Dagger Throw","Flying Knee+1"],"picked":"Backflip","floor":18},{"not_picked":["Backstab+1","Outmaneuver"],"picked":"Footwork","floor":19},{"not_picked":["Caltrops","Well Laid Plans"],"picked":"Cloak And Dagger","floor":22},{"not_picked":["Cloak And Dagger","Deflect"],"picked":"PiercingWail","floor":24},{"not_picked":["Dagger Spray","Accuracy+1"],"picked":"Dash","floor":25},{"not_picked":["Dagger Throw","Dagger Spray"],"picked":"Corpse Explosion","floor":31}],"player_experience":391371,"relics_obtained":[{"floor":6.0,"key":"Ninja Scroll"},{"floor":9.0,"key":"Singing Bowl"},{"floor":13.0,"key":"Ornamental Fan"},{"floor":19,"key":"Girya"},{"floor":19,"key":"Pear"},{"floor":26,"key":"Sundial"},{"floor":31,"key":"Oddly Smooth Stone"},{"floor":31,"key":"Torii"}],"event_choices":[{"damage_healed":0.0,"max_hp_gain":0.0,"max_hp_loss":0.0,"gold_gain":0.0,"event_name":"Shining Light","player_choice":"Entered Light","floor":3.0,"gold_loss":0.0,"damage_taken":20.0,"cards_upgraded":["Defend_G","Strike_G"]},{"damage_healed":0.0,"max_hp_gain":0.0,"max_hp_loss":0.0,"gold_gain":50.0,"event_name":"Golden Shrine","player_choice":"Pray","floor":4.0,"gold_loss":0.0,"damage_taken":0.0},{"damage_healed":17.0,"max_hp_gain":0.0,"max_hp_loss":0.0,"gold_gain":0.0,"event_name":"The Cleric","player_choice":"Healed","floor":14.0,"gold_loss":35.0,"damage_taken":0.0},{"damage_healed":0,"gold_gain":0,"player_choice":"Fight","damage_taken":0,"max_hp_gain":0,"max_hp_loss":0,"event_name":"Colosseum","floor":19,"gold_loss":0},{"damage_healed":0,"gold_gain":0,"player_choice":"Fought Nobs","damage_taken":0,"max_hp_gain":0,"max_hp_loss":0,"event_name":"Colosseum","floor":19,"gold_loss":0},{"damage_healed":0,"gold_gain":0,"player_choice":"Obtained Relic","damage_taken":0,"relics_obtained":["Thread and Needle"],"max_hp_gain":0,"max_hp_loss":0,"event_name":"Addict","floor":20,"gold_loss":85}],"is_beta":false,"boss_relics":[{"not_picked":["Fusion Hammer","Runic Dome"],"picked":"Black Star"}],"items_purged_floors":[2,11,21],"is_endless":false,"potions_floor_spawned":[5,12,16,18,19,25],"killed_by":"Automaton","ascension_level":19}