{"gold_per_floor":[113,113,113,113,113,113,113,153,153,153,153,153,196,29,29,160,160,183,308,308,308,308,349,195,195,195,195,195,228,251,276,276,396,396,409,34,0,0,0,36,36,60,60,60,60,143,476,142,142,142],"floor_reached":51,"playtime":1176,"items_purged":[],"score":882,"play_id":"72483149-5e39-49ea-9c4f-1caba6a43648","local_time":"20181121211947","daily_mods":["Draft","Heirloom","Flight"],"is_ascension_mode":false,"campfire_choices":[{"data":"Ball Lightning","floor":6.0,"key":"SMITH"},{"data":"Ball Lightning","floor":7.0,"key":"SMITH"},{"data":"Ball Lightning","floor":10.0,"key":"SMITH"},{"data":"Redo","floor":12.0,"key":"SMITH"},{"data":"Apotheosis","floor":15.0,"key":"SMITH"},{"data":"Thunder Strike","floor":25,"key":"SMITH"},{"data":"Coolheaded","floor":28,"key":"SMITH"},{"floor":32,"key":"REST"},{"floor":49,"key":"DIG"}],"neow_cost":"","seed_source_timestamp":347570078364524,"circlet_count":0,"master_deck":["Ball Lightning+1","Compile Driver","Beam Cell+1","Conserve Battery","Leap","Ball Lightning+1","Coolheaded+1","Redo+1","Undo","Ball Lightning+1","Rebound","Cold Snap","Glacier","Apotheosis+1","Thunder Strike+1","Chaos+1","Echo Form","Defragment","Buffer","Panache"],"special_seed":0,"relics":["Cracked Core","Ice Cream","Emotion Chip","Strawberry","Nuclear Battery","Mango","Symbiotic Virus","Mercury Hourglass","Happy Flower","Singing Bowl","Pear","Empty Cage","Shovel","Red Mask","Unceasing Top","FossilizedHelix","Tiny Chest","Torii"],"potions_floor_usage":[50,50],"damage_taken":[{"damage":0.0,"enemies":"Small Slimes","floor":1.0,"turns":3.0},{"damage":2.0,"enemies":"Lagavulin","floor":8.0,"turns":5.0},{"damage":0.0,"enemies":"3 Sentries","floor":13.0,"turns":4.0},{"damage":35.0,"enemies":"Hexaghost","floor":16.0,"turns":5.0},{"damage":0.0,"enemies":"Chosen","floor":18.0,"turns":2.0},{"damage":0.0,"enemies":"Colosseum Slavers","floor":19.0,"turns":3.0},{"damage":15.0,"enemies":"Colosseum Nobs","floor":19.0,"turns":5.0},{"damage":2,"enemies":"Gremlin Leader","floor":23,"turns":8},{"damage":10,"enemies":"Book of Stabbing","floor":29,"turns":3},{"damage":0,"enemies":"Spheric Guardian","floor":30,"turns":3},{"damage":0,"enemies":"Snecko","floor":31,"turns":3},{"damage":47,"enemies":"Automaton","floor":33,"turns":8},{"damage":0,"enemies":"Orb Walker","floor":35,"turns":1},{"damage":11,"enemies":"Reptomancer","floor":40,"turns":5},{"damage":0,"enemies":"3 Shapes","floor":42,"turns":3},{"damage":0,"enemies":"Donu and Deca","floor":50,"turns":8}],"seed_played":"-19085855317829137","potions_obtained":[{"floor":13.0,"key":"GamblersBrew"},{"floor":19.0,"key":"Dexterity Potion"},{"floor":23,"key":"GamblersBrew"},{"floor":31,"key":"LiquidBronze"}],"is_trial":true,"path_per_floor":["M","?","$","?","?","R","R","E","E","T","R","$","R","E","$","R","B",null,"M","?","$","?","?","E","$","R","T","$","R","E","M","M","R","B",null,"M","$","?","?","?","E","?","M","T","$","?","T","?","$","R","B",null],"character_chosen":"DEFECT","items_purchased":["Apotheosis","Happy Flower","Defragment","Shovel","Buffer","Panache"],"campfire_rested":1,"item_purchase_floors":[14,24,36,36,48,48],"current_hp_per_floor":[75,75,75,75,57,57,57,55,55,55,55,55,62,62,62,27,82,82,81,81,81,72,70,70,70,70,70,70,72,74,76,109,62,112,114,114,114,114,108,99,99,101,101,101,103,103,103,103,103,103],"gold":142,"neow_bonus":"","is_prod":false,"is_daily":false,"chose_seed":false,"campfire_upgraded":7,"win_rate":0,"timestamp":1542835187,"path_taken":["M","?","$","?","?","R","R","E","T","R","$","R","E","$","R","BOSS","M","?","$","?","?","E","$","R","T","$","R","E","?","M","R","BOSS","M","$","?","?","?","E","?","?","T","$","?","?","?","$","R","BOSS"],"build_version":"2018-11-15","purchased_purges":0,"victory":true,"max_hp_per_floor":[75,75,75,75,75,75,75,75,75,75,75,75,82,82,82,82,82,82,96,96,96,96,96,96,96,96,96,96,108,110,112,112,112,112,114,114,114,114,108,110,110,112,112,112,114,114,114,114,114,114],"card_choices":[{"not_picked":["Rebound","Go for the Eyes"],"picked":"Ball Lightning","floor":0.0},{"not_picked":["Steam","Reinforced Body"],"picked":"Compile Driver","floor":0.0},{"not_picked":["Sweeping Beam","Rebound"],"picked":"Stack","floor":0.0},{"not_picked":["Barrage","Cold Snap"],"picked":"Beam Cell","floor":0.0},{"not_picked":["Static Discharge","Ball Lightning"],"picked":"Conserve Battery","floor":0.0},{"not_picked":["Beam Cell","Sunder"],"picked":"Leap","floor":0.0},{"not_picked":["Genetic Algorithm","Loop"],"picked":"Ball Lightning","floor":0.0},{"not_picked":["Sweeping Beam","Stack"],"picked":"Coolheaded","floor":0.0},{"not_picked":["Sweeping Beam","Gash"],"picked":"Redo","floor":0.0},{"not_picked":["Stack","Coolheaded"],"picked":"Undo","floor":0.0},{"not_picked":["Beam Cell","Sweeping Beam"],"picked":"Ball Lightning","floor":0.0},{"not_picked":["Heatsinks","Stack"],"picked":"Rebound","floor":0.0},{"not_picked":["Gash","Streamline"],"picked":"Cold Snap","floor":0.0},{"not_picked":["Leap","Recycle"],"picked":"Steam","floor":0.0},{"not_picked":["Go for the Eyes","Rip and Tear"],"picked":"Glacier","floor":0.0},{"not_picked":["Barrage","Ball Lightning","Steam"],"picked":"SKIP","floor":1.0},{"not_picked":["Turbo","Genetic Algorithm","Blizzard"],"picked":"SKIP","floor":8.0},{"not_picked":["Aggregate","Barrage","Beam Cell"],"picked":"SKIP","floor":13.0},{"not_picked":["Core Surge","Rainbow"],"picked":"Thunder Strike","floor":16.0},{"not_picked":["Gash","Turbo","Scrape+1"],"picked":"SKIP","floor":18.0},{"not_picked":["Leap+1","Turbo"],"picked":"Chaos+1","floor":23},{"not_picked":["Reprogram+1","White Noise","Ball Lightning+1"],"picked":"Singing Bowl","floor":29},{"not_picked":["Doom and Gloom","Ball Lightning+1","Storm+1"],"picked":"Singing Bowl","floor":30},{"not_picked":["BootSequence+1","Leap","Hologram+1"],"picked":"Singing Bowl","floor":31},{"not_picked":["Seek","All For One"],"picked":"Echo Form","floor":33},{"not_picked":["Force Field","Rip and Tear+1","Compile Driver"],"picked":"Singing Bowl","floor":35},{"not_picked":["Cold Snap+1","Rebound+1","Barrage+1"],"picked":"Singing Bowl","floor":40},{"not_picked":["Rebound","Heatsinks+1","Turbo"],"picked":"Singing Bowl","floor":42},{"not_picked":["Purity","Panacea","Bandage Up"],"picked":"Singing Bowl","floor":45}],"player_experience":812403,"relics_obtained":[{"floor":9.0,"key":"Emotion Chip"},{"floor":13.0,"key":"Strawberry"},{"floor":19.0,"key":"Mango"},{"floor":19.0,"key":"Symbiotic Virus"},{"floor":23,"key":"Mercury Hourglass"},{"floor":26,"key":"Singing Bowl"},{"floor":29,"key":"Pear"},{"floor":40,"key":"Unceasing Top"},{"floor":43,"key":"FossilizedHelix"},{"floor":46,"key":"Tiny Chest"},{"floor":49,"key":"Torii"}],"event_choices":[{"damage_healed":0.0,"max_hp_gain":0.0,"max_hp_loss":0.0,"gold_gain":0.0,"event_name":"The Cleric","player_choice":"Leave","floor":2.0,"gold_loss":0.0,"damage_taken":0.0},{"damage_healed":0.0,"max_hp_gain":0.0,"max_hp_loss":0.0,"gold_gain":0.0,"event_name":"Living Wall","player_choice":"Grow","floor":4.0,"gold_loss":0.0,"damage_taken":0.0,"cards_upgraded":["Beam Cell"]},{"damage_healed":0.0,"max_hp_gain":0.0,"max_hp_loss":0.0,"gold_gain":0.0,"event_name":"Golden Idol","player_choice":"Take Damage","floor":5.0,"gold_loss":0.0,"damage_taken":18.0,"relics_obtained":["Golden Idol"]},{"damage_healed":0.0,"max_hp_gain":0.0,"max_hp_loss":0.0,"gold_gain":0.0,"event_name":"Colosseum","player_choice":"Fight","floor":19.0,"gold_loss":0.0,"damage_taken":0.0},{"damage_healed":0.0,"max_hp_gain":0.0,"max_hp_loss":0.0,"gold_gain":0.0,"event_name":"Colosseum","player_choice":"Fought Nobs","floor":19.0,"gold_loss":0.0,"damage_taken":0.0},{"damage_healed":0,"gold_gain":0,"player_choice":"Ignored","damage_taken":0,"max_hp_gain":0,"max_hp_loss":0,"event_name":"The Mausoleum","floor":21,"gold_loss":0},{"damage_healed":0,"gold_gain":0,"player_choice":"","damage_taken":9,"max_hp_gain":0,"max_hp_loss":0,"event_name":"Knowing Skull","floor":22,"potions_obtained":[],"gold_loss":0,"cards_obtained":[]},{"damage_healed":0,"gold_gain":0,"player_choice":"Paid","damage_taken":0,"relics_obtained":["Red Mask"],"max_hp_gain":0,"max_hp_loss":0,"event_name":"Tomb of Lord Red Mask","floor":37,"gold_loss":34},{"damage_healed":0,"gold_gain":0,"player_choice":"Ignored","damage_taken":0,"max_hp_gain":0,"max_hp_loss":0,"event_name":"Mysterious Sphere","floor":38,"gold_loss":0},{"damage_healed":0,"gold_gain":0,"player_choice":"Max HP","damage_taken":0,"max_hp_gain":0,"max_hp_loss":6,"event_name":"Winding Halls","floor":39,"gold_loss":0},{"damage_healed":0,"gold_gain":0,"player_choice":"Ignored","damage_taken":0,"max_hp_gain":0,"max_hp_loss":0,"event_name":"SecretPortal","floor":41,"gold_loss":0},{"damage_healed":0,"gold_gain":0,"player_choice":"Memory 1","damage_taken":0,"max_hp_gain":0,"max_hp_loss":0,"event_name":"SensoryStone","floor":45,"gold_loss":0},{"damage_healed":0,"gold_gain":333,"player_choice":"Gave Idol","damage_taken":0,"max_hp_gain":0,"max_hp_loss":0,"event_name":"The Moai Head","floor":47,"relics_lost":["Golden Idol"],"gold_loss":0}],"is_beta":false,"boss_relics":[{"not_picked":["Eternal Feather","Tiny House"],"picked":"Nuclear Battery"},{"not_picked":["Runic Pyramid","FrozenCore"],"picked":"Empty Cage"}],"items_purged_floors":[],"is_endless":false,"potions_floor_spawned":[13,19,23,31],"ascension_level":0}