{"gold_per_floor":[113,113,133,133,143,143,83,97,97,97,130,147,147,174,174,251,251,266,191,191,201,216,216,229,229],"floor_reached":25,"playtime":1464,"items_purged":["Strike_R"],"score":351,"play_id":"b17f1e17-51ef-4dcf-a46d-7cfdb2799539","local_time":"20190210110019","is_ascension_mode":true,"campfire_choices":[{"data":"Armaments","floor":6,"key":"SMITH"},{"floor":13,"key":"DIG"},{"floor":15,"key":"DIG"},{"data":"Armaments","floor":23,"key":"SMITH"}],"neow_cost":"NONE","seed_source_timestamp":1093286986253302,"circlet_count":0,"master_deck":["AscendersBane","Strike_R","Strike_R","Defend_R","Defend_R","Defend_R","Defend_R","Bash","Body Slam","Shrug It Off","Havoc","Armaments+1","Flame Barrier","Seeing Red","Uppercut","Shockwave","Feed","Metallicize","Pummel","Armaments+1","Shockwave","Havoc"],"relics":["Burning Blood","The Courier","Darkstone Periapt","Shovel","Lantern","Prayer Wheel","Dream Catcher","Runic Cube","Enchiridion"],"potions_floor_usage":[14,16,22,22],"damage_taken":[{"damage":7,"enemies":"2 Louse","floor":1,"turns":3},{"damage":1,"enemies":"Cultist","floor":3,"turns":5},{"damage":1,"enemies":"Small Slimes","floor":5,"turns":4},{"damage":11,"enemies":"Blue Slaver","floor":8,"turns":5},{"damage":17,"enemies":"3 Sentries","floor":11,"turns":14},{"damage":0,"enemies":"Looter","floor":12,"turns":4},{"damage":11,"enemies":"Lagavulin","floor":14,"turns":5},{"damage":38,"enemies":"Hexaghost","floor":16,"turns":11},{"damage":0,"enemies":"3 Byrds","floor":18,"turns":2},{"damage":1,"enemies":"Chosen","floor":21,"turns":4},{"damage":34,"enemies":"Snake Plant","floor":22,"turns":7},{"damage":18,"enemies":"Snecko","floor":24,"turns":8},{"damage":38,"enemies":"Gremlin Leader","floor":25,"turns":5}],"seed_played":"-8279291188949462780","potions_obtained":[{"floor":2,"key":"EssenceOfSteel"},{"floor":2,"key":"Energy Potion"},{"floor":14,"key":"Regen Potion"},{"floor":16,"key":"Energy Potion"}],"is_trial":false,"path_per_floor":["M","?","M","T","M","R","$","M","T","?","E","M","R","E","R","B",null,"M","?","?","M","M","R","M","E"],"character_chosen":"IRONCLAD","items_purchased":[],"campfire_rested":0,"item_purchase_floors":[],"current_hp_per_floor":[71,71,76,76,80,80,80,75,75,68,57,63,63,58,58,26,67,76,76,60,65,50,50,38,0],"gold":229,"neow_bonus":"THREE_CARDS","is_prod":false,"is_daily":false,"chose_seed":false,"campfire_upgraded":2,"win_rate":0,"timestamp":1549818019,"path_taken":["M","?","?","?","M","R","$","M","T","?","E","M","R","E","R","BOSS","M","?","?","M","M","R","M","E"],"build_version":"2019-01-23","purchased_purges":1,"victory":false,"max_hp_per_floor":[80,80,80,80,80,80,80,80,80,80,80,80,80,80,80,80,80,83,83,83,83,87,87,87,87],"card_choices":[{"not_picked":["Inflame","Perfected Strike"],"picked":"Body Slam","floor":0},{"not_picked":["Anger","Twin Strike"],"picked":"Shrug It Off","floor":1},{"not_picked":["Perfected Strike","Seeing Red"],"picked":"Havoc","floor":3},{"not_picked":["Clothesline","Sever Soul"],"picked":"Armaments","floor":5},{"not_picked":["True Grit","Twin Strike"],"picked":"Flame Barrier","floor":8},{"not_picked":["Entrench","Heavy Blade"],"picked":"Seeing Red","floor":11},{"not_picked":["Flex","Wild Strike"],"picked":"Uppercut","floor":12},{"not_picked":["Havoc","Dual Wield"],"picked":"Shockwave","floor":14},{"not_picked":["Brutality","Bludgeon"],"picked":"Feed","floor":16},{"not_picked":["Armaments","Infernal Blade"],"picked":"Metallicize","floor":18},{"not_picked":["Intimidate","True Grit+1"],"picked":"Pummel","floor":18},{"not_picked":["Anger","Burning Pact"],"picked":"Armaments","floor":21},{"not_picked":["Corruption","Second Wind","Headbutt"],"picked":"SKIP","floor":21},{"not_picked":["Searing Blow","Clash+1"],"picked":"Shockwave","floor":22},{"not_picked":["Infernal Blade","Heavy Blade","True Grit"],"picked":"SKIP","floor":22},{"not_picked":["Thunderclap","Body Slam"],"picked":"Havoc","floor":24},{"not_picked":["Burning Pact","Clash","Dual Wield+1"],"picked":"SKIP","floor":24}],"player_experience":546029,"relics_obtained":[{"floor":4,"key":"The Courier"},{"floor":9,"key":"Darkstone Periapt"},{"floor":11,"key":"Shovel"},{"floor":13,"key":"Lantern"},{"floor":14,"key":"Prayer Wheel"},{"floor":15,"key":"Dream Catcher"},{"floor":20,"key":"Enchiridion"}],"event_choices":[{"damage_healed":0,"gold_gain":0,"player_choice":"Got Potions","damage_taken":0,"max_hp_gain":0,"max_hp_loss":0,"event_name":"Lab","floor":2,"gold_loss":0},{"cards_removed":["Strike_R"],"damage_healed":0,"gold_gain":0,"player_choice":"Card Removal","damage_taken":7,"max_hp_gain":0,"max_hp_loss":0,"event_name":"Golden Wing","floor":10,"gold_loss":0},{"cards_removed":["Strike_R"],"damage_healed":0,"gold_gain":0,"player_choice":"Gave Gold","damage_taken":0,"max_hp_gain":0,"max_hp_loss":0,"event_name":"Beggar","floor":19,"gold_loss":75},{"damage_healed":0,"gold_gain":0,"player_choice":"Obtained Book","damage_taken":16,"max_hp_gain":0,"max_hp_loss":0,"event_name":"Cursed Tome","floor":20,"gold_loss":0}],"is_beta":false,"boss_relics":[{"not_picked":["Runic Pyramid","Snecko Eye"],"picked":"Runic Cube"}],"items_purged_floors":[7],"is_endless":false,"potions_floor_spawned":[11,12,14,16,18],"killed_by":"Gremlin Leader","ascension_level":13}