{"gold_per_floor":[17,27,27,27,37,37,72,72,97,97,115,115,131,148,148,148],"floor_reached":16,"playtime":2310,"items_purged":[],"score":173,"play_id":"fea0c0d1-c2c5-45ab-997a-e682f42c6e33","local_time":"20190129061015","is_ascension_mode":true,"campfire_choices":[{"data":"Neutralize","floor":6,"key":"SMITH"},{"data":"Cloak And Dagger","floor":8,"key":"SMITH"},{"data":"Dagger Spray","floor":10,"key":"SMITH"},{"data":"Dash","floor":12,"key":"SMITH"},{"data":"Dodge and Roll","floor":15,"key":"SMITH"}],"neow_cost":"NO_GOLD","seed_source_timestamp":110039465172400,"circlet_count":0,"master_deck":["AscendersBane","Defend_G","Defend_G","Defend_G","Defend_G","Defend_G","Strike_G","Strike_G","Strike_G","Survivor","Neutralize+1","Dash+1","Dagger Spray+1","Cloak And Dagger+1","Dodge and Roll+1","Dodge and Roll","PiercingWail"],"relics":["Ring of the Snake","Bag of Marbles","Dream Catcher"],"potions_floor_usage":[7,16],"damage_taken":[{"damage":2,"enemies":"Small Slimes","floor":1,"turns":6},{"damage":0,"enemies":"2 Louse","floor":2,"turns":3},{"damage":2,"enemies":"Cultist","floor":5,"turns":5},{"damage":36,"enemies":"Lagavulin","floor":7,"turns":11},{"damage":0,"enemies":"Large Slime","floor":11,"turns":6},{"damage":1,"enemies":"Looter","floor":13,"turns":4},{"damage":0,"enemies":"Red Slaver","floor":14,"turns":2},{"damage":25,"enemies":"Hexaghost","floor":16,"turns":14}],"seed_played":"-8928705923232963126","potions_obtained":[{"floor":1,"key":"Fire Potion"},{"floor":5,"key":"SpeedPotion"},{"floor":13,"key":"EssenceOfSteel"}],"is_trial":false,"path_per_floor":["M","M","?","?","M","R","E","R","T","R","M","R","M","M","R","B"],"character_chosen":"THE_SILENT","items_purchased":[],"campfire_rested":0,"item_purchase_floors":[],"current_hp_per_floor":[57,57,57,57,55,55,19,19,19,19,19,19,18,18,18,0],"gold":148,"neow_bonus":"REMOVE_TWO","is_prod":false,"is_daily":false,"chose_seed":false,"campfire_upgraded":5,"win_rate":0,"timestamp":1548738615,"path_taken":["M","M","?","?","M","R","E","R","T","R","M","R","M","M","R","BOSS"],"build_version":"2019-01-23","purchased_purges":0,"victory":false,"max_hp_per_floor":[66,66,66,66,66,66,66,66,66,66,66,66,66,66,66,66],"card_choices":[{"not_picked":["Eviscerate","Predator"],"picked":"Dash","floor":1},{"not_picked":["Finisher","Prepared","Flying Knee"],"picked":"SKIP","floor":2},{"not_picked":["Dagger Throw","Corpse Explosion"],"picked":"Dagger Spray","floor":5},{"not_picked":["Slice","Bouncing Flask"],"picked":"Cloak And Dagger","floor":7},{"not_picked":["Prepared","Flying Knee"],"picked":"Dodge and Roll","floor":11},{"not_picked":["Underhanded Strike","Flechettes"],"picked":"Dodge and Roll","floor":13},{"not_picked":["Caltrops","Dagger Spray"],"picked":"PiercingWail","floor":14}],"player_experience":165294,"relics_obtained":[{"floor":7,"key":"Bag of Marbles"},{"floor":9,"key":"Dream Catcher"}],"event_choices":[{"damage_healed":0,"gold_gain":0,"player_choice":"Ignored","damage_taken":0,"max_hp_gain":0,"max_hp_loss":0,"event_name":"Liars Game","floor":3,"gold_loss":0},{"damage_healed":0,"gold_gain":0,"player_choice":"Ignored","damage_taken":0,"max_hp_gain":0,"max_hp_loss":0,"event_name":"WeMeetAgain","floor":4,"gold_loss":0}],"is_beta":false,"boss_relics":[],"items_purged_floors":[],"is_endless":false,"potions_floor_spawned":[1,5,13],"killed_by":"Hexaghost","ascension_level":14}