{"gold_per_floor":[114,39,39,63,63,63,82,82,82,100,100,129,148,158,158,253,253,264,282,301,319,26,26,126,141,220,220,245,344,344,357,357,357],"floor_reached":33,"playtime":1829,"items_purged":["Strike_G","Decay"],"score":267,"play_id":"2f73db68-69f0-4337-a9c0-61ffb6018548","local_time":"20180711191049","is_ascension_mode":false,"campfire_choices":[{"data":"Neutralize","floor":6.0,"key":"SMITH"},{"data":"Dagger Throw","floor":8.0,"key":"SMITH"},{"data":"Quick Slash","floor":11.0,"key":"SMITH"},{"data":"Dagger Spray","floor":15.0,"key":"SMITH"},{"data":"Storm of Steel","floor":23.0,"key":"SMITH"},{"data":"Blur","floor":27.0,"key":"SMITH"},{"data":"Riddle With Holes","floor":30.0,"key":"SMITH"},{"data":"Sucker Punch","floor":32.0,"key":"SMITH"}],"neow_cost":"NONE","seed_source_timestamp":0,"circlet_count":0,"master_deck":["Defend_G","Defend_G","Defend_G","Strike_G","Strike_G+1","Strike_G","Strike_G+1","Survivor","Neutralize+1","Well Laid Plans","Acrobatics","Dagger Throw+1","Quick Slash+1","PiercingWail","Dagger Spray+1","Prepared","Storm of Steel+1","Doubt","Parasite","Riddle With Holes+1","Cloak And Dagger+1","Blur+1","Backflip+1","Sucker Punch+1"],"special_seed":0,"relics":["Ring of the Snake","Bag of Preparation","Whetstone","Strawberry","Calling Bell","Vajra","Mummified Hand","Thread and Needle","Lee\u0027s Waffle","Darkstone Periapt","Pantograph"],"potions_floor_usage":[],"damage_taken":[{"damage":5.0,"enemies":"Small Slimes","floor":1.0,"turns":4.0},{"damage":0.0,"enemies":"Cultist","floor":7.0,"turns":4.0},{"damage":0.0,"enemies":"Jaw Worm","floor":10.0,"turns":2.0},{"damage":6.0,"enemies":"3 Sentries","floor":12.0,"turns":5.0},{"damage":3.0,"enemies":"Exordium Wildlife","floor":13.0,"turns":4.0},{"damage":1.0,"enemies":"Blue Slaver","floor":14.0,"turns":2.0},{"damage":29.0,"enemies":"Slime Boss","floor":16.0,"turns":12.0},{"damage":1.0,"enemies":"3 Byrds","floor":18.0,"turns":5.0},{"damage":0.0,"enemies":"Spheric Guardian","floor":19.0,"turns":3.0},{"damage":17.0,"enemies":"Centurion and Healer","floor":20.0,"turns":8.0},{"damage":4.0,"enemies":"Slaver and Parasite","floor":21.0,"turns":6.0},{"damage":5.0,"enemies":"Snecko","floor":25.0,"turns":5.0},{"damage":3.0,"enemies":"Gremlin Leader","floor":28.0,"turns":4.0},{"damage":0.0,"enemies":"Centurion and Healer","floor":31.0,"turns":8.0},{"damage":0,"enemies":"Collector","floor":33,"turns":1}],"seed_played":"5382057537635110384","potions_obtained":[{"floor":1.0,"key":"Dexterity Potion"},{"floor":16.0,"key":"Block Potion"},{"floor":18.0,"key":"FearPotion"}],"is_trial":false,"path_per_floor":["M","$","?","T","?","R","M","R","T","M","R","E","M","M","R","B",null,"M","M","M","M","$","R","?","M","T","R","E","?","R","M","R"],"character_chosen":"THE_SILENT","items_purchased":["Lee\u0027s Waffle"],"campfire_rested":0,"item_purchase_floors":[22],"current_hp_per_floor":[65,65,58,58,58,58,58,58,58,58,58,59,56,55,55,26,77,76,76,59,55,84,84,84,79,79,79,76,76,76,76,76,84],"gold":357,"neow_bonus":"TRANSFORM_CARD","is_prod":false,"is_daily":false,"chose_seed":false,"campfire_upgraded":8,"win_rate":0,"timestamp":1531332649,"path_taken":["M","$","?","?","?","R","?","R","T","M","R","E","M","M","R","BOSS","M","M","?","M","$","R","?","M","T","R","E","?","R","M","R","BOSS"],"build_version":"2018-07-05","purchased_purges":2,"victory":false,"max_hp_per_floor":[70,70,70,70,70,70,70,70,70,70,70,77,77,77,77,77,77,77,77,77,77,84,84,84,84,84,84,84,84,84,84,84,84],"card_choices":[{"not_picked":["Footwork","Flechettes"],"picked":"Acrobatics","floor":1.0},{"not_picked":["Escape Plan","Reflex"],"picked":"Dagger Throw","floor":7.0},{"not_picked":["Cloak And Dagger","Skewer"],"picked":"Quick Slash","floor":10.0},{"not_picked":["Backflip","Deadly Poison"],"picked":"PiercingWail","floor":12.0},{"not_picked":["Cloak And Dagger","Bane"],"picked":"Dagger Spray","floor":13.0},{"not_picked":["Predator","Caltrops"],"picked":"Prepared","floor":14.0},{"not_picked":["Unload","Wraith Form v2"],"picked":"Storm of Steel","floor":16.0},{"not_picked":["Slice","Endless Agony+1"],"picked":"Riddle With Holes","floor":18.0},{"not_picked":["Endless Agony","Quick Slash","Bane"],"picked":"SKIP","floor":19.0},{"not_picked":["Outmaneuver","Blur"],"picked":"Cloak And Dagger+1","floor":20.0},{"not_picked":["Dodge and Roll","Quick Slash","Setup"],"picked":"SKIP","floor":21.0},{"not_picked":["Deadly Poison","Slice"],"picked":"Blur","floor":25.0},{"not_picked":["Deflect+1","Cloak And Dagger"],"picked":"Backflip+1","floor":28.0},{"not_picked":["Heel Hook","Cloak And Dagger"],"picked":"Sucker Punch","floor":31.0}],"player_experience":456522,"relics_obtained":[{"floor":4.0,"key":"Bag of Preparation"},{"floor":9.0,"key":"Whetstone"},{"floor":12.0,"key":"Strawberry"},{"floor":17.0,"key":"Vajra"},{"floor":17.0,"key":"Mummified Hand"},{"floor":17.0,"key":"Thread and Needle"},{"floor":26.0,"key":"Darkstone Periapt"},{"floor":28.0,"key":"Pantograph"}],"event_choices":[{"event_name":"Golden Wing","player_choice":"Card Removal","floor":3.0,"damage_taken":0.0},{"event_name":"Liars Game","player_choice":"disagreed","floor":5.0,"damage_taken":0.0},{"event_name":"Golden Shrine","player_choice":"Pray","floor":24.0,"damage_taken":0.0},{"event_name":"Nest","player_choice":"Stole From Cult","floor":29.0,"damage_taken":0.0}],"boss_relics":[{"not_picked":["Velvet Choker","Busted Crown"],"picked":"Calling Bell"}],"items_purged_floors":[2,22],"is_endless":false,"potions_floor_spawned":[1,16,18,19],"killed_by":"Collector","ascension_level":0}