{"gold_per_floor":[20,20,39,51,51,51,126,15,62,84,116,141,153,175,187,297,309,331,343],"floor_reached":19,"playtime":842,"items_purged":["Strike_B"],"score":186,"play_id":"96d61816-3bd8-4335-9156-20d97a8fc4e5","local_time":"20190210114924","is_ascension_mode":false,"campfire_choices":[{"data":"Zap","floor":6,"key":"SMITH"},{"data":"Auto Shields","floor":13,"key":"SMITH"},{"data":"Tempest","floor":15,"key":"SMITH"}],"neow_cost":"NO_GOLD","seed_source_timestamp":581646474728528,"circlet_count":0,"master_deck":["Strike_B","Strike_B","Strike_B","Defend_B","Defend_B","Defend_B","Defend_B","Zap+1","Dualcast","Auto Shields+1","BootSequence","Steam","Self Repair","Tempest+1","Hologram","Chill","Rainbow","BootSequence"],"relics":["Cracked Core","MawBank","Eternal Feather"],"potions_floor_usage":[10,16],"damage_taken":[{"damage":0,"enemies":"Small Slimes","floor":1,"turns":3},{"damage":0,"enemies":"Cultist","floor":3,"turns":4},{"damage":0,"enemies":"Jaw Worm","floor":4,"turns":3},{"damage":10,"enemies":"2 Fungi Beasts","floor":10,"turns":4},{"damage":2,"enemies":"Exordium Wildlife","floor":11,"turns":7},{"damage":0,"enemies":"Red Slaver","floor":12,"turns":4},{"damage":0,"enemies":"Blue Slaver","floor":14,"turns":3},{"damage":20,"enemies":"Slime Boss","floor":16,"turns":10},{"damage":16,"enemies":"Shell Parasite","floor":18,"turns":9},{"damage":86,"enemies":"Masked Bandits","floor":19,"turns":7}],"seed_played":"-1483981634472176420","potions_obtained":[{"floor":3,"key":"Fire Potion"},{"floor":4,"key":"SteroidPotion"},{"floor":12,"key":"FearPotion"},{"floor":14,"key":"AttackPotion"}],"is_trial":false,"path_per_floor":["M","?","M","M","?","R","?","$","T","M","M","M","R","M","R","B",null,"M","?"],"character_chosen":"DEFECT","items_purchased":["Self Repair"],"campfire_rested":0,"item_purchase_floors":[8],"current_hp_per_floor":[89,81,81,81,86,86,75,75,75,72,77,84,84,91,91,78,94,85,0],"gold":343,"neow_bonus":"TWENTY_PERCENT_HP_BONUS","is_prod":false,"is_daily":false,"chose_seed":false,"campfire_upgraded":3,"win_rate":0,"timestamp":1549795764,"path_taken":["M","?","?","M","?","R","?","?","T","M","?","M","R","M","R","BOSS","M","?"],"build_version":"2019-01-23","purchased_purges":1,"victory":false,"max_hp_per_floor":[89,89,89,89,94,94,94,94,94,94,94,94,94,94,94,94,94,94,94],"card_choices":[{"not_picked":["Go for the Eyes","Heatsinks"],"picked":"Auto Shields","floor":1},{"not_picked":["Auto Shields","Capacitor"],"picked":"BootSequence","floor":3},{"not_picked":["Compile Driver","Undo"],"picked":"Steam","floor":4},{"not_picked":["Rebound","Gash","Beam Cell"],"picked":"SKIP","floor":10},{"not_picked":["Leap","Turbo"],"picked":"Tempest","floor":11},{"not_picked":["Stack","Go for the Eyes"],"picked":"Hologram","floor":12},{"not_picked":["White Noise","Self Repair"],"picked":"Chill","floor":14},{"not_picked":["Thunder Strike","Core Surge"],"picked":"Rainbow","floor":16},{"not_picked":["Beam Cell","Cold Snap"],"picked":"BootSequence","floor":18}],"player_experience":100744,"relics_obtained":[{"floor":9,"key":"MawBank"}],"event_choices":[{"damage_healed":0,"gold_gain":0,"player_choice":"Damaged","damage_taken":8,"max_hp_gain":0,"max_hp_loss":0,"event_name":"Wheel of Change","floor":2,"gold_loss":0},{"damage_healed":0,"gold_gain":0,"player_choice":"Donut","damage_taken":0,"max_hp_gain":5,"max_hp_loss":0,"event_name":"Big Fish","floor":5,"gold_loss":0},{"damage_healed":0,"gold_gain":75,"player_choice":"Gather Gold","damage_taken":11,"max_hp_gain":0,"max_hp_loss":0,"event_name":"World of Goop","floor":7,"gold_loss":0},{"damage_healed":0,"gold_gain":0,"player_choice":"Fought Bandits","damage_taken":0,"max_hp_gain":0,"max_hp_loss":0,"event_name":"Masked Bandits","floor":19,"gold_loss":0}],"is_beta":false,"boss_relics":[{"not_picked":["Velvet Choker","FrozenCore"],"picked":"Eternal Feather"}],"items_purged_floors":[8],"is_endless":false,"potions_floor_spawned":[3,4,12,14],"killed_by":"Masked Bandits","ascension_level":0}