{"gold_per_floor":[113,113,130,149,149,166,91,91,172,185,185,214,214,249,249,326,626,636,636,249,264,264],"floor_reached":22,"playtime":1213,"items_purged":["Defend_B","Strike_B"],"score":333,"play_id":"34ede5cf-a042-4d62-a7b6-3036f4a373a7","local_time":"20190207135539","is_ascension_mode":true,"campfire_choices":[{"data":"Zap","floor":8,"key":"SMITH"},{"data":"Cold Snap","floor":11,"key":"SMITH"},{"floor":13,"key":"REST"},{"floor":15,"key":"REST"}],"neow_cost":"NONE","seed_source_timestamp":1263066056204400,"circlet_count":0,"master_deck":["AscendersBane","Strike_B","Strike_B","Defend_B","Defend_B","Defend_B","Zap+1","Dualcast","Echo Form","BootSequence","Cold Snap+1","Compile Driver","Turbo","Steam","Buffer","Creative AI","Shame","Hologram","Defragment","Stack","Steam","Conserve Battery+1"],"relics":["Cracked Core","Omamori","Gremlin Horn","Ice Cream","Centennial Puzzle","Calling Bell","Dream Catcher","The Courier","Old Coin","Bottled Tornado"],"potions_floor_usage":[10,14,16,19],"damage_taken":[{"damage":11,"enemies":"Small Slimes","floor":1,"turns":3},{"damage":2,"enemies":"Jaw Worm","floor":3,"turns":3},{"damage":2,"enemies":"Cultist","floor":4,"turns":4},{"damage":3,"enemies":"Blue Slaver","floor":6,"turns":3},{"damage":12,"enemies":"3 Louse","floor":10,"turns":3},{"damage":25,"enemies":"Lagavulin","floor":12,"turns":6},{"damage":16,"enemies":"Gremlin Nob","floor":14,"turns":3},{"damage":8,"enemies":"Slime Boss","floor":16,"turns":11},{"damage":21,"enemies":"Chosen","floor":18,"turns":7},{"damage":7,"enemies":"Shell Parasite","floor":19,"turns":3},{"damage":20,"enemies":"Snake Plant","floor":21,"turns":6},{"damage":13,"enemies":"3 Cultists","floor":22,"turns":2}],"seed_played":"4944907709675868745","potions_obtained":[{"floor":1,"key":"Regen Potion"},{"floor":3,"key":"GamblersBrew"},{"floor":4,"key":"SmokeBomb"},{"floor":10,"key":"Fire Potion"},{"floor":14,"key":"PowerPotion"}],"is_trial":false,"path_per_floor":["M","?","M","M","?","M","$","R","T","M","R","E","R","E","R","B",null,"M","M","$","M","M"],"character_chosen":"DEFECT","items_purchased":["Defragment","Bottled Tornado","Stack","Steam"],"campfire_rested":2,"item_purchase_floors":[20,20,20,20],"current_hp_per_floor":[53,46,44,42,42,39,39,39,39,36,36,11,32,16,37,29,61,40,33,33,13,0],"gold":264,"neow_bonus":"ONE_RANDOM_RARE_CARD","is_prod":false,"is_daily":false,"chose_seed":false,"campfire_upgraded":2,"win_rate":0,"timestamp":1549547739,"path_taken":["M","?","M","M","?","M","$","R","T","M","R","E","R","E","R","BOSS","M","?","$","M","M"],"build_version":"2019-01-23","purchased_purges":2,"victory":false,"max_hp_per_floor":[71,71,71,71,71,71,71,71,71,71,71,71,71,71,71,71,71,71,71,71,71,71],"card_choices":[{"not_picked":["Compile Driver","Redo"],"picked":"BootSequence","floor":1},{"not_picked":["Steam Power","Hologram"],"picked":"Glacier","floor":3},{"not_picked":["Hologram","Double Energy"],"picked":"Cold Snap","floor":4},{"not_picked":["Genetic Algorithm","Hello World"],"picked":"Compile Driver","floor":6},{"not_picked":["Leap","Steam Power"],"picked":"Turbo","floor":10},{"not_picked":["Turbo","Redo"],"picked":"Steam","floor":12},{"not_picked":["Auto Shields","White Noise"],"picked":"Buffer","floor":14},{"not_picked":["Multi-Cast","Hyperbeam"],"picked":"Creative AI","floor":16},{"not_picked":["Steam","Double Energy"],"picked":"Hologram","floor":18},{"not_picked":["Hologram","Genetic Algorithm"],"picked":"Conserve Battery+1","floor":21}],"player_experience":256908,"relics_obtained":[{"floor":9,"key":"Gremlin Horn"},{"floor":12,"key":"Ice Cream"},{"floor":14,"key":"Centennial Puzzle"},{"floor":17,"key":"Dream Catcher"},{"floor":17,"key":"The Courier"},{"floor":17,"key":"Old Coin"}],"event_choices":[{"cards_removed":["Strike_B"],"damage_healed":0,"gold_gain":0,"player_choice":"Card Removal","damage_taken":7,"max_hp_gain":0,"max_hp_loss":0,"event_name":"Golden Wing","floor":2,"gold_loss":0},{"cards_removed":["Glacier"],"damage_healed":0,"gold_gain":0,"player_choice":"Gave Card","damage_taken":0,"relics_obtained":["Omamori"],"max_hp_gain":0,"max_hp_loss":0,"event_name":"WeMeetAgain","floor":5,"gold_loss":0}],"is_beta":false,"boss_relics":[{"not_picked":["Orrery","Runic Pyramid"],"picked":"Calling Bell"}],"items_purged_floors":[7,20],"is_endless":false,"potions_floor_spawned":[1,3,4,10,14],"killed_by":"3 Cultists","ascension_level":14}