{"gold_per_floor":[115,115,115,133,150,150,178,178,178,178,191,191,203,247,259,271],"floor_reached":16,"playtime":574,"items_purged":[],"score":108,"play_id":"12a7f391-33e1-49a6-a5f6-1f473c3b4191","local_time":"20190201001754","is_ascension_mode":false,"campfire_choices":[{"data":"Survivor","floor":6,"key":"SMITH"},{"data":"Dash","floor":8,"key":"SMITH"},{"data":"Sucker Punch","floor":10,"key":"SMITH"},{"data":"Leg Sweep","floor":15,"key":"SMITH"}],"neow_cost":"CURSE","seed_source_timestamp":21470920774636,"circlet_count":0,"master_deck":["Defend_G","Defend_G","Defend_G","Defend_G","Defend_G","Strike_G","Strike_G","Strike_G","Strike_G","Survivor+1","Neutralize","Prepared","Accuracy","Dash+1","Sucker Punch+1","Dagger Throw","Leg Sweep+1","Backflip"],"relics":["Ring of the Snake","Torii","Frozen Egg 2","Meat on the Bone","MawBank","Pear","Mummified Hand"],"potions_floor_usage":[],"damage_taken":[{"damage":0,"enemies":"Small Slimes","floor":1,"turns":4},{"damage":1,"enemies":"Cultist","floor":4,"turns":5},{"damage":0,"enemies":"2 Louse","floor":5,"turns":3},{"damage":27,"enemies":"3 Sentries","floor":7,"turns":14},{"damage":1,"enemies":"Blue Slaver","floor":11,"turns":4},{"damage":2,"enemies":"Lagavulin","floor":14,"turns":8},{"damage":48,"enemies":"Slime Boss","floor":16,"turns":17}],"seed_played":"2201962369861277126","potions_obtained":[{"floor":5,"key":"Energy Potion"},{"floor":11,"key":"Energy Potion"},{"floor":14,"key":"Block Potion"}],"is_trial":false,"path_per_floor":["M","?","?","M","M","R","E","R","T","R","M","?","T","E","R","B"],"character_chosen":"THE_SILENT","items_purchased":[],"campfire_rested":0,"item_purchase_floors":[],"current_hp_per_floor":[70,63,63,62,62,62,35,35,35,35,34,22,32,42,42,0],"gold":271,"neow_bonus":"ONE_RARE_RELIC","is_prod":false,"is_daily":false,"chose_seed":false,"campfire_upgraded":4,"win_rate":0,"timestamp":1548951474,"path_taken":["M","?","?","M","M","R","E","R","T","R","?","?","?","E","R","BOSS"],"build_version":"2019-01-23","purchased_purges":0,"victory":false,"max_hp_per_floor":[70,67,67,67,67,67,67,67,67,67,67,67,77,77,77,77],"card_choices":[{"not_picked":["Blade Dance","Deflect"],"picked":"Prepared","floor":1},{"not_picked":["Expertise","Sucker Punch"],"picked":"Dash","floor":4},{"not_picked":["Outmaneuver","Eviscerate"],"picked":"Sucker Punch","floor":5},{"not_picked":["Eviscerate","All Out Attack"],"picked":"Dagger Throw","floor":7},{"not_picked":["Predator","Prepared"],"picked":"Leg Sweep","floor":11},{"not_picked":["Reflex","Endless Agony"],"picked":"Backflip","floor":14}],"player_experience":158427,"relics_obtained":[{"floor":7,"key":"Frozen Egg 2"},{"floor":9,"key":"Meat on the Bone"},{"floor":13,"key":"Pear"},{"floor":14,"key":"Mummified Hand"}],"event_choices":[{"cards_removed":["Parasite"],"damage_healed":0,"gold_gain":0,"player_choice":"Card Removal","damage_taken":7,"max_hp_gain":0,"max_hp_loss":0,"event_name":"Golden Wing","floor":2,"gold_loss":0},{"damage_healed":0,"gold_gain":0,"cards_transformed":["Strike_G"],"player_choice":"Transformed","damage_taken":0,"max_hp_gain":0,"max_hp_loss":0,"event_name":"Transmorgrifier","floor":3,"gold_loss":0,"cards_obtained":["Accuracy"]},{"damage_healed":0,"gold_gain":0,"player_choice":"Success","damage_taken":12,"relics_obtained":["MawBank"],"max_hp_gain":0,"max_hp_loss":0,"event_name":"Scrap Ooze","floor":12,"gold_loss":0}],"is_beta":false,"boss_relics":[],"items_purged_floors":[],"is_endless":false,"potions_floor_spawned":[5,11,14],"killed_by":"Slime Boss","ascension_level":0}