{"gold_per_floor":[117,130,130,153,78,78,96,129,155,155,80,80,99,130,130,130],"floor_reached":16,"playtime":1522,"items_purged":["Strike_G"],"score":263,"play_id":"3f70f991-e752-435c-ba1d-6fdb91433d06","local_time":"20190204121420","is_ascension_mode":true,"campfire_choices":[{"data":"Poisoned Stab","floor":6,"key":"SMITH"},{"data":"Glass Knife","floor":10,"key":"SMITH"},{"data":"Footwork","floor":12,"key":"SMITH"},{"floor":15,"key":"REST"}],"neow_cost":"NONE","seed_source_timestamp":225816354988600,"circlet_count":0,"master_deck":["AscendersBane","Defend_G","Defend_G","Defend_G","Defend_G","Defend_G","Strike_G","Strike_G+1","Strike_G","Survivor","Neutralize+1","Deflect","Dagger Throw","Poisoned Stab+1","Footwork+1","Glass Knife+1","Dodge and Roll"],"relics":["Ring of the Snake","Golden Idol","Whetstone","Happy Flower","Dream Catcher"],"potions_floor_usage":[8,16,16],"damage_taken":[{"damage":4,"enemies":"Jaw Worm","floor":1,"turns":8},{"damage":0,"enemies":"2 Louse","floor":2,"turns":4},{"damage":3,"enemies":"Small Slimes","floor":4,"turns":4},{"damage":0,"enemies":"2 Fungi Beasts","floor":7,"turns":4},{"damage":13,"enemies":"3 Sentries","floor":8,"turns":10},{"damage":0,"enemies":"3 Louse","floor":13,"turns":3},{"damage":0,"enemies":"Lagavulin","floor":14,"turns":6},{"damage":64,"enemies":"Slime Boss","floor":16,"turns":10}],"seed_played":"-52246665590579696","potions_obtained":[{"floor":1,"key":"SteroidPotion"},{"floor":7,"key":"Fire Potion"},{"floor":8,"key":"Energy Potion"}],"is_trial":false,"path_per_floor":["M","M","?","M","?","R","M","E","T","R","$","R","M","E","R","B"],"character_chosen":"THE_SILENT","items_purchased":[],"campfire_rested":1,"item_purchase_floors":[],"current_hp_per_floor":[61,61,61,58,58,58,58,45,45,45,45,45,45,45,64,0],"gold":130,"neow_bonus":"TEN_PERCENT_HP_BONUS","is_prod":false,"is_daily":false,"chose_seed":false,"campfire_upgraded":3,"win_rate":0,"timestamp":1549278860,"path_taken":["M","M","?","M","?","R","M","E","T","R","$","R","M","E","R","BOSS"],"build_version":"2019-01-23","purchased_purges":1,"victory":false,"max_hp_per_floor":[72,72,65,65,65,65,65,65,65,65,65,65,65,65,65,65],"card_choices":[{"not_picked":["Concentrate","Flechettes"],"picked":"Deflect","floor":1},{"not_picked":["Terror","Choke"],"picked":"Dagger Throw","floor":2},{"not_picked":["Noxious Fumes","Underhanded Strike"],"picked":"Poisoned Stab","floor":4},{"not_picked":["Acrobatics","Finisher"],"picked":"Footwork","floor":7},{"not_picked":["Concentrate","Envenom"],"picked":"Glass Knife","floor":8},{"not_picked":["Catalyst","Concentrate","Acrobatics"],"picked":"SKIP","floor":13},{"not_picked":["Quick Slash","Blade Dance","Catalyst"],"picked":"SKIP","floor":14},{"not_picked":["Flying Knee","Prepared"],"picked":"Dodge and Roll","floor":15}],"player_experience":378602,"relics_obtained":[{"floor":8,"key":"Whetstone"},{"floor":9,"key":"Happy Flower"},{"floor":14,"key":"Dream Catcher"}],"event_choices":[{"damage_healed":0,"gold_gain":0,"player_choice":"Lose Max HP","damage_taken":0,"relics_obtained":["Golden Idol"],"max_hp_gain":0,"max_hp_loss":7,"event_name":"Golden Idol","floor":3,"gold_loss":0},{"cards_removed":["Strike_G"],"damage_healed":0,"gold_gain":0,"player_choice":"Card Removal","damage_taken":0,"max_hp_gain":0,"max_hp_loss":0,"event_name":"The Cleric","floor":5,"gold_loss":75}],"is_beta":false,"boss_relics":[],"items_purged_floors":[11],"is_endless":false,"potions_floor_spawned":[1,7,8],"killed_by":"Slime Boss","ascension_level":19}