{"gold_per_floor":[218,218,232,232,11,11,29,43,69,139,162,182,182,200,200,326,326,349,349,362,277,300,300,300],"floor_reached":24,"playtime":779,"items_purged":[],"score":198,"play_id":"06755101-d776-44d4-bc59-0692c56d7c14","local_time":"20181114170740","is_ascension_mode":false,"campfire_choices":[{"data":"Cleave","floor":6.0,"key":"SMITH"},{"data":"Armaments","floor":13.0,"key":"SMITH"},{"data":"Armaments","floor":15.0,"key":"SMITH"},{"data":"Limit Break","floor":23.0,"key":"SMITH"}],"neow_cost":"NONE","seed_source_timestamp":0,"circlet_count":0,"master_deck":["Strike_R","Strike_R","Strike_R","Strike_R","Strike_R","Defend_R","Defend_R","Defend_R","Defend_R","Bash+1","Iron Wave","Armaments+1","Cleave+1","Intimidate","Armaments+1","Clothesline","Flex","Limit Break+1","Shrug It Off","Thunderclap"],"special_seed":0,"relics":["Burning Blood","Golden Idol","Blood Vial","Potion Belt","Tiny Chest","Anchor","Sozu","Pantograph"],"potions_floor_usage":[],"damage_taken":[{"damage":6.0,"enemies":"2 Louse","floor":1.0,"turns":3.0},{"damage":6.0,"enemies":"Jaw Worm","floor":3.0,"turns":6.0},{"damage":0.0,"enemies":"Cultist","floor":7.0,"turns":3.0},{"damage":7.0,"enemies":"Blue Slaver","floor":8.0,"turns":5.0},{"damage":37.0,"enemies":"Gremlin Nob","floor":10.0,"turns":5.0},{"damage":1.0,"enemies":"Large Slime","floor":12.0,"turns":6.0},{"damage":0.0,"enemies":"3 Louse","floor":14.0,"turns":4.0},{"damage":48.0,"enemies":"Slime Boss","floor":16.0,"turns":11.0},{"damage":11.0,"enemies":"Chosen","floor":18.0,"turns":6.0},{"damage":5.0,"enemies":"2 Thieves","floor":20.0,"turns":4.0},{"damage":25.0,"enemies":"Shelled Parasite and Fungi","floor":22.0,"turns":6.0},{"damage":0,"enemies":"Gremlin Leader","floor":24,"turns":1}],"seed_played":"-3209458073672539711","potions_obtained":[{"floor":7.0,"key":"AttackPotion"},{"floor":10.0,"key":"FearPotion"},{"floor":12.0,"key":"Weak Potion"},{"floor":14.0,"key":"Energy Potion"}],"is_trial":false,"path_per_floor":["M","?","M","?","$","R","M","M","T","E","T","M","R","M","R","B",null,"M","?","M","?","M","R","E"],"character_chosen":"IRONCLAD","items_purchased":["Armaments","Blood Vial","Cleave"],"campfire_rested":0,"item_purchase_floors":[5,5,5],"current_hp_per_floor":[80,60,60,60,60,60,68,69,69,40,40,47,47,55,55,15,80,75,75,78,78,61,61,63],"gold":300,"neow_bonus":"HUNDRED_GOLD","is_prod":false,"is_daily":false,"chose_seed":false,"campfire_upgraded":4,"win_rate":0,"timestamp":1542215260,"path_taken":["M","?","M","?","$","R","M","?","T","E","?","M","R","M","R","BOSS","M","?","M","?","M","R","E"],"build_version":"2018-11-08","purchased_purges":0,"victory":false,"max_hp_per_floor":[80,80,80,80,80,80,80,80,80,80,80,80,80,80,80,80,80,80,80,80,80,80,80,80],"card_choices":[{"not_picked":["Sword Boomerang","Rupture","Warcry"],"picked":"SKIP","floor":1.0},{"not_picked":["Thunderclap","Wild Strike"],"picked":"Iron Wave","floor":3.0},{"not_picked":["Burning Pact","Iron Wave"],"picked":"Intimidate","floor":7.0},{"not_picked":["Blood for Blood","Iron Wave"],"picked":"Armaments","floor":8.0},{"not_picked":["Sever Soul","Bloodletting","Evolve"],"picked":"SKIP","floor":10.0},{"not_picked":["Warcry","Carnage"],"picked":"Clothesline","floor":12.0},{"not_picked":["Second Wind","Shrug It Off"],"picked":"Flex","floor":14.0},{"not_picked":["Feed","Reaper"],"picked":"Limit Break","floor":16.0},{"not_picked":["Rupture","Rampage"],"picked":"Shrug It Off","floor":18.0},{"not_picked":["Cleave","Sword Boomerang"],"picked":"Thunderclap","floor":20.0},{"not_picked":["Sword Boomerang","Metallicize","Anger"],"picked":"SKIP","floor":22.0}],"player_experience":784279,"relics_obtained":[{"floor":9.0,"key":"Potion Belt"},{"floor":10.0,"key":"Tiny Chest"},{"floor":11.0,"key":"Anchor"}],"event_choices":[{"damage_healed":0.0,"max_hp_gain":0.0,"max_hp_loss":0.0,"gold_gain":0.0,"event_name":"Golden Idol","player_choice":"Take Damage","floor":2.0,"gold_loss":0.0,"damage_taken":20.0,"relics_obtained":["Golden Idol"]},{"damage_healed":0.0,"max_hp_gain":0.0,"max_hp_loss":0.0,"gold_gain":0.0,"event_name":"Upgrade Shrine","player_choice":"Upgraded","floor":4.0,"gold_loss":0.0,"damage_taken":0.0,"cards_upgraded":["Bash"]},{"damage_healed":0.0,"max_hp_gain":0.0,"max_hp_loss":0.0,"gold_gain":0.0,"event_name":"The Mausoleum","player_choice":"Ignored","floor":19.0,"gold_loss":0.0,"damage_taken":0.0},{"damage_healed":0.0,"max_hp_gain":0.0,"max_hp_loss":0.0,"gold_gain":0.0,"event_name":"Addict","player_choice":"Obtained Relic","floor":21.0,"gold_loss":85.0,"damage_taken":0.0,"relics_obtained":["Pantograph"]}],"is_beta":false,"boss_relics":[{"not_picked":["Runic Pyramid","Fusion Hammer"],"picked":"Sozu"}],"items_purged_floors":[],"is_endless":false,"potions_floor_spawned":[7,10,12,14,18],"killed_by":"Gremlin Leader","ascension_level":0}