{"gold_per_floor":[110,185,19,36,47,47,62,62,62,62,80,80,100,100,100,202,202,213,138,88,106,6,6,18,18,18,18,18,18,30,50,50,50],"floor_reached":33,"playtime":1450,"items_purged":["Strike_R","Strike_R"],"score":237,"play_id":"85cade1a-6fa6-4576-8024-934e62a15be0","local_time":"20190203001355","is_ascension_mode":false,"campfire_choices":[{"floor":6,"key":"RECALL"},{"floor":8,"key":"REST"},{"data":"Whirlwind","floor":15,"key":"SMITH"},{"floor":23,"key":"REST"},{"floor":29,"key":"REST"},{"floor":32,"key":"REST"}],"neow_cost":"NONE","seed_source_timestamp":110676020348699,"circlet_count":0,"master_deck":["Defend_R","Defend_R","Defend_R","Defend_R","Bash","Pommel Strike","Inflame","Armaments","Whirlwind+1","Shrug It Off","Shrug It Off","Twin Strike","Feed","Bludgeon","True Grit","True Grit+1","Flame Barrier"],"relics":["Empty Cage","Paper Frog","Fusion Hammer","Torii","Bag of Preparation"],"potions_floor_usage":[16,16,16],"damage_taken":[{"damage":8,"enemies":"Jaw Worm","floor":1,"turns":6},{"damage":0,"enemies":"2 Louse","floor":4,"turns":3},{"damage":5,"enemies":"Small Slimes","floor":5,"turns":3},{"damage":39,"enemies":"Gremlin Gang","floor":7,"turns":4},{"damage":0,"enemies":"Blue Slaver","floor":11,"turns":5},{"damage":4,"enemies":"Large Slime","floor":13,"turns":5},{"damage":17,"enemies":"The Guardian","floor":16,"turns":13},{"damage":29,"enemies":"2 Thieves","floor":18,"turns":4},{"damage":27,"enemies":"Shell Parasite","floor":21,"turns":7},{"damage":15,"enemies":"Snake Plant","floor":24,"turns":4},{"damage":10,"enemies":"Colosseum Slavers","floor":25,"turns":5},{"damage":11,"enemies":"Snecko","floor":30,"turns":8},{"damage":11,"enemies":"Sentry and Sphere","floor":31,"turns":9},{"damage":107,"enemies":"Champ","floor":33,"turns":14}],"seed_played":"-8112338892380937257","potions_obtained":[{"floor":4,"key":"EssenceOfSteel"},{"floor":11,"key":"EssenceOfSteel"},{"floor":13,"key":"Fire Potion"},{"floor":24,"key":"Weak Potion"},{"floor":31,"key":"GamblersBrew"}],"is_trial":false,"path_per_floor":["M","?","$","M","M","R","M","R","T","$","M","?","M","?","R","B",null,"M","?","?","M","$","R","M","?","T","?","?","R","M","M","R","B"],"character_chosen":"IRONCLAD","items_purchased":["Inflame","Armaments"],"campfire_rested":4,"item_purchase_floors":[3,3],"current_hp_per_floor":[72,61,61,61,56,56,17,41,41,41,41,41,37,30,30,13,80,54,54,54,30,30,55,40,30,30,58,58,83,72,64,89,0],"gold":50,"neow_bonus":"BOSS_RELIC","is_prod":false,"is_daily":false,"chose_seed":false,"campfire_upgraded":1,"win_rate":0,"timestamp":1549124035,"path_taken":["M","?","$","M","M","R","M","R","T","$","M","?","M","?","R","BOSS","M","?","?","?","$","R","M","?","T","?","?","R","M","M","R","BOSS"],"build_version":"2019-01-23","purchased_purges":2,"victory":false,"max_hp_per_floor":[80,80,80,80,80,80,80,80,80,80,80,80,80,80,80,80,80,83,83,83,86,86,86,86,86,86,86,86,86,86,89,89,89],"card_choices":[{"not_picked":["Clash","Entrench"],"picked":"Pommel Strike","floor":1},{"not_picked":["Rupture","Clothesline"],"picked":"Whirlwind","floor":4},{"not_picked":["Twin Strike","Burning Pact"],"picked":"Shrug It Off","floor":5},{"not_picked":["Wild Strike","Flex"],"picked":"Shrug It Off","floor":7},{"not_picked":["Disarm","Headbutt"],"picked":"Twin Strike","floor":11},{"not_picked":["Dual Wield","Warcry"],"picked":"Feed","floor":13},{"not_picked":["Immolate","Feed"],"picked":"Bludgeon","floor":16},{"not_picked":["Combust","Hemokinesis+1"],"picked":"True Grit","floor":18},{"not_picked":["Shrug It Off","Inflame"],"picked":"True Grit+1","floor":21},{"not_picked":["Clothesline","Clash","Hemokinesis"],"picked":"SKIP","floor":24},{"not_picked":["Twin Strike","Intimidate"],"picked":"Flame Barrier","floor":30},{"not_picked":["Bloodletting+1","Armaments","Perfected Strike"],"picked":"SKIP","floor":31}],"player_experience":177898,"relics_obtained":[{"floor":26,"key":"Torii"}],"event_choices":[{"damage_healed":0,"gold_gain":75,"player_choice":"Gather Gold","damage_taken":11,"max_hp_gain":0,"max_hp_loss":0,"event_name":"World of Goop","floor":2,"gold_loss":0},{"damage_healed":0,"gold_gain":0,"player_choice":"Box","damage_taken":0,"relics_obtained":["Paper Frog"],"max_hp_gain":0,"max_hp_loss":0,"event_name":"Big Fish","floor":12,"gold_loss":0,"cards_obtained":["Regret"]},{"cards_removed":["Regret"],"damage_healed":0,"gold_gain":0,"player_choice":"Card Removal","damage_taken":7,"max_hp_gain":0,"max_hp_loss":0,"event_name":"Golden Wing","floor":14,"gold_loss":0},{"cards_removed":["Strike_R"],"damage_healed":0,"gold_gain":0,"player_choice":"Gave Gold","damage_taken":0,"max_hp_gain":0,"max_hp_loss":0,"event_name":"Beggar","floor":19,"gold_loss":75},{"damage_healed":0,"gold_gain":0,"player_choice":"Bet on Murderer","damage_taken":0,"max_hp_gain":0,"max_hp_loss":0,"event_name":"The Joust","floor":20,"gold_loss":50},{"damage_healed":0,"gold_gain":0,"player_choice":"Fight","damage_taken":0,"max_hp_gain":0,"max_hp_loss":0,"event_name":"Colosseum","floor":25,"gold_loss":0},{"damage_healed":0,"gold_gain":0,"player_choice":"Fled From Nobs","damage_taken":0,"max_hp_gain":0,"max_hp_loss":0,"event_name":"Colosseum","floor":25,"gold_loss":0},{"damage_healed":28,"gold_gain":0,"player_choice":"Heal","damage_taken":0,"max_hp_gain":0,"max_hp_loss":0,"event_name":"The Library","floor":27,"gold_loss":0},{"damage_healed":0,"gold_gain":0,"player_choice":"Gave Potion","damage_taken":0,"relics_obtained":["Bag of Preparation"],"max_hp_gain":0,"max_hp_loss":0,"event_name":"WeMeetAgain","floor":28,"gold_loss":0}],"is_beta":false,"boss_relics":[{"not_picked":["Calling Bell","Runic Dome"],"picked":"Fusion Hammer"}],"items_purged_floors":[3,22],"is_endless":false,"potions_floor_spawned":[4,11,13,24,31],"killed_by":"Champ","ascension_level":0}