{"gold_per_floor":[112,42,60,60,80,80,155,155,210,244,244,262,36,48,48,143,143,158,174,95,95,112,112,141,141,220,331,376,403,236,265,265,265],"floor_reached":33,"playtime":1531,"items_purged":["Strike_B","Defend_B"],"score":344,"play_id":"cc82aa63-0930-4bb7-b1c5-3612036b06d9","local_time":"20190130052939","is_ascension_mode":true,"campfire_choices":[{"data":"Zap","floor":6.0,"key":"SMITH"},{"data":"Dualcast","floor":8.0,"key":"SMITH"},{"data":"Self Repair","floor":11.0,"key":"SMITH"},{"floor":15.0,"key":"RECALL"},{"data":"Lockon","floor":23.0,"key":"SMITH"},{"floor":25.0,"key":"REST"},{"data":"Seek","floor":32.0,"key":"SMITH"}],"neow_cost":"NONE","seed_source_timestamp":213633947648039,"circlet_count":0,"master_deck":["Strike_B","Defend_B","Defend_B","Defend_B","Zap+1","Dualcast+1","Ball Lightning","Self Repair+1","Conserve Battery","Chill","Ball Lightning","Double Energy","Machine Learning","Redo","Cold Snap","Lockon+1","Chill+1","Blizzard","Compile Driver","Compile Driver+1","Thunder Strike","Seek+1"],"special_seed":0,"relics":["Cracked Core","PreservedInsect","Regal Pillow","Eternal Feather","Orichalcum","Matryoshka","MawBank","Bottled Flame","Blood Vial","Strawberry"],"potions_floor_usage":[33],"damage_taken":[{"damage":0.0,"enemies":"2 Louse","floor":1.0,"turns":2.0},{"damage":6.0,"enemies":"Cultist","floor":3.0,"turns":3.0},{"damage":0.0,"enemies":"Jaw Worm","floor":5.0,"turns":3.0},{"damage":3.0,"enemies":"3 Sentries","floor":10.0,"turns":6.0},{"damage":3.0,"enemies":"Red Slaver","floor":12.0,"turns":3.0},{"damage":0.0,"enemies":"2 Fungi Beasts","floor":14.0,"turns":2.0},{"damage":65.0,"enemies":"The Guardian","floor":16.0,"turns":11.0},{"damage":12.0,"enemies":"Shell Parasite","floor":18.0,"turns":7.0},{"damage":19.0,"enemies":"2 Thieves","floor":19.0,"turns":5.0},{"damage":20.0,"enemies":"Cultist and Chosen","floor":22.0,"turns":7.0},{"damage":46.0,"enemies":"Slavers","floor":24.0,"turns":9.0},{"damage":20.0,"enemies":"Book of Stabbing","floor":28.0,"turns":5.0},{"damage":12.0,"enemies":"Snecko","floor":29.0,"turns":6.0},{"damage":0.0,"enemies":"Gremlin Leader","floor":31.0,"turns":6.0},{"damage":102,"enemies":"Collector","floor":33,"turns":7}],"seed_played":"-3757130009313552501","potions_obtained":[{"floor":5.0,"key":"Fire Potion"},{"floor":10.0,"key":"Strength Potion"},{"floor":14.0,"key":"Dexterity Potion"},{"floor":18.0,"key":"SmokeBomb"},{"floor":22.0,"key":"FocusPotion"},{"floor":29.0,"key":"FocusPotion"}],"is_trial":false,"path_per_floor":["M","$","M","?","M","R","?","R","T","E","R","M","$","M","R","B",null,"M","M","$","?","M","R","E","R","T","?","E","M","$","E","R","B"],"character_chosen":"DEFECT","items_purchased":["Self Repair","Regal Pillow","Lockon","Thunder Strike"],"campfire_rested":1,"item_purchase_floors":[2,13,20,30],"current_hp_per_floor":[75,75,75,75,75,75,64,64,64,68,68,75,75,75,75,20,75,73,64,64,64,54,63,27,73,73,73,63,63,63,82,82,0],"gold":265,"neow_bonus":"REMOVE_CARD","is_prod":false,"is_daily":false,"chose_seed":false,"campfire_upgraded":5,"win_rate":1,"timestamp":1548822579,"path_taken":["M","$","M","?","?","R","?","R","T","E","R","M","?","?","R","BOSS","M","M","$","?","?","R","E","R","T","?","E","M","$","E","R","BOSS"],"build_version":"2019-01-23","purchased_purges":2,"victory":false,"max_hp_per_floor":[75,75,75,75,75,75,75,75,75,75,75,75,75,75,75,75,75,75,75,75,75,75,75,75,75,75,75,75,75,75,82,82,82],"card_choices":[{"not_picked":["Redo","Chill"],"picked":"Ball Lightning","floor":1.0},{"not_picked":["Streamline","Leap"],"picked":"Conserve Battery","floor":3.0},{"not_picked":["Stack","Gash"],"picked":"Chill","floor":5.0},{"not_picked":["Reprogram","Aggregate","Hologram"],"picked":"SKIP","floor":10.0},{"not_picked":["Barrage","Meteor Strike"],"picked":"Ball Lightning","floor":12.0},{"not_picked":["Hologram","Steam"],"picked":"Double Energy","floor":14.0},{"not_picked":["Creative AI","Multi-Cast"],"picked":"Machine Learning","floor":16.0},{"not_picked":["Skim","Stack"],"picked":"Redo","floor":18.0},{"not_picked":["Scrape","Blizzard+1"],"picked":"Cold Snap","floor":19.0},{"not_picked":["BootSequence","Compile Driver"],"picked":"Chill+1","floor":22.0},{"not_picked":["White Noise","Barrage"],"picked":"Blizzard","floor":24.0},{"not_picked":["Scrape","Gash"],"picked":"Compile Driver","floor":28.0},{"not_picked":["Steam+1","Gash+1"],"picked":"Compile Driver+1","floor":29.0},{"not_picked":["Blizzard","Leap+1"],"picked":"Seek","floor":31.0}],"player_experience":28424,"relics_obtained":[{"floor":10.0,"key":"PreservedInsect"},{"floor":24.0,"key":"Matryoshka"},{"floor":26.0,"key":"MawBank"},{"floor":26.0,"key":"Bottled Flame"},{"floor":28.0,"key":"Blood Vial"},{"floor":31.0,"key":"Strawberry"}],"event_choices":[{"cards_removed":["Strike_B"],"damage_healed":0.0,"max_hp_gain":0.0,"max_hp_loss":0.0,"gold_gain":0.0,"event_name":"Wheel of Change","player_choice":"Card Removal","floor":4.0,"gold_loss":0.0,"damage_taken":0.0},{"damage_healed":0.0,"max_hp_gain":0.0,"max_hp_loss":0.0,"gold_gain":75.0,"event_name":"World of Goop","player_choice":"Gather Gold","floor":7.0,"gold_loss":0.0,"damage_taken":11.0},{"damage_healed":0.0,"max_hp_gain":0.0,"max_hp_loss":0.0,"gold_gain":0.0,"event_name":"WeMeetAgain","player_choice":"Gave Potion","floor":21.0,"gold_loss":0.0,"damage_taken":0.0,"relics_obtained":["Orichalcum"]},{"damage_healed":0.0,"max_hp_gain":0.0,"max_hp_loss":0.0,"gold_gain":99.0,"event_name":"Nest","player_choice":"Stole From Cult","floor":27.0,"gold_loss":0.0,"damage_taken":0.0}],"is_beta":false,"boss_relics":[{"not_picked":["Astrolabe","Coffee Dripper"],"picked":"Eternal Feather"}],"items_purged_floors":[13,30],"is_endless":false,"potions_floor_spawned":[5,10,14,18,22,29],"killed_by":"Collector","ascension_level":1}