{"gold_per_floor":[113,38,38,38,55,55,82,102,174,174,189,189,247,14,14,115,115,129,140,140,150,75,75,75],"floor_reached":24,"playtime":811,"items_purged":["Strike_G"],"score":223,"play_id":"6fac11d0-1008-45fa-9cf9-5715999b14ed","local_time":"20181220034406","is_ascension_mode":true,"campfire_choices":[{"data":"Noxious Fumes","floor":6,"key":"SMITH"},{"data":"Dagger Spray","floor":10,"key":"SMITH"},{"data":"Neutralize","floor":12,"key":"SMITH"},{"floor":15,"key":"REST"},{"floor":23,"key":"REST"}],"neow_cost":"NONE","seed_source_timestamp":485387620901630,"circlet_count":0,"master_deck":["Defend_G","Defend_G","Defend_G","Defend_G","Defend_G","Strike_G","Strike_G","Survivor","Neutralize+1","Noxious Fumes+1","Dagger Spray+1","Crippling Poison","Dagger Throw","Prepared","Dagger Throw","Noxious Fumes","Envenom","Backflip","Footwork+1","Malaise"],"relics":["Ring of the Snake","Bag of Preparation","Question Card","PreservedInsect","Membership Card","Philosopher\u0027s Stone"],"potions_floor_usage":[16,16,16],"damage_taken":[{"damage":7,"enemies":"Cultist","floor":1,"turns":5},{"damage":6,"enemies":"Small Slimes","floor":5,"turns":4},{"damage":21,"enemies":"3 Sentries","floor":7,"turns":6},{"damage":1,"enemies":"Jaw Worm","floor":8,"turns":3},{"damage":0,"enemies":"2 Fungi Beasts","floor":11,"turns":2},{"damage":17,"enemies":"3 Sentries","floor":13,"turns":5},{"damage":23,"enemies":"Hexaghost","floor":16,"turns":8},{"damage":46,"enemies":"3 Byrds","floor":18,"turns":4},{"damage":24,"enemies":"Chosen","floor":19,"turns":6},{"damage":41,"enemies":"Shelled Parasite and Fungi","floor":21,"turns":6},{"damage":67,"enemies":"Slavers","floor":24,"turns":3}],"seed_played":"9096680346707238002","potions_obtained":[{"floor":1,"key":"SkillPotion"},{"floor":8,"key":"Ancient Potion"},{"floor":11,"key":"Ancient Potion"},{"floor":21,"key":"Dexterity Potion"}],"is_trial":false,"path_per_floor":["M","$","?","$","M","R","E","M","T","R","M","R","?","$","R","B",null,"M","M","?","M","?","R","E"],"character_chosen":"THE_SILENT","items_purchased":["Membership Card","Noxious Fumes"],"campfire_rested":2,"item_purchase_floors":[14,14],"current_hp_per_floor":[70,70,70,70,64,64,43,42,42,42,42,42,25,25,48,25,77,31,7,77,36,36,59,0],"gold":75,"neow_bonus":"TEN_PERCENT_HP_BONUS","is_prod":false,"is_daily":false,"chose_seed":false,"campfire_upgraded":3,"win_rate":0,"timestamp":1545248646,"path_taken":["M","$","?","$","M","R","E","?","T","R","M","R","?","?","R","BOSS","M","M","?","?","?","R","E"],"build_version":"2018-12-13","purchased_purges":1,"victory":false,"max_hp_per_floor":[77,77,77,77,77,77,77,77,77,77,77,77,77,77,77,77,77,77,77,77,77,77,77,77],"card_choices":[{"not_picked":["Quick Slash","Outmaneuver"],"picked":"Noxious Fumes","floor":1},{"not_picked":["Skewer","Backstab"],"picked":"Crippling Poison","floor":5},{"not_picked":["Deadly Poison","Concentrate"],"picked":"Dagger Throw","floor":7},{"not_picked":["Infinite Blades","Reflex"],"picked":"Prepared","floor":8},{"not_picked":["Riddle With Holes","Poisoned Stab","Backstab"],"picked":"Dagger Throw","floor":11},{"not_picked":["All Out Attack","Underhanded Strike","Eviscerate"],"picked":"Choke","floor":13},{"not_picked":["Phantasmal Killer","Tools of the Trade","Venomology"],"picked":"Envenom","floor":16},{"not_picked":["Expertise+1","Underhanded Strike+1","Dagger Throw"],"picked":"Backflip","floor":18},{"not_picked":["Quick Slash","Noxious Fumes","Acrobatics+1"],"picked":"Footwork+1","floor":19},{"not_picked":["Slice+1","Caltrops+1","Outmaneuver+1"],"picked":"Malaise","floor":21}],"player_experience":71523,"relics_obtained":[{"floor":7,"key":"Bag of Preparation"},{"floor":9,"key":"Question Card"},{"floor":13,"key":"PreservedInsect"}],"event_choices":[{"damage_healed":0,"gold_gain":0,"cards_transformed":["Strike_G"],"player_choice":"Transformed","damage_taken":0,"max_hp_gain":0,"max_hp_loss":0,"event_name":"Transmorgrifier","floor":3,"gold_loss":0,"cards_obtained":["Dagger Spray"]},{"damage_healed":0,"gold_gain":30,"player_choice":"Searched \u00272\u0027 times","damage_taken":0,"max_hp_gain":0,"max_hp_loss":0,"event_name":"Dead Adventurer","floor":13,"gold_loss":0},{"cards_removed":["Choke"],"damage_healed":70,"gold_gain":0,"player_choice":"Offered Uncommon","damage_taken":0,"max_hp_gain":0,"max_hp_loss":0,"event_name":"Bonfire Elementals","floor":20,"gold_loss":0},{"cards_removed":["Strike_G"],"damage_healed":0,"gold_gain":0,"player_choice":"Gave Gold","damage_taken":0,"max_hp_gain":0,"max_hp_loss":0,"event_name":"Beggar","floor":22,"gold_loss":75}],"is_beta":false,"boss_relics":[{"not_picked":["White Beast Statue","WristBlade"],"picked":"Philosopher\u0027s Stone"}],"items_purged_floors":[2],"is_endless":false,"potions_floor_spawned":[1,8,11,21],"killed_by":"Slavers","ascension_level":3}