{"gold_per_floor":[113,124,124,49,63,63,74,74],"floor_reached":8,"playtime":258,"items_purged":[],"score":91,"play_id":"3eab9985-5c6e-499f-8b58-52c68478ce38","local_time":"20181219212055","is_ascension_mode":true,"campfire_choices":[{"data":"Neutralize","floor":6,"key":"SMITH"}],"neow_cost":"NONE","seed_source_timestamp":213336245046031,"circlet_count":0,"master_deck":["AscendersBane","Defend_G","Defend_G","Defend_G","Defend_G","Defend_G","Strike_G","Strike_G","Strike_G","Survivor","Neutralize+1","Dodge and Roll","After Image","Flying Knee"],"relics":["Ring of the Snake","NeowsBlessing"],"potions_floor_usage":[7],"damage_taken":[{"damage":0,"enemies":"Small Slimes","floor":1,"turns":1},{"damage":0,"enemies":"Jaw Worm","floor":2,"turns":1},{"damage":0,"enemies":"2 Louse","floor":5,"turns":2},{"damage":7,"enemies":"Lots of Slimes","floor":7,"turns":6},{"damage":87,"enemies":"Gremlin Nob","floor":8,"turns":6}],"seed_played":"-4239881111488971401","potions_obtained":[{"floor":1,"key":"SpeedPotion"},{"floor":5,"key":"Fire Potion"}],"is_trial":false,"path_per_floor":["M","M","?","?","M","R","M","E"],"character_chosen":"THE_SILENT","items_purchased":[],"campfire_rested":0,"item_purchase_floors":[],"current_hp_per_floor":[59,59,59,59,59,59,52,0],"gold":74,"neow_bonus":"THREE_ENEMY_KILL","is_prod":false,"is_daily":false,"chose_seed":false,"campfire_upgraded":1,"win_rate":0,"timestamp":1545283255,"path_taken":["M","M","?","?","M","R","M","E"],"build_version":"2018-12-13","purchased_purges":0,"victory":false,"max_hp_per_floor":[66,66,66,66,66,66,66,66],"card_choices":[{"not_picked":["Calculated Gamble","Prepared","Acrobatics"],"picked":"SKIP","floor":1},{"not_picked":["Sucker Punch","Well Laid Plans"],"picked":"Dodge and Roll","floor":2},{"not_picked":["Outmaneuver","Deflect"],"picked":"Flying Knee","floor":5},{"not_picked":["Predator","Acrobatics","Underhanded Strike"],"picked":"SKIP","floor":7}],"player_experience":175840,"relics_obtained":[],"event_choices":[{"damage_healed":0,"gold_gain":0,"cards_transformed":["Strike_G"],"player_choice":"Change","damage_taken":0,"max_hp_gain":0,"max_hp_loss":0,"event_name":"Living Wall","floor":3,"gold_loss":0,"cards_obtained":["After Image"]},{"cards_removed":["Strike_G"],"damage_healed":0,"gold_gain":0,"player_choice":"Card Removal","damage_taken":0,"max_hp_gain":0,"max_hp_loss":0,"event_name":"The Cleric","floor":4,"gold_loss":75}],"is_beta":false,"boss_relics":[],"items_purged_floors":[],"is_endless":false,"potions_floor_spawned":[1,5],"killed_by":"Gremlin Nob","ascension_level":18}