{"gold_per_floor":[114,131,142,49,64,99,24,50,50,68,84,109,121,138,138,209,209,228,248,173,173,23,23,56,74,74,74,86,86,101,1,1,1],"floor_reached":33,"playtime":3003,"items_purged":["Normality","Normality"],"score":632,"play_id":"14fd6f19-828a-4ac9-86d0-6f288fc8827a","local_time":"20181225000256","is_ascension_mode":true,"campfire_choices":[{"floor":15.0,"key":"REST"},{"data":"Footwork","floor":23.0,"key":"SMITH"},{"data":"Terror","floor":27.0,"key":"SMITH"},{"floor":32.0,"key":"REST"}],"neow_cost":"NONE","seed_source_timestamp":652124186757334,"circlet_count":0,"master_deck":["AscendersBane","Defend_G","Defend_G","Defend_G","Defend_G","Defend_G","Strike_G","Strike_G","Strike_G","Strike_G","Survivor","Neutralize","Leg Sweep","Footwork+1","Terror+1","Skewer","Leg Sweep","Glass Knife","Dagger Spray","Deadly Poison","Envenom","PiercingWail","Dodge and Roll","Endless Agony","Die Die Die","Writhe","Leg Sweep+1","Crippling Poison+1","Corpse Explosion+1","PiercingWail+1","Flechettes+1","Backflip+1","Writhe","Dodge and Roll+1"],"special_seed":0,"relics":["Ring of the Snake","Ninja Scroll","Vajra","Question Card","Du-Vu Doll","Calling Bell","Toxic Egg 2","Dream Catcher","The Specimen","Tingsha","Art of War","Gremlin Horn"],"potions_floor_usage":[33,33],"damage_taken":[{"damage":0.0,"enemies":"Jaw Worm","floor":1.0,"turns":5.0},{"damage":7.0,"enemies":"Small Slimes","floor":2.0,"turns":6.0},{"damage":2.0,"enemies":"2 Louse","floor":3.0,"turns":5.0},{"damage":1.0,"enemies":"Looter","floor":5.0,"turns":5.0},{"damage":0.0,"enemies":"Lagavulin","floor":6.0,"turns":4.0},{"damage":27.0,"enemies":"Gremlin Nob","floor":8.0,"turns":4.0},{"damage":2.0,"enemies":"Large Slime","floor":10.0,"turns":3.0},{"damage":0.0,"enemies":"2 Fungi Beasts","floor":11.0,"turns":2.0},{"damage":17.0,"enemies":"3 Sentries","floor":12.0,"turns":7.0},{"damage":0.0,"enemies":"Exordium Thugs","floor":13.0,"turns":3.0},{"damage":0.0,"enemies":"Lots of Slimes","floor":14.0,"turns":2.0},{"damage":4.0,"enemies":"Hexaghost","floor":16.0,"turns":8.0},{"damage":1.0,"enemies":"2 Thieves","floor":18.0,"turns":2.0},{"damage":4.0,"enemies":"Spheric Guardian","floor":19.0,"turns":3.0},{"damage":25.0,"enemies":"Book of Stabbing","floor":24.0,"turns":5.0},{"damage":0.0,"enemies":"Centurion and Healer","floor":25.0,"turns":4.0},{"damage":0.0,"enemies":"Snake Plant","floor":28.0,"turns":3.0},{"damage":17.0,"enemies":"Cultist and Chosen","floor":30.0,"turns":6.0},{"damage":36,"enemies":"Collector","floor":33,"turns":5}],"seed_played":"4953814953076587428","potions_obtained":[{"floor":3.0,"key":"AttackPotion"},{"floor":6.0,"key":"Weak Potion"},{"floor":8.0,"key":"SpeedPotion"},{"floor":10.0,"key":"FairyPotion"},{"floor":16.0,"key":"Block Potion"},{"floor":19.0,"key":"SkillPotion"},{"floor":24.0,"key":"EssenceOfSteel"},{"floor":25.0,"key":"Dexterity Potion"},{"floor":30.0,"key":"Dexterity Potion"}],"is_trial":false,"path_per_floor":["M","M","M","$","M","E","?","E","T","M","M","E","M","M","R","B",null,"M","M","$","?","$","R","E","M","T","R","M","?","M","$","R","B"],"character_chosen":"THE_SILENT","items_purchased":["Skewer","SteroidPotion","Corpse Explosion+1"],"campfire_rested":2,"item_purchase_floors":[4,4,22],"current_hp_per_floor":[65,58,56,56,55,55,55,28,28,26,26,9,9,9,30,26,61,60,56,56,56,56,56,31,31,31,31,31,31,14,14,35,0],"gold":1,"neow_bonus":"TEN_PERCENT_HP_BONUS","is_prod":false,"is_daily":false,"chose_seed":false,"campfire_upgraded":2,"win_rate":0,"timestamp":1545724976,"path_taken":["M","M","M","$","M","E","?","E","T","M","M","E","M","M","R","BOSS","M","M","$","?","$","R","E","M","T","R","M","?","M","$","R","BOSS"],"build_version":"2018-12-20","purchased_purges":2,"victory":false,"max_hp_per_floor":[72,72,72,72,72,72,72,72,72,72,72,72,72,72,72,72,72,72,72,72,72,72,72,72,72,72,72,72,72,72,72,72,72],"card_choices":[{"not_picked":["PiercingWail","Blade Dance"],"picked":"Leg Sweep","floor":1.0},{"not_picked":["PiercingWail","Deadly Poison"],"picked":"Footwork","floor":2.0},{"not_picked":["Slice","Acrobatics"],"picked":"Terror","floor":3.0},{"not_picked":["Calculated Gamble","Deflect"],"picked":"Leg Sweep","floor":5.0},{"not_picked":["Slice","Catalyst"],"picked":"Glass Knife","floor":6.0},{"not_picked":["Footwork","All Out Attack"],"picked":"Dagger Spray","floor":8.0},{"not_picked":["Reflex","All Out Attack","Outmaneuver"],"picked":"Deadly Poison","floor":10.0},{"not_picked":["Dagger Throw","Deflect","Backflip"],"picked":"Envenom","floor":11.0},{"not_picked":["Deadly Poison","Malaise","Predator"],"picked":"PiercingWail","floor":12.0},{"not_picked":["Deadly Poison","All Out Attack","Blade Dance"],"picked":"Dodge and Roll","floor":13.0},{"not_picked":["Acrobatics","Leg Sweep","Accuracy"],"picked":"Endless Agony","floor":14.0},{"not_picked":["Doppelganger","Envenom","Burst"],"picked":"Die Die Die","floor":16.0},{"not_picked":["Well Laid Plans","PiercingWail+1","Choke"],"picked":"Leg Sweep+1","floor":18.0},{"not_picked":["Predator","Prepared+1","Blade Dance+1","Heel Hook"],"picked":"SKIP","floor":19.0},{"not_picked":["Prepared+1","Grand Finale","Setup+1"],"picked":"PiercingWail+1","floor":24.0},{"not_picked":["Endless Agony","PiercingWail+1","Masterful Stab"],"picked":"Flechettes+1","floor":25.0},{"not_picked":["Dagger Spray","Outmaneuver+1","Slice"],"picked":"Backflip+1","floor":28.0},{"not_picked":["Deflect+1","Caltrops","Terror+1"],"picked":"Dodge and Roll+1","floor":30.0}],"player_experience":218318,"relics_obtained":[{"floor":6.0,"key":"Ninja Scroll"},{"floor":8.0,"key":"Vajra"},{"floor":9.0,"key":"Question Card"},{"floor":12.0,"key":"Du-Vu Doll"},{"floor":17.0,"key":"Toxic Egg 2"},{"floor":17.0,"key":"Dream Catcher"},{"floor":17.0,"key":"The Specimen"},{"floor":24.0,"key":"Tingsha"},{"floor":26.0,"key":"Art of War"}],"event_choices":[{"cards_removed":["Strike_G"],"damage_healed":0.0,"max_hp_gain":0.0,"max_hp_loss":0.0,"gold_gain":0.0,"event_name":"The Cleric","player_choice":"Card Removal","floor":7.0,"gold_loss":75.0,"damage_taken":0.0},{"damage_healed":0.0,"max_hp_gain":0.0,"max_hp_loss":0.0,"gold_gain":0.0,"event_name":"The Library","player_choice":"Read","floor":21.0,"gold_loss":0.0,"damage_taken":0.0,"cards_obtained":["Crippling Poison"]},{"damage_healed":0.0,"max_hp_gain":0.0,"max_hp_loss":0.0,"gold_gain":0.0,"event_name":"The Mausoleum","player_choice":"Opened","floor":29.0,"gold_loss":0.0,"damage_taken":0.0,"relics_obtained":["Gremlin Horn"],"cards_obtained":["Writhe"]}],"is_beta":false,"boss_relics":[{"not_picked":["Runic Dome","Eternal Feather"],"picked":"Calling Bell"}],"items_purged_floors":[20,31],"is_endless":false,"potions_floor_spawned":[3,6,8,10,12,16,19,24,25,30],"killed_by":"Collector","ascension_level":20}