{"gold_per_floor":[216,236,30,105,105,137,149,161,173,220,232,263,275,18,18,120,120,134,13,13,28,40,40,73,73,98,78,108,127,127,162,162,263,313,330,343,49,49,49,75,175,175,175,208,220,246,17,44,44,44],"floor_reached":51,"playtime":3013,"items_purged":["Strike_B","Strike_B","Writhe"],"score":1010,"play_id":"51fe42ae-3e1e-4deb-9e88-c33ff8d56f19","local_time":"20190210004401","is_ascension_mode":true,"campfire_choices":[{"floor":8.0,"key":"REST"},{"floor":15.0,"key":"REST"},{"floor":23.0,"key":"REST"},{"data":"Echo Form","floor":25.0,"key":"SMITH"},{"floor":30.0,"key":"REST"},{"floor":32.0,"key":"REST"},{"data":"Consume","floor":42.0,"key":"SMITH"},{"data":"Loop","floor":49,"key":"SMITH"}],"neow_cost":"NONE","seed_source_timestamp":0,"circlet_count":0,"master_deck":["Strike_B","Defend_B","Defend_B","Defend_B","Defend_B","Zap+1","Dualcast","Coolheaded","Ball Lightning","Capacitor","Creative AI","Blizzard","Glacier","Gash","Loop+1","FTL","Echo Form+1","BootSequence","Cold Snap","Barrage+1","Force Field","Conserve Battery+1","Heatsinks","Sweeping Beam+1","Consume+1","Gash","Electrodynamics","Gash","White Noise+1","Self Repair+1","Self Repair+1","Sunder+1","Flash of Steel+1"],"special_seed":0,"relics":["Cracked Core","MawBank","Pantograph","Singing Bowl","Gambling Chip","The Courier","Lantern","Nuclear Battery","Torii","Dream Catcher","Bag of Marbles","Sundial","Mummified Hand","Tiny House","Gremlin Horn","Thread and Needle","Peace Pipe","Molten Egg 2","Dodecahedron","Bronze Scales","Toolbox","Calipers"],"potions_floor_usage":[50],"damage_taken":[{"damage":1.0,"enemies":"Cultist","floor":1.0,"turns":3.0},{"damage":9.0,"enemies":"Small Slimes","floor":2.0,"turns":3.0},{"damage":10.0,"enemies":"Lagavulin","floor":6.0,"turns":7.0},{"damage":56.0,"enemies":"Gremlin Nob","floor":10.0,"turns":6.0},{"damage":2.0,"enemies":"Jaw Worm","floor":12.0,"turns":3.0},{"damage":21.0,"enemies":"Slime Boss","floor":16.0,"turns":9.0},{"damage":28.0,"enemies":"Shell Parasite","floor":18.0,"turns":7.0},{"damage":6.0,"enemies":"Spheric Guardian","floor":21.0,"turns":4.0},{"damage":6.0,"enemies":"Shelled Parasite and Fungi","floor":22.0,"turns":7.0},{"damage":0.0,"enemies":"Book of Stabbing","floor":24.0,"turns":5.0},{"damage":41.0,"enemies":"Slavers","floor":28.0,"turns":8.0},{"damage":0.0,"enemies":"3 Cultists","floor":29.0,"turns":5.0},{"damage":29.0,"enemies":"Gremlin Leader","floor":31.0,"turns":10.0},{"damage":10.0,"enemies":"Champ","floor":33.0,"turns":9.0},{"damage":0.0,"enemies":"3 Shapes","floor":35.0,"turns":4.0},{"damage":20.0,"enemies":"3 Darklings","floor":36.0,"turns":5.0},{"damage":0.0,"enemies":"Giant Head","floor":40.0,"turns":8.0},{"damage":9.0,"enemies":"Mind Bloom Boss Battle","floor":41.0,"turns":6.0},{"damage":47.0,"enemies":"Nemesis","floor":44.0,"turns":7.0},{"damage":23.0,"enemies":"Jaw Worm Horde","floor":45.0,"turns":4.0},{"damage":10.0,"enemies":"Reptomancer","floor":46.0,"turns":6.0},{"damage":0,"enemies":"Giant Head","floor":48,"turns":6},{"damage":55,"enemies":"Donu and Deca","floor":50,"turns":7}],"seed_played":"-3577316191488223473","potions_obtained":[{"floor":2.0,"key":"SpeedPotion"},{"floor":6.0,"key":"GamblersBrew"},{"floor":10.0,"key":"EssenceOfSteel"},{"floor":16.0,"key":"LiquidBronze"},{"floor":18.0,"key":"PowerPotion"},{"floor":22.0,"key":"Block Potion"},{"floor":27.0,"key":"Fruit Juice"},{"floor":33.0,"key":"Explosive Potion"},{"floor":34.0,"key":"Explosive Potion"},{"floor":35.0,"key":"GamblersBrew"},{"floor":41.0,"key":"Swift Potion"},{"floor":44.0,"key":"SteroidPotion"},{"floor":46.0,"key":"FocusPotion"}],"is_trial":false,"path_per_floor":["M","M","$","?","?","E","T","R","T","E","?","M","T","$","R","B",null,"M","$","?","M","M","R","E","R","T","?","E","M","R","E","R","B",null,"M","M","$","?","?","E","?","R","T","E","M","E","$","E","R","B",null],"character_chosen":"DEFECT","items_purchased":["Ball Lightning","Capacitor","Gash","Loop","FTL","Lantern","Cold Snap","Gremlin Horn","Flash of Steel+1","Toolbox"],"campfire_rested":5,"item_purchase_floors":[3,3,14,14,14,14,19,37,47,47],"current_hp_per_floor":[74,65,65,54,47,37,37,59,59,3,28,26,26,26,48,52,75,47,47,47,41,35,57,57,57,57,62,21,21,47,18,42,57,87,87,69,69,69,69,71,78,78,78,51,50,60,60,82,82,56],"gold":44,"neow_bonus":"HUNDRED_GOLD","is_prod":false,"is_daily":false,"chose_seed":false,"campfire_upgraded":3,"win_rate":0,"timestamp":1549781041,"path_taken":["M","M","$","?","?","E","?","R","T","E","?","M","?","$","R","BOSS","M","$","?","M","M","R","E","R","T","?","E","?","R","E","R","BOSS","M","?","$","?","?","E","?","R","T","E","M","E","$","E","R","BOSS"],"build_version":"2019-01-23","purchased_purges":3,"victory":true,"max_hp_per_floor":[75,75,75,75,75,75,75,75,75,75,75,75,75,75,75,75,75,75,75,75,75,75,75,75,75,75,80,80,80,82,82,82,82,87,87,89,89,89,85,87,87,87,87,87,89,89,89,91,91,91],"card_choices":[{"not_picked":["Hologram","Darkness"],"picked":"Go for the Eyes","floor":1.0},{"not_picked":["Turbo","Melter"],"picked":"Coolheaded","floor":2.0},{"not_picked":["All For One","Genetic Algorithm"],"picked":"Creative AI","floor":6.0},{"not_picked":["Heatsinks","Aggregate"],"picked":"Blizzard","floor":10.0},{"not_picked":["Redo","Hologram"],"picked":"Glacier","floor":12.0},{"not_picked":["Creative AI","Meteor Strike"],"picked":"Echo Form","floor":16.0},{"not_picked":["Ball Lightning","Rip and Tear"],"picked":"BootSequence","floor":18.0},{"not_picked":["Beam Cell","Ball Lightning"],"picked":"Barrage+1","floor":21.0},{"not_picked":["Beam Cell+1","Leap"],"picked":"Force Field","floor":22.0},{"not_picked":["Storm","Sweeping Beam"],"picked":"Conserve Battery+1","floor":24.0},{"not_picked":["BootSequence","Rip and Tear"],"picked":"Heatsinks","floor":28.0},{"not_picked":["Darkness","Loop+1"],"picked":"Sweeping Beam+1","floor":29.0},{"not_picked":["Turbo","Steam+1","Ball Lightning"],"picked":"Singing Bowl","floor":30.0},{"not_picked":["Leap","All For One"],"picked":"Consume","floor":31.0},{"not_picked":["Darkness","Compile Driver+1"],"picked":"Gash","floor":32.0},{"not_picked":["Fission","Rainbow"],"picked":"Electrodynamics","floor":33.0},{"not_picked":["Stack+1","Cold Snap"],"picked":"Gash","floor":34.0},{"not_picked":["Reinforced Body+1","Turbo+1"],"picked":"White Noise+1","floor":35.0},{"not_picked":["Chaos+1","Stack","Go for the Eyes+1"],"picked":"Singing Bowl","floor":36.0},{"not_picked":["Sweeping Beam","Stack","Streamline"],"picked":"Singing Bowl","floor":40.0},{"not_picked":["Blizzard+1","FTL"],"picked":"Self Repair+1","floor":41.0},{"not_picked":["Gash+1","Undo+1"],"picked":"Self Repair+1","floor":44.0},{"not_picked":["Sweeping Beam+1","Streamline+1","Hello World+1"],"picked":"Singing Bowl","floor":45.0},{"not_picked":["Leap+1","Steam Power"],"picked":"Sunder+1","floor":46.0},{"not_picked":["All For One+1","Sweeping Beam+1","Barrage+1"],"picked":"Singing Bowl","floor":48}],"player_experience":139896,"relics_obtained":[{"floor":6.0,"key":"MawBank"},{"floor":7.0,"key":"Pantograph"},{"floor":9.0,"key":"Singing Bowl"},{"floor":10.0,"key":"Gambling Chip"},{"floor":13.0,"key":"The Courier"},{"floor":24.0,"key":"Dream Catcher"},{"floor":26.0,"key":"Bag of Marbles"},{"floor":28.0,"key":"Sundial"},{"floor":31.0,"key":"Mummified Hand"},{"floor":40.0,"key":"Thread and Needle"},{"floor":41.0,"key":"Peace Pipe"},{"floor":43.0,"key":"Molten Egg 2"},{"floor":44.0,"key":"Dodecahedron"},{"floor":46.0,"key":"Bronze Scales"},{"floor":48,"key":"Calipers"}],"event_choices":[{"damage_healed":0.0,"max_hp_gain":0.0,"max_hp_loss":0.0,"gold_gain":75.0,"event_name":"World of Goop","player_choice":"Gather Gold","floor":4.0,"gold_loss":0.0,"damage_taken":11.0},{"cards_removed":["Strike_B"],"damage_healed":0.0,"max_hp_gain":0.0,"max_hp_loss":0.0,"gold_gain":0.0,"event_name":"Golden Wing","player_choice":"Card Removal","floor":5.0,"gold_loss":0.0,"damage_taken":7.0},{"damage_healed":25.0,"max_hp_gain":0.0,"max_hp_loss":0.0,"gold_gain":0.0,"event_name":"Big Fish","player_choice":"Banana","floor":11.0,"gold_loss":0.0,"damage_taken":0.0},{"damage_healed":0.0,"max_hp_gain":0.0,"max_hp_loss":0.0,"gold_gain":0.0,"event_name":"The Mausoleum","player_choice":"Opened","floor":20.0,"gold_loss":0.0,"damage_taken":0.0,"relics_obtained":["Torii"],"cards_obtained":["Writhe"]},{"damage_healed":0.0,"max_hp_gain":0.0,"max_hp_loss":0.0,"gold_gain":0.0,"event_name":"The Woman in Blue","player_choice":"Bought 1 Potion","floor":27.0,"gold_loss":0.0,"damage_taken":0.0},{"cards_removed":["Go for the Eyes"],"damage_healed":0.0,"max_hp_gain":0.0,"max_hp_loss":0.0,"gold_gain":0.0,"event_name":"Falling","player_choice":"Removed Attack","floor":38.0,"gold_loss":0.0,"damage_taken":0.0},{"damage_healed":0.0,"max_hp_gain":0.0,"max_hp_loss":4.0,"gold_gain":0.0,"event_name":"Winding Halls","player_choice":"Max HP","floor":39.0,"gold_loss":0.0,"damage_taken":0.0},{"damage_healed":0.0,"max_hp_gain":0.0,"max_hp_loss":0.0,"gold_gain":0.0,"event_name":"MindBloom","player_choice":"Fight","floor":41.0,"gold_loss":0.0,"damage_taken":0.0}],"is_beta":false,"boss_relics":[{"not_picked":["Eternal Feather","Calling Bell"],"picked":"Nuclear Battery"},{"not_picked":["Busted Crown","Runic Pyramid"],"picked":"Tiny House"}],"items_purged_floors":[3,19,37],"is_endless":false,"potions_floor_spawned":[2,6,10,16,18,21,22,33,35,41,44,46],"ascension_level":2}