{"gold_per_floor":[119,137,137,187,205,205,219,219,219,250,261,261,261],"floor_reached":13,"playtime":1231,"items_purged":[],"score":166,"play_id":"dbf27e61-ba67-4270-99a4-3c5be78f3c65","local_time":"20190204124214","is_ascension_mode":true,"campfire_choices":[{"data":"Dash","floor":6,"key":"SMITH"},{"data":"Backstab","floor":8,"key":"SMITH"}],"neow_cost":"TEN_PERCENT_HP_LOSS","seed_source_timestamp":227781255269000,"circlet_count":0,"master_deck":["AscendersBane","Defend_G","Defend_G","Defend_G","Defend_G","Defend_G","Strike_G","Strike_G","Strike_G","Strike_G","Strike_G","Survivor","Neutralize","Venomology","Backstab+1","Dash+1","Corpse Explosion"],"relics":["Ring of the Snake","Dodecahedron","Pear"],"potions_floor_usage":[2,2,7,7,11,13,13,13],"damage_taken":[{"damage":1,"enemies":"2 Louse","floor":1,"turns":4},{"damage":1,"enemies":"Small Slimes","floor":2,"turns":3},{"damage":0,"enemies":"Cultist","floor":5,"turns":3},{"damage":0,"enemies":"Large Slime","floor":7,"turns":4},{"damage":38,"enemies":"Gremlin Nob","floor":10,"turns":5},{"damage":0,"enemies":"3 Louse","floor":11,"turns":3},{"damage":36,"enemies":"Lagavulin","floor":13,"turns":6}],"seed_played":"-6224693926888841677","potions_obtained":[{"floor":1,"key":"AttackPotion"},{"floor":10,"key":"AttackPotion"}],"is_trial":false,"path_per_floor":["M","M","?","?","M","R","M","R","T","E","M","?","E"],"character_chosen":"THE_SILENT","items_purchased":[],"campfire_rested":0,"item_purchase_floors":[],"current_hp_per_floor":[58,57,62,56,56,56,56,56,56,28,28,28,0],"gold":261,"neow_bonus":"THREE_RARE_CARDS","is_prod":false,"is_daily":false,"chose_seed":false,"campfire_upgraded":2,"win_rate":0,"timestamp":1549280534,"path_taken":["M","M","?","?","?","R","M","R","T","E","M","?","E"],"build_version":"2019-01-23","purchased_purges":0,"victory":false,"max_hp_per_floor":[60,60,65,65,65,65,65,65,65,75,75,75,75],"card_choices":[{"not_picked":["Bullet Time","Corpse Explosion"],"picked":"Venomology","floor":0},{"not_picked":["Setup","Flechettes","Underhanded Strike"],"picked":"SKIP","floor":1},{"not_picked":["Eviscerate","PiercingWail"],"picked":"Backstab","floor":2},{"not_picked":["Footwork","Deadly Poison"],"picked":"Dash","floor":5},{"not_picked":["Quick Slash","Outmaneuver","Underhanded Strike"],"picked":"SKIP","floor":7},{"not_picked":["Underhanded Strike","Outmaneuver","Sucker Punch"],"picked":"SKIP","floor":10},{"not_picked":["Sucker Punch","Blade Dance"],"picked":"Corpse Explosion","floor":11}],"player_experience":380541,"relics_obtained":[{"floor":9,"key":"Dodecahedron"},{"floor":10,"key":"Pear"}],"event_choices":[{"damage_healed":0,"gold_gain":0,"player_choice":"Donut","damage_taken":0,"max_hp_gain":5,"max_hp_loss":0,"event_name":"Big Fish","floor":3,"gold_loss":0},{"damage_healed":0,"gold_gain":50,"player_choice":"Touch","damage_taken":6,"max_hp_gain":0,"max_hp_loss":0,"event_name":"FaceTrader","floor":4,"gold_loss":0},{"damage_healed":0,"gold_gain":0,"player_choice":"Ignored","damage_taken":0,"max_hp_gain":0,"max_hp_loss":0,"event_name":"Shining Light","floor":12,"gold_loss":0}],"is_beta":false,"boss_relics":[],"items_purged_floors":[],"is_endless":false,"potions_floor_spawned":[1,5,10],"killed_by":"Lagavulin","ascension_level":19}