{"gold_per_floor":[119,132,152,165,240,267,267,299,346,521,533,385,385,403,403,507,507,521,494,366,366,386,416,428,441,441,441,148,148,148,168,168,273,273,290,301,43,56,102,102],"floor_reached":40,"playtime":2576,"items_purged":["Doubt","Strike_R"],"score":508,"play_id":"d97b10a0-aab1-471c-85fd-0173940a81bf","local_time":"20190104011213","is_ascension_mode":true,"campfire_choices":[{"floor":7,"key":"REST"},{"floor":13,"key":"REST"},{"floor":15,"key":"REST"},{"floor":27,"key":"REST"},{"data":"Armaments","floor":29,"key":"SMITH"},{"floor":32,"key":"REST"}],"neow_cost":"PERCENT_DAMAGE","seed_source_timestamp":1520872070767298,"circlet_count":0,"master_deck":["Strike_R","Strike_R","Strike_R","Strike_R","Defend_R","Defend_R","Defend_R","Defend_R","Bash","Headbutt","Disarm","Armaments+1","Clothesline","Intimidate","Feel No Pain+1","Perfected Strike","Impervious","Shrug It Off+1","Infernal Blade+1","Battle Trance","True Grit","Jack Of All Trades","Perfected Strike","Infernal Blade","Shrug It Off+1","Metallicize+1","Sword Boomerang+1","Shrug It Off","Corruption+1","Warcry","Immolate+1","Spot Weakness","Impervious","True Grit+1","Flex+1","Heavy Blade+1","Metallicize+1","Body Slam+1","Battle Trance+1","Havoc+1"],"relics":["Burning Blood","Nunchaku","Happy Flower","Frozen Egg 2","Regal Pillow","Sozu","Dream Catcher","Molten Egg 2","Strawberry","Orrery","Pen Nib","Gambling Chip"],"potions_floor_usage":[16,23,24],"damage_taken":[{"damage":8,"enemies":"Jaw Worm","floor":1,"turns":4},{"damage":8,"enemies":"2 Louse","floor":2,"turns":3},{"damage":3,"enemies":"Small Slimes","floor":3,"turns":5},{"damage":6,"enemies":"2 Fungi Beasts","floor":4,"turns":4},{"damage":24,"enemies":"Gremlin Nob","floor":6,"turns":4},{"damage":34,"enemies":"3 Sentries","floor":8,"turns":11},{"damage":13,"enemies":"Large Slime","floor":11,"turns":7},{"damage":18,"enemies":"Exordium Thugs","floor":14,"turns":7},{"damage":54,"enemies":"Hexaghost","floor":16,"turns":12},{"damage":8,"enemies":"Chosen","floor":18,"turns":4},{"damage":13,"enemies":"2 Thieves","floor":19,"turns":5},{"damage":26,"enemies":"Sentry and Sphere","floor":22,"turns":6},{"damage":28,"enemies":"Gremlin Leader","floor":23,"turns":8},{"damage":2,"enemies":"Cultist and Chosen","floor":24,"turns":6},{"damage":15,"enemies":"Snake Plant","floor":25,"turns":5},{"damage":11,"enemies":"Sentry and Sphere","floor":31,"turns":10},{"damage":24,"enemies":"Automaton","floor":33,"turns":14},{"damage":1,"enemies":"3 Darklings","floor":35,"turns":9},{"damage":0,"enemies":"3 Shapes","floor":36,"turns":4},{"damage":35,"enemies":"Spire Growth","floor":38,"turns":5},{"damage":20,"enemies":"2 Orb Walkers","floor":39,"turns":4},{"damage":55,"enemies":"Giant Head","floor":40,"turns":7}],"seed_played":"8996507778957043103","potions_obtained":[{"floor":4,"key":"BloodPotion"},{"floor":8,"key":"Weak Potion"},{"floor":11,"key":"Ancient Potion"},{"floor":16,"key":"SteroidPotion"}],"is_trial":false,"path_per_floor":["M","M","M","M","?","E","R","E","T","?","M","$","R","M","R","B",null,"M","M","$","?","M","E","M","M","T","R","$","R","?","M","R","B",null,"M","M","$","M","?","E"],"character_chosen":"IRONCLAD","items_purchased":["LiquidBronze","Battle Trance","True Grit","Strawberry","Shrug It Off","Metallicize+1","Pen Nib","Body Slam+1"],"campfire_rested":5,"item_purchase_floors":[12,20,20,28,28,37,37,37],"current_hp_per_floor":[54,52,55,55,44,26,50,22,22,22,15,15,54,42,80,32,80,78,71,71,55,35,13,25,16,16,55,62,62,45,40,82,64,92,92,92,92,63,49,0],"gold":102,"neow_bonus":"ONE_RARE_RELIC","is_prod":false,"is_daily":false,"chose_seed":false,"campfire_upgraded":1,"win_rate":0,"timestamp":1546593133,"path_taken":["M","M","M","M","?","E","R","E","T","?","M","$","R","M","R","BOSS","M","M","$","?","?","E","M","M","T","R","$","R","?","M","R","BOSS","M","M","$","M","?","E"],"build_version":"2019-01-03v3","purchased_purges":2,"victory":false,"max_hp_per_floor":[80,80,80,80,80,80,80,80,80,80,80,80,80,80,80,80,80,80,80,80,80,80,80,80,80,80,80,87,87,92,92,92,92,92,92,92,92,92,92,92],"card_choices":[{"not_picked":["Body Slam","Perfected Strike"],"picked":"Headbutt","floor":1},{"not_picked":["Pommel Strike","Body Slam"],"picked":"Disarm","floor":2},{"not_picked":["Wild Strike","Warcry"],"picked":"Armaments","floor":3},{"not_picked":["Anger","Flex"],"picked":"Clothesline","floor":4},{"not_picked":["Headbutt","Brutality"],"picked":"Intimidate","floor":6},{"not_picked":["Intimidate","Body Slam","Blood for Blood"],"picked":"SKIP","floor":8},{"not_picked":["Pommel Strike","Fire Breathing+1"],"picked":"Feel No Pain+1","floor":11},{"not_picked":["Iron Wave","Impervious"],"picked":"Perfected Strike","floor":14},{"not_picked":["Reaper","Double Tap"],"picked":"Impervious","floor":16},{"not_picked":["Iron Wave","Reckless Charge"],"picked":"Shrug It Off+1","floor":18},{"not_picked":["Wild Strike+1","Clothesline"],"picked":"Infernal Blade+1","floor":19},{"not_picked":["Pommel Strike","Warcry"],"picked":"Perfected Strike","floor":22},{"not_picked":["Rage","Thunderclap"],"picked":"Infernal Blade","floor":23},{"not_picked":["Sever Soul","Havoc+1"],"picked":"Shrug It Off+1","floor":24},{"not_picked":["Combust+1","Feel No Pain+1"],"picked":"Metallicize+1","floor":25},{"not_picked":["Sever Soul+1","Reckless Charge+1"],"picked":"Sword Boomerang+1","floor":27},{"not_picked":["Anger+1","Limit Break"],"picked":"Corruption+1","floor":31},{"not_picked":["Heavy Blade+1","Dual Wield"],"picked":"Warcry","floor":32},{"not_picked":["Reaper+1","Berserk+1"],"picked":"Immolate+1","floor":33},{"not_picked":["Cleave+1","Twin Strike+1"],"picked":"Spot Weakness","floor":34},{"not_picked":["Intimidate","Fire Breathing+1"],"picked":"Impervious","floor":34},{"not_picked":["Thunderclap+1","Clash+1"],"picked":"True Grit+1","floor":34},{"not_picked":["Sword Boomerang+1","Heavy Blade+1"],"picked":"Flex+1","floor":34},{"not_picked":["Flex+1","Warcry","Armaments+1"],"picked":"SKIP","floor":35},{"not_picked":["Evolve+1","Clothesline+1"],"picked":"Heavy Blade+1","floor":36},{"not_picked":["Evolve+1","Perfected Strike+1"],"picked":"Battle Trance+1","floor":38},{"not_picked":["Searing Blow+1","Cleave+1"],"picked":"Havoc+1","floor":39}],"player_experience":331112,"relics_obtained":[{"floor":6,"key":"Happy Flower"},{"floor":8,"key":"Frozen Egg 2"},{"floor":9,"key":"Regal Pillow"},{"floor":23,"key":"Dream Catcher"},{"floor":26,"key":"Molten Egg 2"},{"floor":39,"key":"Gambling Chip"}],"event_choices":[{"damage_healed":0,"gold_gain":75,"player_choice":"Gather Gold","damage_taken":11,"max_hp_gain":0,"max_hp_loss":0,"event_name":"World of Goop","floor":5,"gold_loss":0},{"damage_healed":0,"gold_gain":175,"player_choice":"AGREE","damage_taken":0,"max_hp_gain":0,"max_hp_loss":0,"event_name":"Liars Game","floor":10,"gold_loss":0,"cards_obtained":["Doubt"]},{"damage_healed":0,"gold_gain":0,"player_choice":"CARD ","damage_taken":16,"max_hp_gain":0,"max_hp_loss":0,"event_name":"Knowing Skull","floor":21,"potions_obtained":[],"gold_loss":0,"cards_obtained":["Jack Of All Trades"]},{"damage_healed":0,"gold_gain":0,"player_choice":"CARD ","damage_taken":16,"max_hp_gain":0,"max_hp_loss":0,"event_name":"Knowing Skull","floor":21,"potions_obtained":[],"gold_loss":0,"cards_obtained":["Jack Of All Trades"]},{"damage_healed":0,"gold_gain":0,"player_choice":"Shed Blood","damage_taken":22,"max_hp_gain":5,"max_hp_loss":0,"event_name":"Forgotten Altar","floor":30,"gold_loss":0},{"damage_healed":0,"gold_gain":0,"player_choice":"Fight","damage_taken":0,"max_hp_gain":0,"max_hp_loss":0,"event_name":"Mysterious Sphere","floor":39,"gold_loss":0}],"is_beta":false,"boss_relics":[{"not_picked":["Black Blood","Lizard Tail"],"picked":"Sozu"},{"not_picked":["Snecko Eye","Runic Pyramid"],"picked":"Orrery"}],"items_purged_floors":[12,28],"is_endless":false,"potions_floor_spawned":[4,8,11,16,22,23,24,33,35],"killed_by":"Giant Head","ascension_level":3}