{"gold_per_floor":[114,114,127,143,143,178,178,198,198,241,12,45,60,101,101,101],"floor_reached":16,"playtime":1238,"items_purged":[],"score":182,"play_id":"c3f0e428-ecd8-488b-bd07-9159020e5278","local_time":"20181026201323","is_ascension_mode":true,"campfire_choices":[{"data":"Adrenaline","floor":7,"key":"SMITH"},{"floor":15,"key":"REST"}],"neow_cost":"NONE","seed_source_timestamp":80889794682231,"circlet_count":0,"master_deck":["Defend_G","Defend_G","Defend_G","Defend_G","Defend_G","Strike_G","Strike_G","Strike_G","Strike_G","Strike_G","Survivor","Neutralize","Dash","Injury","Sucker Punch","Adrenaline+1","Prepared","Quick Slash","Prepared","Endless Agony","Reflex","Terror","Underhanded Strike"],"relics":["Ring of the Snake","Golden Idol","Centennial Puzzle","Letter Opener","Nunchaku","Boot","Question Card","Mummified Hand"],"potions_floor_usage":[6,12],"damage_taken":[{"damage":0,"enemies":"2 Louse","floor":1,"turns":3},{"damage":0,"enemies":"Small Slimes","floor":3,"turns":3},{"damage":0,"enemies":"Jaw Worm","floor":4,"turns":5},{"damage":26,"enemies":"Lagavulin","floor":6,"turns":6},{"damage":0,"enemies":"Looter","floor":8,"turns":4},{"damage":7,"enemies":"3 Sentries","floor":10,"turns":10},{"damage":10,"enemies":"Lagavulin","floor":12,"turns":4},{"damage":4,"enemies":"Large Slime","floor":13,"turns":6},{"damage":7,"enemies":"3 Sentries","floor":14,"turns":7},{"damage":52,"enemies":"Slime Boss","floor":16,"turns":15}],"seed_played":"2366295165031488897","potions_obtained":[{"floor":1,"key":"SneckoOil"},{"floor":3,"key":"SkillPotion"},{"floor":8,"key":"LiquidBronze"},{"floor":10,"key":"FearPotion"}],"is_trial":false,"path_per_floor":["M","?","M","M","?","E","R","M","T","E","$","E","M","E","R"],"character_chosen":"THE_SILENT","items_purchased":["Boot","Endless Agony"],"campfire_rested":1,"item_purchase_floors":[11,11],"current_hp_per_floor":[70,70,70,70,75,49,49,49,49,42,42,32,28,21,45,0],"gold":101,"neow_bonus":"TEN_PERCENT_HP_BONUS","is_prod":false,"is_daily":false,"chose_seed":false,"campfire_upgraded":1,"win_rate":0,"timestamp":1540610003,"path_taken":["M","?","M","M","?","E","R","M","T","E","$","E","M","E","R","BOSS"],"build_version":"2018-10-25v2","purchased_purges":0,"victory":false,"max_hp_per_floor":[77,77,77,77,82,82,82,82,82,82,82,82,82,82,82,82],"card_choices":[{"not_picked":["Finisher","Calculated Gamble"],"picked":"Dash","floor":1},{"not_picked":["Prepared","Skewer"],"picked":"Sucker Punch","floor":3},{"not_picked":["Outmaneuver","Quick Slash"],"picked":"Adrenaline","floor":4},{"not_picked":["Catalyst","Leg Sweep"],"picked":"Prepared","floor":6},{"not_picked":["Blade Dance","Flechettes"],"picked":"Quick Slash","floor":8},{"not_picked":["Poisoned Stab","Skewer"],"picked":"Prepared","floor":10},{"not_picked":["Finisher","Concentrate"],"picked":"Reflex","floor":12},{"not_picked":["Concentrate","Dagger Throw","Masterful Stab"],"picked":"Terror","floor":13},{"not_picked":["Deflect","Slice","Bullet Time"],"picked":"Underhanded Strike","floor":14}],"player_experience":59726,"relics_obtained":[{"floor":6,"key":"Centennial Puzzle"},{"floor":9,"key":"Letter Opener"},{"floor":10,"key":"Nunchaku"},{"floor":12,"key":"Question Card"},{"floor":14,"key":"Mummified Hand"}],"event_choices":[{"damage_healed":0,"gold_gain":0,"player_choice":"Take Wound","damage_taken":0,"relics_obtained":["Golden Idol"],"max_hp_gain":0,"max_hp_loss":0,"event_name":"Golden Idol","floor":2,"gold_loss":0,"cards_obtained":["Injury"]},{"damage_healed":0,"gold_gain":0,"player_choice":"Donut","damage_taken":0,"max_hp_gain":5,"max_hp_loss":0,"event_name":"Big Fish","floor":5,"gold_loss":0}],"is_beta":false,"boss_relics":[],"items_purged_floors":[],"is_endless":false,"potions_floor_spawned":[1,3,8,10],"killed_by":"Slime Boss","ascension_level":8}