{"gold_per_floor":[359,378,187,205,102,133,133,53,53,53,80,80,97,110,110,184,184,196,208,224,52,67,39,69,69,69,69,95,95,111,129,129,204,204,222,234,159,176,186,186,220,236,236,136,149,149,169,184,184,184],"floor_reached":51,"playtime":5602,"items_purged":["Strike_G","Catalyst"],"score":1301,"play_id":"011cbbb4-e4fb-4596-bbe0-abe0e121c6be","local_time":"20181126002307","is_ascension_mode":true,"campfire_choices":[{"data":"Apotheosis","floor":7,"key":"SMITH"},{"floor":10,"key":"REST"},{"data":"Infinite Blades","floor":12,"key":"SMITH"},{"data":"Backflip","floor":15,"key":"SMITH"},{"data":"Footwork","floor":27,"key":"SMITH"},{"data":"A Thousand Cuts","floor":29,"key":"SMITH"},{"data":"Trip","floor":32,"key":"SMITH"},{"floor":40,"key":"REST"},{"floor":49,"key":"REST"}],"neow_cost":"PERCENT_DAMAGE","seed_source_timestamp":461013535982031,"circlet_count":0,"master_deck":["AscendersBane","Defend_G","Defend_G","Defend_G","Defend_G","Defend_G","Strike_G","Strike_G","Strike_G","Strike_G","Survivor","Neutralize","Sucker Punch","PiercingWail","Apotheosis+1","Venomology+1","Trip+1","Infinite Blades+1","Backflip+1","Footwork+1","After Image+1","Infinite Blades","Backflip+1","A Thousand Cuts+1","After Image","Cloak And Dagger"],"relics":["Ring of the Snake","Mummified Hand","Letter Opener","Odd Mushroom","White Beast Statue","Vajra","War Paint","Matryoshka","Ninja Scroll","Philosopher\u0027s Stone","Kunai","Bronze Scales","Thread and Needle"],"potions_floor_usage":[6,11,16,18,19,19,20,22,22,24,28,30,30,31,33,33,35,35,38,39,39,41,42,45,47,50,50,50],"damage_taken":[{"damage":0,"enemies":"Small Slimes","floor":1,"turns":5},{"damage":0,"enemies":"Cultist","floor":2,"turns":5},{"damage":4,"enemies":"Jaw Worm","floor":4,"turns":5},{"damage":10,"enemies":"Lagavulin","floor":6,"turns":8},{"damage":9,"enemies":"The Mushroom Lair","floor":11,"turns":5},{"damage":0,"enemies":"3 Louse","floor":13,"turns":2},{"damage":0,"enemies":"Looter","floor":14,"turns":2},{"damage":14,"enemies":"The Guardian","floor":16,"turns":10},{"damage":0,"enemies":"Chosen","floor":18,"turns":5},{"damage":1,"enemies":"3 Byrds","floor":19,"turns":6},{"damage":1,"enemies":"Centurion and Healer","floor":20,"turns":7},{"damage":7,"enemies":"Snecko","floor":22,"turns":5},{"damage":0,"enemies":"Gremlin Leader","floor":24,"turns":10},{"damage":0,"enemies":"Book of Stabbing","floor":28,"turns":7},{"damage":0,"enemies":"Chosen and Byrds","floor":30,"turns":7},{"damage":0,"enemies":"3 Cultists","floor":31,"turns":5},{"damage":19,"enemies":"Collector","floor":33,"turns":10},{"damage":0,"enemies":"Orb Walker","floor":35,"turns":4},{"damage":28,"enemies":"3 Darklings","floor":36,"turns":4},{"damage":1,"enemies":"Transient","floor":38,"turns":5},{"damage":8,"enemies":"Sphere and 2 Shapes","floor":39,"turns":6},{"damage":18,"enemies":"Reptomancer","floor":41,"turns":8},{"damage":18,"enemies":"4 Shapes","floor":42,"turns":5},{"damage":0,"enemies":"Spire Growth","floor":45,"turns":5},{"damage":0,"enemies":"3 Darklings","floor":47,"turns":5},{"damage":0,"enemies":"Writhing Mass","floor":48,"turns":9},{"damage":4,"enemies":"Time Eater","floor":50,"turns":15}],"seed_played":"-2004635301335223538","potions_obtained":[{"floor":4,"key":"Strength Potion"},{"floor":11,"key":"SteroidPotion"},{"floor":13,"key":"Block Potion"},{"floor":18,"key":"Strength Potion"},{"floor":19,"key":"Ancient Potion"},{"floor":20,"key":"Dexterity Potion"},{"floor":22,"key":"Weak Potion"},{"floor":24,"key":"Block Potion"},{"floor":28,"key":"EssenceOfSteel"},{"floor":30,"key":"GhostInAJar"},{"floor":33,"key":"SpeedPotion"},{"floor":35,"key":"Fruit Juice"},{"floor":39,"key":"Fire Potion"},{"floor":42,"key":"Swift Potion"},{"floor":45,"key":"SpeedPotion"}],"is_trial":false,"path_per_floor":["M","M","$","M","$","E","R","$","T","R","?","R","M","M","R","B",null,"M","M","M","$","M","$","E","?","T","R","E","R","M","M","R","B",null,"M","M","$","M","M","R","E","M","T","$","M","?","M","M","R","B",null],"character_chosen":"THE_SILENT","items_purchased":["Apotheosis","Trip","Infinite Blades","Vajra","Backflip"],"campfire_rested":3,"item_purchase_floors":[3,5,8,21,23],"current_hp_per_floor":[44,44,44,40,40,30,30,30,30,49,54,54,54,54,54,40,60,60,59,58,58,51,51,51,51,51,51,51,51,51,51,51,32,58,63,35,35,34,26,47,29,11,11,11,11,11,11,11,32,28],"gold":184,"neow_bonus":"TWO_FIFTY_GOLD","is_prod":false,"is_daily":false,"chose_seed":false,"campfire_upgraded":6,"win_rate":0,"timestamp":1543220587,"path_taken":["M","M","$","M","$","E","R","$","T","R","?","R","M","M","R","BOSS","M","M","M","$","M","$","E","?","T","R","E","R","M","M","R","BOSS","M","M","$","M","?","R","E","M","T","$","M","?","M","M","R","BOSS"],"build_version":"2018-11-15","purchased_purges":2,"victory":true,"max_hp_per_floor":[66,66,66,66,66,66,66,66,66,66,66,66,66,66,66,66,66,66,66,66,66,66,66,66,66,66,66,66,66,66,66,66,66,66,71,71,71,71,71,71,71,71,71,71,71,71,71,71,71,71],"card_choices":[{"not_picked":["Blade Dance","Caltrops"],"picked":"Sucker Punch","floor":1},{"not_picked":["Dodge and Roll","Outmaneuver"],"picked":"PiercingWail","floor":2},{"not_picked":["Acrobatics","Flechettes"],"picked":"Venomology","floor":4},{"not_picked":["Accuracy","Flying Knee","Bouncing Flask"],"picked":"SKIP","floor":6},{"not_picked":["Accuracy","Flying Knee","Bouncing Flask"],"picked":"SKIP","floor":6},{"not_picked":["Caltrops","Bouncing Flask"],"picked":"Backflip","floor":13},{"not_picked":["Deflect","Infinite Blades"],"picked":"Footwork","floor":14},{"not_picked":["Night Terror","Doppelganger"],"picked":"After Image","floor":16},{"not_picked":["Leg Sweep+1","Choke+1","Expertise"],"picked":"SKIP","floor":18},{"not_picked":["Deflect","Setup"],"picked":"Infinite Blades","floor":19},{"not_picked":["PiercingWail","Backstab","Deflect"],"picked":"SKIP","floor":20},{"not_picked":["Endless Agony+1","Dodge and Roll","Backstab"],"picked":"SKIP","floor":22},{"not_picked":["Underhanded Strike","Malaise"],"picked":"A Thousand Cuts","floor":24},{"not_picked":["Acrobatics","Dagger Spray","Poisoned Stab"],"picked":"SKIP","floor":28},{"not_picked":["Prepared","Poisoned Stab+1"],"picked":"Catalyst","floor":30},{"not_picked":["PiercingWail","Dagger Spray+1","Cloak And Dagger"],"picked":"SKIP","floor":31},{"not_picked":["Grand Finale","Tools of the Trade"],"picked":"After Image","floor":33},{"not_picked":["Slice","Masterful Stab","Dagger Throw"],"picked":"SKIP","floor":35},{"not_picked":["Dash","Prepared","Blade Dance+1"],"picked":"SKIP","floor":36},{"not_picked":["Endless Agony","Bouncing Flask","Deflect"],"picked":"SKIP","floor":38},{"not_picked":["Dagger Spray","Deadly Poison","Die Die Die"],"picked":"SKIP","floor":39},{"not_picked":["Corpse Explosion","Crippling Poison+1","Leg Sweep"],"picked":"SKIP","floor":41},{"not_picked":["Outmaneuver","Sucker Punch"],"picked":"Cloak And Dagger","floor":42},{"not_picked":["Quick Slash","Caltrops","Finisher"],"picked":"SKIP","floor":45},{"not_picked":["Caltrops+1","PiercingWail+1","Dagger Spray+1"],"picked":"SKIP","floor":47},{"not_picked":["Prepared","Backstab","Cloak And Dagger"],"picked":"SKIP","floor":48}],"player_experience":154864,"relics_obtained":[{"floor":6,"key":"Mummified Hand"},{"floor":9,"key":"Letter Opener"},{"floor":11,"key":"Odd Mushroom"},{"floor":24,"key":"War Paint"},{"floor":26,"key":"Matryoshka"},{"floor":28,"key":"Ninja Scroll"},{"floor":41,"key":"Kunai"},{"floor":43,"key":"Bronze Scales"},{"floor":43,"key":"Thread and Needle"}],"event_choices":[{"damage_healed":0,"gold_gain":0,"player_choice":"Fought Mushrooms","damage_taken":0,"max_hp_gain":0,"max_hp_loss":0,"event_name":"Mushrooms","floor":11,"gold_loss":0},{"damage_healed":0,"gold_gain":0,"player_choice":"Forge","damage_taken":0,"max_hp_gain":0,"max_hp_loss":0,"event_name":"Accursed Blacksmith","floor":25,"gold_loss":0,"cards_upgraded":["After Image"]},{"damage_healed":0,"gold_gain":0,"player_choice":"Ignored","damage_taken":0,"max_hp_gain":0,"max_hp_loss":0,"event_name":"Mysterious Sphere","floor":46,"gold_loss":0}],"is_beta":false,"boss_relics":[{"not_picked":["Eternal Feather","Lizard Tail"],"picked":"White Beast Statue"},{"not_picked":["WristBlade","Black Star"],"picked":"Philosopher\u0027s Stone"}],"items_purged_floors":[37,44],"is_endless":false,"potions_floor_spawned":[4,11,13,14,18,19,20,22,24,28,30,31,33,35,36,38,39,41,42,45,47,48],"ascension_level":16}