{"gold_per_floor":[111,123,123,142,162,162,191,209,209,224,149,166,166,177,177,272,272,287,297,297,312,4,4],"floor_reached":23,"playtime":1151,"items_purged":["Strike_G","Strike_G"],"score":197,"play_id":"5abb832e-ece3-4ecd-ba5d-cf8558ce3a38","local_time":"20190125002559","is_ascension_mode":false,"campfire_choices":[{"data":"Dagger Spray","floor":6,"key":"SMITH"},{"floor":13,"key":"REST"},{"floor":15,"key":"REST"}],"neow_cost":"NONE","seed_source_timestamp":358255811131861,"circlet_count":0,"master_deck":["Defend_G","Defend_G","Defend_G","Defend_G","Defend_G","Strike_G","Strike_G","Survivor","Neutralize","Flying Knee","Dagger Spray+1","Terror","Dagger Spray","Dagger Throw","Footwork","Quick Slash","Dodge and Roll","Tools of the Trade","Infinite Blades"],"relics":["Ring of the Snake","Oddly Smooth Stone","Lantern","Philosopher\u0027s Stone","Nloth\u0027s Gift","TwistedFunnel"],"potions_floor_usage":[16,23],"damage_taken":[{"damage":0,"enemies":"Jaw Worm","floor":1,"turns":1},{"damage":0,"enemies":"Cultist","floor":2,"turns":1},{"damage":0,"enemies":"Small Slimes","floor":4,"turns":1},{"damage":11,"enemies":"Gremlin Gang","floor":5,"turns":4},{"damage":21,"enemies":"Lagavulin","floor":7,"turns":5},{"damage":2,"enemies":"Large Slime","floor":8,"turns":5},{"damage":0,"enemies":"Lots of Slimes","floor":10,"turns":1},{"damage":0,"enemies":"3 Louse","floor":12,"turns":1},{"damage":9,"enemies":"Red Slaver","floor":14,"turns":3},{"damage":31,"enemies":"Slime Boss","floor":16,"turns":12},{"damage":12,"enemies":"3 Byrds","floor":18,"turns":4},{"damage":16,"enemies":"Spheric Guardian","floor":19,"turns":5},{"damage":27,"enemies":"Centurion and Healer","floor":21,"turns":7},{"damage":32,"enemies":"Gremlin Leader","floor":23,"turns":4}],"seed_played":"8714473178977022012","potions_obtained":[{"floor":2,"key":"Regen Potion"},{"floor":8,"key":"Explosive Potion"},{"floor":10,"key":"Energy Potion"}],"is_trial":false,"path_per_floor":["M","M","?","M","M","R","E","M","T","M","$","M","R","M","R","B",null,"M","M","?","M","$","E"],"character_chosen":"THE_SILENT","items_purchased":["TwistedFunnel"],"campfire_rested":2,"item_purchase_floors":[22],"current_hp_per_floor":[70,70,70,70,59,59,38,36,36,36,36,36,57,48,69,38,70,58,42,42,15,15,0],"gold":4,"neow_bonus":"THREE_ENEMY_KILL","is_prod":false,"is_daily":false,"chose_seed":false,"campfire_upgraded":1,"win_rate":0,"timestamp":1548347159,"path_taken":["M","M","?","M","M","R","E","?","T","M","$","M","R","M","R","BOSS","M","M","?","?","$","E"],"build_version":"2019-01-23","purchased_purges":2,"victory":false,"max_hp_per_floor":[70,70,70,70,70,70,70,70,70,70,70,70,70,70,70,70,70,70,70,70,70,70,70],"card_choices":[{"not_picked":["Outmaneuver","Prepared"],"picked":"Flying Knee","floor":1},{"not_picked":["Skewer","Distraction"],"picked":"Dagger Spray","floor":2},{"not_picked":["Blade Dance","Underhanded Strike","Bane"],"picked":"SKIP","floor":4},{"not_picked":["All Out Attack","Predator"],"picked":"Terror","floor":5},{"not_picked":["Reflex","Escape Plan"],"picked":"Dagger Spray","floor":7},{"not_picked":["Acrobatics","Doppelganger"],"picked":"Dagger Throw","floor":8},{"not_picked":["Outmaneuver","Endless Agony"],"picked":"Footwork","floor":10},{"not_picked":["Underhanded Strike","Accuracy"],"picked":"Quick Slash","floor":12},{"not_picked":["Bane","Predator"],"picked":"Dodge and Roll","floor":14},{"not_picked":["Storm of Steel","Doppelganger"],"picked":"Tools of the Trade","floor":16},{"not_picked":["Bane","Calculated Gamble"],"picked":"Infinite Blades","floor":18},{"not_picked":["Outmaneuver","Dagger Spray","Underhanded Strike"],"picked":"SKIP","floor":19},{"not_picked":["Flechettes+1","PiercingWail","Eviscerate"],"picked":"SKIP","floor":21}],"player_experience":135798,"relics_obtained":[{"floor":7,"key":"Oddly Smooth Stone"},{"floor":9,"key":"Lantern"}],"event_choices":[{"cards_removed":["Strike_G"],"damage_healed":0,"gold_gain":0,"player_choice":"Offered Basic","damage_taken":0,"max_hp_gain":0,"max_hp_loss":0,"event_name":"Bonfire Elementals","floor":3,"gold_loss":0},{"damage_healed":0,"gold_gain":0,"player_choice":"Traded Relic","damage_taken":0,"relics_obtained":["Nloth\u0027s Gift"],"max_hp_gain":0,"max_hp_loss":0,"event_name":"N\u0027loth","floor":20,"relics_lost":["NeowsBlessing"],"gold_loss":0}],"is_beta":false,"boss_relics":[{"not_picked":["Fusion Hammer","Runic Dome"],"picked":"Philosopher\u0027s Stone"}],"items_purged_floors":[11,22],"is_endless":false,"potions_floor_spawned":[2,8,10,12,14],"killed_by":"Gremlin Leader","ascension_level":0}