{"gold_per_floor":[99,99,24,24,24,24,24,24,24,24,24,9,9,9,9,9,9,9,9,9,0,0,0,0,0,0,0,0,0,0,0,0,0],"floor_reached":33,"playtime":1613,"items_purged":[],"score":243,"play_id":"225d9e36-02ce-4a1d-ba63-3a07dc4e90bd","local_time":"20190122042400","is_ascension_mode":false,"campfire_choices":[{"data":"Bash","floor":6,"key":"SMITH"},{"data":"Sentinel","floor":8,"key":"SMITH"},{"data":"Armaments","floor":13,"key":"SMITH"},{"data":"Pommel Strike","floor":15,"key":"SMITH"},{"data":"Brutality","floor":23,"key":"SMITH"},{"data":"Rupture","floor":27,"key":"SMITH"},{"floor":32,"key":"REST"}],"neow_cost":"NONE","seed_source_timestamp":112866346921777,"circlet_count":0,"master_deck":["Strike_R","Strike_R","Strike_R","Strike_R","Defend_R","Defend_R","Defend_R","Defend_R","Bash+1","Sentinel+1","Rupture+1","Heavy Blade","Shrug It Off+1","Pommel Strike+1","Armaments+1","Brutality+1","Iron Wave+1","Cleave+1","Shrug It Off","Limit Break"],"relics":["Ectoplasm","Lantern","Anchor","Philosopher\u0027s Stone","Vajra","Bottled Lightning","MutagenicStrength"],"potions_floor_usage":[16,16,16,33,33],"damage_taken":[{"damage":0,"enemies":"Small Slimes","floor":1,"turns":3},{"damage":1,"enemies":"2 Louse","floor":5,"turns":3},{"damage":20,"enemies":"3 Sentries","floor":7,"turns":10},{"damage":1,"enemies":"Cultist","floor":10,"turns":3},{"damage":0,"enemies":"Exordium Wildlife","floor":11,"turns":4},{"damage":0,"enemies":"Looter","floor":12,"turns":2},{"damage":16,"enemies":"The Guardian","floor":16,"turns":11},{"damage":7,"enemies":"Spheric Guardian","floor":18,"turns":5},{"damage":13,"enemies":"2 Thieves","floor":21,"turns":4},{"damage":3,"enemies":"Shelled Parasite and Fungi","floor":24,"turns":4},{"damage":29,"enemies":"Sentry and Sphere","floor":30,"turns":5},{"damage":38,"enemies":"Collector","floor":33,"turns":6}],"seed_played":"2436263974246474462","potions_obtained":[{"floor":1,"key":"Weak Potion"},{"floor":7,"key":"Poison Potion"},{"floor":12,"key":"LiquidBronze"},{"floor":18,"key":"Poison Potion"},{"floor":21,"key":"Poison Potion"}],"is_trial":false,"path_per_floor":["M","?","$","?","M","R","E","R","T","M","M","M","R","?","R","B",null,"M","?","?","M","?","R","M","T","T","R","?","$","M","?","R","B"],"character_chosen":"IRONCLAD","items_purchased":["Rupture"],"campfire_rested":1,"item_purchase_floors":[3],"current_hp_per_floor":[80,80,80,72,71,71,51,51,51,50,50,50,50,50,50,34,80,73,73,73,60,60,60,57,57,57,57,42,42,13,13,38,0],"gold":0,"neow_bonus":"BOSS_RELIC","is_prod":false,"is_daily":false,"chose_seed":false,"campfire_upgraded":6,"win_rate":0,"timestamp":1548102240,"path_taken":["M","?","$","?","M","R","E","R","T","?","M","M","R","?","R","BOSS","M","?","?","M","?","R","M","?","T","R","?","$","?","?","R","BOSS"],"build_version":"2019-01-17v2","purchased_purges":0,"victory":false,"max_hp_per_floor":[80,80,80,80,80,80,80,80,80,80,80,80,80,80,80,80,80,80,80,80,80,80,80,80,80,80,80,85,85,85,85,85,85],"card_choices":[{"not_picked":["Cleave","Disarm"],"picked":"Sentinel","floor":1},{"not_picked":["Reckless Charge","Sword Boomerang"],"picked":"Heavy Blade","floor":5},{"not_picked":["Searing Blow","Wild Strike","Corruption"],"picked":"SKIP","floor":7},{"not_picked":["Uppercut","Perfected Strike"],"picked":"Shrug It Off","floor":10},{"not_picked":["Havoc","Rage"],"picked":"Pommel Strike","floor":11},{"not_picked":["Twin Strike","Blood for Blood"],"picked":"Armaments","floor":12},{"not_picked":["Bludgeon","Dark Embrace"],"picked":"Brutality","floor":16},{"not_picked":["Metallicize","Havoc+1"],"picked":"Iron Wave+1","floor":18},{"not_picked":["Flex","Sword Boomerang"],"picked":"Cleave+1","floor":21},{"not_picked":["Bloodletting","Flex"],"picked":"Shrug It Off","floor":24},{"not_picked":["Cleave","Metallicize"],"picked":"Limit Break","floor":30}],"player_experience":119257,"relics_obtained":[{"floor":7,"key":"Lantern"},{"floor":9,"key":"Anchor"},{"floor":25,"key":"Vajra"},{"floor":26,"key":"Bottled Lightning"}],"event_choices":[{"damage_healed":0,"gold_gain":0,"player_choice":"Ignored","damage_taken":0,"max_hp_gain":0,"max_hp_loss":0,"event_name":"Shining Light","floor":2,"gold_loss":0},{"damage_healed":0,"gold_gain":0,"player_choice":"Damaged","damage_taken":8,"max_hp_gain":0,"max_hp_loss":0,"event_name":"Wheel of Change","floor":4,"gold_loss":0},{"damage_healed":0,"gold_gain":0,"player_choice":"Grow","damage_taken":0,"max_hp_gain":0,"max_hp_loss":0,"event_name":"Living Wall","floor":14,"gold_loss":0,"cards_upgraded":["Shrug It Off"]},{"damage_healed":0,"gold_gain":0,"player_choice":"Ignored","damage_taken":0,"max_hp_gain":0,"max_hp_loss":0,"event_name":"Ghosts","floor":20,"gold_loss":0},{"cards_removed":["Strike_R"],"damage_healed":0,"gold_gain":0,"player_choice":"Elegance","damage_taken":0,"max_hp_gain":0,"max_hp_loss":0,"event_name":"Back to Basics","floor":22,"gold_loss":0},{"damage_healed":0,"gold_gain":0,"player_choice":"Shed Blood","damage_taken":20,"max_hp_gain":5,"max_hp_loss":0,"event_name":"Forgotten Altar","floor":28,"gold_loss":0},{"damage_healed":0,"gold_gain":0,"player_choice":"Inject Mutagens","damage_taken":0,"relics_obtained":["MutagenicStrength"],"max_hp_gain":0,"max_hp_loss":0,"event_name":"Drug Dealer","floor":31,"gold_loss":0}],"is_beta":false,"boss_relics":[{"not_picked":["Mark of Pain","Calling Bell"],"picked":"Philosopher\u0027s Stone"}],"items_purged_floors":[],"is_endless":false,"potions_floor_spawned":[1,7,12,18,21],"killed_by":"Collector","ascension_level":0}