{"gold_per_floor":[366,441,24,24,42,42,62,78,78,78,98,98,4,15,15,15],"floor_reached":16,"playtime":311,"items_purged":["Strike_R"],"score":156,"play_id":"3a0e6f2b-d937-4c96-87ce-0fabf0530df5","local_time":"20190210231049","is_ascension_mode":true,"campfire_choices":[{"data":"Bash","floor":6,"key":"SMITH"},{"data":"Spot Weakness","floor":10,"key":"SMITH"},{"data":"Pummel","floor":12,"key":"SMITH"},{"data":"Perfected Strike","floor":15,"key":"SMITH"}],"neow_cost":"PERCENT_DAMAGE","seed_source_timestamp":24163688174700,"circlet_count":0,"master_deck":["AscendersBane","Strike_R","Strike_R","Strike_R","Strike_R","Defend_R","Defend_R","Defend_R","Defend_R","Bash+1","Impervious","Spot Weakness+1","Pummel+1","Battle Trance","Anger","Perfected Strike+1"],"relics":["Burning Blood","Chemical X","Omamori","Ginger"],"potions_floor_usage":[16],"damage_taken":[{"damage":7,"enemies":"Small Slimes","floor":1,"turns":3},{"damage":6,"enemies":"Jaw Worm","floor":5,"turns":5},{"damage":1,"enemies":"Cultist","floor":7,"turns":3},{"damage":14,"enemies":"Red Slaver","floor":8,"turns":3},{"damage":17,"enemies":"3 Louse","floor":11,"turns":4},{"damage":10,"enemies":"Gremlin Gang","floor":14,"turns":5},{"damage":20,"enemies":"Hexaghost","floor":16,"turns":7}],"seed_played":"2439356633975098354","potions_obtained":[{"floor":11,"key":"Poison Potion"}],"is_trial":false,"path_per_floor":["M","?","$","?","M","R","M","M","T","R","M","R","$","M","R","B"],"character_chosen":"IRONCLAD","items_purchased":["Chemical X","Omamori","Battle Trance","Anger"],"campfire_rested":0,"item_purchase_floors":[3,3,13,13],"current_hp_per_floor":[49,38,38,38,38,38,43,35,35,35,24,24,24,20,20,0],"gold":15,"neow_bonus":"TWO_FIFTY_GOLD","is_prod":false,"is_daily":false,"chose_seed":false,"campfire_upgraded":4,"win_rate":0,"timestamp":1549833049,"path_taken":["M","?","$","?","M","R","M","M","T","R","M","R","$","M","R","BOSS"],"build_version":"2019-01-23","purchased_purges":1,"victory":false,"max_hp_per_floor":[75,75,75,75,75,75,75,75,75,75,75,75,75,75,75,75],"card_choices":[{"not_picked":["Iron Wave","Armaments","Wild Strike"],"picked":"SKIP","floor":1},{"not_picked":["Blood for Blood","Combust","Shrug It Off"],"picked":"SKIP","floor":5},{"not_picked":["Heavy Blade","Warcry"],"picked":"Impervious","floor":7},{"not_picked":["Corruption","Clothesline"],"picked":"Spot Weakness","floor":8},{"not_picked":["Perfected Strike","Flex"],"picked":"Pummel","floor":11},{"not_picked":["Rage","Body Slam"],"picked":"Perfected Strike","floor":14}],"player_experience":708808,"relics_obtained":[{"floor":9,"key":"Ginger"}],"event_choices":[{"damage_healed":0,"gold_gain":75,"player_choice":"Gather Gold","damage_taken":11,"max_hp_gain":0,"max_hp_loss":0,"event_name":"World of Goop","floor":2,"gold_loss":0},{"damage_healed":0,"gold_gain":0,"player_choice":"Leave","damage_taken":0,"max_hp_gain":0,"max_hp_loss":0,"event_name":"The Cleric","floor":4,"gold_loss":0}],"is_beta":false,"boss_relics":[],"items_purged_floors":[3],"is_endless":false,"potions_floor_spawned":[11],"killed_by":"Hexaghost","ascension_level":14}