{"gold_per_floor":[114,114,114,114,132,132,158,158,158,158,171,171,57,57,57,158,158,171,171,111,111,211,211,226,226,226,259,39,39,51,69,69,171,171,191,201,215,3,103,103,103,103],"floor_reached":42,"playtime":1569,"items_purged":["Strike_B"],"score":456,"play_id":"f4a4665d-b9b8-4eca-830b-0d342d839a1a","local_time":"20181214005931","is_ascension_mode":true,"campfire_choices":[{"data":"Zap","floor":6,"key":"SMITH"},{"data":"Streamline","floor":8,"key":"SMITH"},{"data":"Auto Shields","floor":12,"key":"SMITH"},{"data":"Leap","floor":15,"key":"SMITH"},{"data":"Streamline","floor":23,"key":"SMITH"},{"floor":25,"key":"REST"},{"floor":29,"key":"REST"},{"floor":32,"key":"REST"},{"data":"Barricade","floor":40,"key":"SMITH"}],"neow_cost":"NONE","seed_source_timestamp":48692226156913,"circlet_count":0,"master_deck":["Defend_B","Defend_B","Defend_B","Zap+1","Dualcast","Auto Shields+1","Leap+1","Streamline+1","Leap","Echo Form","Defragment","Streamline+1","Conserve Battery","Ball Lightning","Static Discharge","Armaments+1","Dagger Spray","Backstab+1","Barricade+1","Fire Breathing+1","Well Laid Plans","Streamline","Skewer","Madness","Madness"],"relics":["Cracked Core","Centennial Puzzle","Dream Catcher","The Courier","Oddly Smooth Stone","Philosopher\u0027s Stone","FossilizedHelix","Meat on the Bone","PreservedInsect","Thread and Needle","PrismaticShard","Snecko Eye","Mercury Hourglass","Prayer Wheel"],"potions_floor_usage":[16,16,16,16,16,33,33,33,37],"damage_taken":[{"damage":3,"enemies":"Jaw Worm","floor":1,"turns":3},{"damage":0,"enemies":"Small Slimes","floor":5,"turns":3},{"damage":10,"enemies":"Lagavulin","floor":7,"turns":7},{"damage":0,"enemies":"2 Louse","floor":11,"turns":2},{"damage":6,"enemies":"Slime Boss","floor":16,"turns":6},{"damage":0,"enemies":"Chosen","floor":18,"turns":3},{"damage":16,"enemies":"Colosseum Slavers","floor":22,"turns":5},{"damage":24,"enemies":"Colosseum Nobs","floor":22,"turns":5},{"damage":33,"enemies":"3 Byrds","floor":24,"turns":5},{"damage":27,"enemies":"Gremlin Leader","floor":27,"turns":8},{"damage":15,"enemies":"Shelled Parasite and Fungi","floor":30,"turns":3},{"damage":7,"enemies":"Snecko","floor":31,"turns":5},{"damage":44,"enemies":"Collector","floor":33,"turns":10},{"damage":22,"enemies":"3 Shapes","floor":35,"turns":4},{"damage":31,"enemies":"3 Darklings","floor":36,"turns":5},{"damage":0,"enemies":"Writhing Mass","floor":37,"turns":6},{"damage":0,"enemies":"Mind Bloom Boss Battle","floor":39,"turns":6},{"damage":43,"enemies":"2 Orb Walkers","floor":42,"turns":4}],"seed_played":"787244500689747672","potions_obtained":[{"floor":1,"key":"Fire Potion"},{"floor":11,"key":"EntropicBrew"},{"floor":16,"key":"Swift Potion"},{"floor":27,"key":"SkillPotion"},{"floor":31,"key":"Strength Potion"},{"floor":33,"key":"Ancient Potion"},{"floor":36,"key":"Fire Potion"},{"floor":39,"key":"SmokeBomb"}],"is_trial":false,"path_per_floor":["M","?","?","?","M","R","E","R","T","?","M","R","$","$","R","B",null,"M","?","$","?","?","R","M","R","T","E","$","R","M","M","R","B",null,"M","M","M","$","?","R","?","?"],"character_chosen":"DEFECT","items_purchased":["Oddly Smooth Stone","PrismaticShard","Static Discharge","Mercury Hourglass","Streamline"],"campfire_rested":3,"item_purchase_floors":[13,28,28,38,38],"current_hp_per_floor":[72,77,70,70,70,70,60,60,60,60,60,60,60,60,60,54,80,80,80,80,80,40,40,19,43,43,28,28,52,49,42,66,34,80,58,39,51,51,51,51,41,0],"gold":103,"neow_bonus":"RANDOM_COMMON_RELIC","is_prod":false,"is_daily":false,"chose_seed":false,"campfire_upgraded":6,"win_rate":0,"timestamp":1544720371,"path_taken":["M","?","?","?","?","R","E","R","T","?","?","R","?","$","R","BOSS","M","?","$","?","?","R","?","R","T","E","?","R","M","M","R","BOSS","M","M","?","$","?","R","?","?"],"build_version":"2018-12-06","purchased_purges":1,"victory":false,"max_hp_per_floor":[75,80,80,80,80,80,80,80,80,80,80,80,80,80,80,80,80,80,80,80,80,80,80,80,80,80,80,80,80,80,80,80,80,80,80,80,80,80,80,80,80,80],"card_choices":[{"not_picked":["Chaos","Cold Snap"],"picked":"Auto Shields","floor":1},{"not_picked":["Hologram","Compile Driver"],"picked":"Leap","floor":5},{"not_picked":["Amplify","Loop"],"picked":"Streamline","floor":7},{"not_picked":["Stack","Coolheaded"],"picked":"Leap","floor":11},{"not_picked":["Rainbow","Buffer"],"picked":"Echo Form","floor":16},{"not_picked":["Double Energy+1","Conserve Battery"],"picked":"Defragment","floor":18},{"not_picked":["Rebound","Doom and Gloom"],"picked":"Conserve Battery","floor":22},{"not_picked":["Conserve Battery","Hologram+1","Reprogram+1"],"picked":"SKIP","floor":24},{"not_picked":["Hologram","Barrage"],"picked":"Ball Lightning","floor":27},{"not_picked":["Deflect","Dagger Throw"],"picked":"Armaments+1","floor":29},{"not_picked":["Blur","Twin Strike+1"],"picked":"Dagger Spray","floor":30},{"not_picked":["Reflex","Trip"],"picked":"Backstab+1","floor":31},{"not_picked":["Biased Cognition","Reaper"],"picked":"Barricade","floor":33},{"not_picked":["Cleave","Havoc+1"],"picked":"Fire Breathing+1","floor":35},{"not_picked":["Steam+1","Flying Knee+1"],"picked":"Well Laid Plans","floor":36},{"not_picked":["Iron Wave","Dark Shackles+1","Go for the Eyes+1"],"picked":"SKIP","floor":37},{"not_picked":["Conserve Battery+1","Cloak And Dagger"],"picked":"Skewer","floor":39}],"player_experience":49323,"relics_obtained":[{"floor":7,"key":"Dream Catcher"},{"floor":9,"key":"The Courier"},{"floor":22,"key":"FossilizedHelix"},{"floor":22,"key":"Meat on the Bone"},{"floor":26,"key":"PreservedInsect"},{"floor":27,"key":"Thread and Needle"},{"floor":39,"key":"Prayer Wheel"}],"event_choices":[{"damage_healed":0,"gold_gain":0,"player_choice":"Donut","damage_taken":0,"max_hp_gain":5,"max_hp_loss":0,"event_name":"Big Fish","floor":2,"gold_loss":0},{"cards_removed":["Strike_B"],"damage_healed":0,"gold_gain":0,"player_choice":"Card Removal","damage_taken":7,"max_hp_gain":0,"max_hp_loss":0,"event_name":"Golden Wing","floor":3,"gold_loss":0},{"cards_removed":["Strike_B"],"damage_healed":0,"gold_gain":0,"player_choice":"Card Removal","damage_taken":0,"max_hp_gain":0,"max_hp_loss":0,"event_name":"Wheel of Change","floor":4,"gold_loss":0},{"cards_removed":["Strike_B"],"damage_healed":0,"gold_gain":0,"player_choice":"Purged","damage_taken":0,"max_hp_gain":0,"max_hp_loss":0,"event_name":"Purifier","floor":10,"gold_loss":0},{"damage_healed":0,"gold_gain":0,"player_choice":"Read","damage_taken":0,"max_hp_gain":0,"max_hp_loss":0,"event_name":"The Library","floor":19,"gold_loss":0,"cards_obtained":["Streamline"]},{"cards_removed":["Defend_B"],"damage_healed":0,"gold_gain":0,"player_choice":"Elegance","damage_taken":0,"max_hp_gain":0,"max_hp_loss":0,"event_name":"Back to Basics","floor":21,"gold_loss":0},{"damage_healed":0,"gold_gain":0,"player_choice":"Fight","damage_taken":0,"max_hp_gain":0,"max_hp_loss":0,"event_name":"Colosseum","floor":22,"gold_loss":0},{"damage_healed":0,"gold_gain":0,"player_choice":"Fought Nobs","damage_taken":0,"max_hp_gain":0,"max_hp_loss":0,"event_name":"Colosseum","floor":22,"gold_loss":0},{"damage_healed":0,"gold_gain":0,"player_choice":"Fight","damage_taken":0,"max_hp_gain":0,"max_hp_loss":0,"event_name":"MindBloom","floor":39,"gold_loss":0},{"damage_healed":0,"gold_gain":0,"player_choice":"Embrace Madness","damage_taken":10,"max_hp_gain":0,"max_hp_loss":0,"event_name":"Winding Halls","floor":41,"gold_loss":0,"cards_obtained":["Madness","Madness"]},{"damage_healed":0,"gold_gain":0,"player_choice":"Fight","damage_taken":0,"max_hp_gain":0,"max_hp_loss":0,"event_name":"Mysterious Sphere","floor":42,"gold_loss":0}],"is_beta":false,"boss_relics":[{"not_picked":["Empty Cage","Inserter"],"picked":"Philosopher\u0027s Stone"},{"not_picked":["White Beast Statue","Lizard Tail"],"picked":"Snecko Eye"}],"items_purged_floors":[20],"is_endless":false,"potions_floor_spawned":[1,11,16,27,31,33,36,39],"killed_by":"2 Orb Walkers","ascension_level":1}