{"gold_per_floor":[109,109,120,136,150,180,191,225,250,283,65,65,65,80,80,177,177,193,204,129,149,76,107,107,107,107,141,141,175,192,207,207,304,304,320,338,356,375,391,417,417,442,516,516,243,243,243,46,46,46],"floor_reached":51,"playtime":4314,"items_purged":["Defend_G"],"score":863,"play_id":"e26313e6-6df3-4843-8113-7b5ffc8d96b9","local_time":"20181022211033","is_ascension_mode":true,"campfire_choices":[{"floor":12.0,"key":"REST"},{"data":"Catalyst","floor":15.0,"key":"SMITH"},{"floor":24.0,"key":"REST"},{"floor":28.0,"key":"REST"},{"floor":32.0,"key":"REST"},{"floor":41,"key":"REST"},{"data":"Footwork","floor":44,"key":"SMITH"},{"data":"Calculated Gamble","floor":46,"key":"SMITH"},{"data":"Deadly Poison","floor":49,"key":"SMITH"}],"neow_cost":"NONE","seed_source_timestamp":177290323230280,"circlet_count":0,"master_deck":["Defend_G","Defend_G","Defend_G","Defend_G","Survivor","Neutralize","Poisoned Stab","Bane+1","Catalyst+1","Sucker Punch","Dagger Throw","Endless Agony+1","Adrenaline","Bouncing Flask+1","Dodge and Roll","Corpse Explosion","Malaise+1","Doppelganger+1","Phantasmal Killer+1","Masterful Stab","Deadly Poison+1","All Out Attack","Footwork+1","Outmaneuver+1","Outmaneuver","Calculated Gamble+1","Escape Plan","Acrobatics+1","Malaise","Backflip","Blur+1","Deadly Poison+1","Skewer+1","Well Laid Plans","Dash+1","Tactician+1","Deep Breath+1","Deadly Poison+1"],"special_seed":0,"relics":["White Beast Statue","WingedGreaves","Ice Cream","Oddly Smooth Stone","Bag of Marbles","Happy Flower","Astrolabe","Boot","MutagenicStrength","Bottled Flame","Sundial","Pantograph","Velvet Choker","Incense Burner","Toxic Egg 2","Matryoshka","Lantern","Whetstone"],"potions_floor_usage":[39,50,50],"damage_taken":[{"damage":3.0,"enemies":"Cultist","floor":1.0,"turns":4.0},{"damage":7.0,"enemies":"Small Slimes","floor":3.0,"turns":5.0},{"damage":1.0,"enemies":"Jaw Worm","floor":4.0,"turns":4.0},{"damage":0.0,"enemies":"2 Fungi Beasts","floor":5.0,"turns":3.0},{"damage":11.0,"enemies":"Lagavulin","floor":6.0,"turns":7.0},{"damage":9.0,"enemies":"Blue Slaver","floor":7.0,"turns":2.0},{"damage":12.0,"enemies":"3 Sentries","floor":8.0,"turns":10.0},{"damage":12.0,"enemies":"Lagavulin","floor":10.0,"turns":7.0},{"damage":7.0,"enemies":"Large Slime","floor":14.0,"turns":2.0},{"damage":4.0,"enemies":"The Guardian","floor":16.0,"turns":7.0},{"damage":22.0,"enemies":"2 Thieves","floor":18.0,"turns":3.0},{"damage":0.0,"enemies":"Chosen","floor":19.0,"turns":3.0},{"damage":9.0,"enemies":"Centurion and Healer","floor":21.0,"turns":3.0},{"damage":37.0,"enemies":"Slavers","floor":23.0,"turns":3.0},{"damage":34.0,"enemies":"Gremlin Leader","floor":27.0,"turns":8.0},{"damage":7.0,"enemies":"Book of Stabbing","floor":29.0,"turns":5.0},{"damage":4.0,"enemies":"Snake Plant","floor":30.0,"turns":5.0},{"damage":5.0,"enemies":"Snecko","floor":31.0,"turns":5.0},{"damage":22.0,"enemies":"Champ","floor":33.0,"turns":10.0},{"damage":0,"enemies":"Orb Walker","floor":35,"turns":3},{"damage":0,"enemies":"3 Shapes","floor":36,"turns":2},{"damage":4,"enemies":"Spire Growth","floor":37,"turns":3},{"damage":0,"enemies":"Maw","floor":38,"turns":5},{"damage":6,"enemies":"Sphere and 2 Shapes","floor":39,"turns":3},{"damage":34,"enemies":"Reptomancer","floor":40,"turns":8},{"damage":11,"enemies":"Giant Head","floor":42,"turns":8},{"damage":52,"enemies":"Awakened One","floor":50,"turns":12}],"seed_played":"-4915533068792552162","potions_obtained":[{"floor":1.0,"key":"PowerPotion"},{"floor":3.0,"key":"EssenceOfSteel"},{"floor":4.0,"key":"Weak Potion"},{"floor":5.0,"key":"Block Potion"},{"floor":6.0,"key":"SpeedPotion"},{"floor":7.0,"key":"FearPotion"},{"floor":8.0,"key":"Fire Potion"},{"floor":10.0,"key":"Strength Potion"},{"floor":18.0,"key":"Regen Potion"},{"floor":19.0,"key":"GamblersBrew"},{"floor":21.0,"key":"Fire Potion"},{"floor":23.0,"key":"Strength Potion"},{"floor":27.0,"key":"AttackPotion"},{"floor":29.0,"key":"GhostInAJar"},{"floor":30.0,"key":"SpeedPotion"},{"floor":31.0,"key":"GhostInAJar"},{"floor":33.0,"key":"Block Potion"},{"floor":35,"key":"PowerPotion"},{"floor":36,"key":"Ancient Potion"},{"floor":39,"key":"GamblersBrew"},{"floor":40,"key":"Fire Potion"}],"is_trial":false,"path_per_floor":["M","?","M","M","M","E","M","E","T","E","$","R","?","M","R","B",null,"M","M","?","M","$","E","R","?","T","E","R","E","M","M","R","B",null,"M","M","M","M","M","E","R","E","T","R","$","R","?","$","R","B"],"character_chosen":"THE_SILENT","items_purchased":["Happy Flower","Bouncing Flask","Footwork","Swift Potion","Lantern","Deadly Poison+1","Whetstone"],"campfire_rested":5,"item_purchase_floors":[11,11,22,45,45,48,48],"current_hp_per_floor":[67,60,53,52,52,41,32,20,20,8,8,29,29,22,22,18,70,48,48,48,51,51,14,35,35,35,1,22,15,11,6,27,30,70,70,70,66,66,60,26,47,36,36,36,36,36,36,36,36,9],"gold":46,"neow_bonus":"BOSS_RELIC","is_prod":false,"is_daily":false,"chose_seed":false,"campfire_upgraded":4,"win_rate":0,"timestamp":1540267833,"path_taken":["M","?","M","M","M","E","M","E","T","E","$","R","?","M","R","BOSS","M","M","?","M","$","E","R","?","T","E","R","E","?","M","R","BOSS","M","M","M","M","M","E","R","E","T","R","$","R","?","$","R","BOSS"],"build_version":"2018-10-18","purchased_purges":1,"victory":true,"max_hp_per_floor":[70,70,70,70,70,70,70,70,70,70,70,70,70,70,70,70,70,70,70,70,70,70,70,70,70,70,70,70,70,70,70,70,70,70,70,70,70,70,70,70,70,70,70,70,70,70,70,70,70,70],"card_choices":[{"not_picked":["Bouncing Flask","Calculated Gamble"],"picked":"Poisoned Stab","floor":1.0},{"not_picked":["Slice","Blur"],"picked":"Bane","floor":3.0},{"not_picked":["Expertise","Sucker Punch"],"picked":"Catalyst","floor":4.0},{"not_picked":["Deflect","Acrobatics"],"picked":"Sucker Punch","floor":5.0},{"not_picked":["Underhanded Strike","Bullet Time"],"picked":"Dagger Throw","floor":6.0},{"not_picked":["Dodge and Roll","Calculated Gamble"],"picked":"Endless Agony","floor":7.0},{"not_picked":["Prepared","Heel Hook","Flechettes"],"picked":"SKIP","floor":8.0},{"not_picked":["Slice","Finisher"],"picked":"Adrenaline","floor":10.0},{"not_picked":["Endless Agony","Dagger Throw"],"picked":"Dodge and Roll","floor":14.0},{"not_picked":["Night Terror","Die Die Die"],"picked":"Corpse Explosion","floor":16.0},{"not_picked":["Terror","Flying Knee"],"picked":"Masterful Stab","floor":18.0},{"not_picked":["Terror","Underhanded Strike"],"picked":"Deadly Poison","floor":19.0},{"not_picked":["Infinite Blades","Predator"],"picked":"All Out Attack","floor":21.0},{"not_picked":["Heel Hook","Terror"],"picked":"Outmaneuver+1","floor":23.0},{"not_picked":["Heel Hook+1","Terror"],"picked":"Outmaneuver","floor":27.0},{"not_picked":["Distraction","Endless Agony"],"picked":"Calculated Gamble","floor":29.0},{"not_picked":["Wraith Form v2","Dagger Throw"],"picked":"Escape Plan","floor":30.0},{"not_picked":["Sucker Punch","All Out Attack"],"picked":"Acrobatics+1","floor":31.0},{"not_picked":["Venomology","After Image"],"picked":"Malaise","floor":33.0},{"not_picked":["Prepared","Dagger Throw+1"],"picked":"Backflip","floor":35},{"not_picked":["Outmaneuver","Endless Agony+1"],"picked":"Blur+1","floor":36},{"not_picked":["Quick Slash+1","Acrobatics"],"picked":"Deadly Poison+1","floor":37},{"not_picked":["Quick Slash+1","Blade Dance+1"],"picked":"Skewer+1","floor":38},{"not_picked":["Riddle With Holes+1","Envenom"],"picked":"Well Laid Plans","floor":39},{"not_picked":["Quick Slash","Deadly Poison"],"picked":"Dash+1","floor":40},{"not_picked":["Blade Dance+1","Escape Plan+1"],"picked":"Tactician+1","floor":42},{"not_picked":["Enlightenment+1","PanicButton+1"],"picked":"Deep Breath+1","floor":47}],"player_experience":27095,"relics_obtained":[{"floor":6.0,"key":"WingedGreaves"},{"floor":8.0,"key":"Ice Cream"},{"floor":9.0,"key":"Oddly Smooth Stone"},{"floor":10.0,"key":"Bag of Marbles"},{"floor":23.0,"key":"Boot"},{"floor":26.0,"key":"Bottled Flame"},{"floor":27.0,"key":"Sundial"},{"floor":29.0,"key":"Pantograph"},{"floor":40,"key":"Incense Burner"},{"floor":42,"key":"Toxic Egg 2"},{"floor":43,"key":"Matryoshka"}],"event_choices":[{"cards_removed":["Strike_G"],"damage_healed":0.0,"max_hp_gain":0.0,"max_hp_loss":0.0,"gold_gain":0.0,"event_name":"Golden Wing","player_choice":"Card Removal","floor":2.0,"gold_loss":0.0,"damage_taken":7.0},{"damage_healed":0.0,"max_hp_gain":0.0,"max_hp_loss":0.0,"gold_gain":0.0,"event_name":"Living Wall","player_choice":"Grow","floor":13.0,"gold_loss":0.0,"damage_taken":0.0,"cards_upgraded":["Bouncing Flask"]},{"cards_removed":["Strike_G"],"damage_healed":0.0,"max_hp_gain":0.0,"max_hp_loss":0.0,"gold_gain":0.0,"event_name":"Beggar","player_choice":"Gave Gold","floor":20.0,"gold_loss":75.0,"damage_taken":0.0},{"damage_healed":0.0,"max_hp_gain":0.0,"max_hp_loss":0.0,"gold_gain":0.0,"event_name":"Drug Dealer","player_choice":"Inject Mutagens","floor":25.0,"gold_loss":0.0,"damage_taken":0.0,"relics_obtained":["MutagenicStrength"]},{"damage_healed":0,"gold_gain":0,"player_choice":"Memory 1","damage_taken":0,"max_hp_gain":0,"max_hp_loss":0,"event_name":"SensoryStone","floor":47,"gold_loss":0}],"is_beta":false,"boss_relics":[{"not_picked":["Snecko Eye","Runic Dome"],"picked":"Astrolabe"},{"not_picked":["HoveringKite","Runic Pyramid"],"picked":"Velvet Choker"}],"items_purged_floors":[45],"is_endless":false,"potions_floor_spawned":[1,3,4,5,6,7,8,10,14,16,18,19,21,23,27,29,30,31,33,35,36,37,38,39,40,42],"ascension_level":2}