{"gold_per_floor":[112,125,16,33,45,72,48,77,148,148,148,148,323,323,323,323],"floor_reached":16,"playtime":477,"items_purged":["Strike_R"],"score":146,"play_id":"e9037c16-ce11-4c90-8150-5da6e51f28bc","local_time":"20190210094905","is_ascension_mode":true,"campfire_choices":[{"data":"Corruption","floor":11,"key":"SMITH"},{"data":"Uppercut","floor":15,"key":"SMITH"}],"neow_cost":"NONE","seed_source_timestamp":140284345848732,"circlet_count":0,"master_deck":["Strike_R","Strike_R","Strike_R","Defend_R","Defend_R","Defend_R","Defend_R","Bash","Inflame","Pommel Strike","Uppercut+1","Sword Boomerang","Exhume","Shrug It Off","Corruption+1","Doubt"],"relics":["Burning Blood","NeowsBlessing","Juzu Bracelet","Peace Pipe","Pantograph"],"potions_floor_usage":[8,16],"damage_taken":[{"damage":0,"enemies":"Cultist","floor":1,"turns":1},{"damage":0,"enemies":"Jaw Worm","floor":2,"turns":1},{"damage":0,"enemies":"Small Slimes","floor":4,"turns":1},{"damage":15,"enemies":"3 Louse","floor":5,"turns":3},{"damage":30,"enemies":"Gremlin Nob","floor":6,"turns":4},{"damage":35,"enemies":"Lagavulin","floor":8,"turns":4},{"damage":70,"enemies":"Slime Boss","floor":16,"turns":11}],"seed_played":"-473237699790438330","potions_obtained":[{"floor":4,"key":"Energy Potion"},{"floor":6,"key":"Explosive Potion"}],"is_trial":false,"path_per_floor":["M","M","$","M","M","E","$","E","T","?","R","?","?","?","R","B"],"character_chosen":"IRONCLAD","items_purchased":["Uppercut","Shrug It Off"],"campfire_rested":0,"item_purchase_floors":[3,7],"current_hp_per_floor":[78,80,80,80,71,47,47,18,18,18,18,18,18,44,44,0],"gold":323,"neow_bonus":"THREE_ENEMY_KILL","is_prod":false,"is_daily":false,"chose_seed":false,"campfire_upgraded":2,"win_rate":0,"timestamp":1549759745,"path_taken":["M","M","?","M","M","E","$","E","T","?","R","?","?","?","R","BOSS"],"build_version":"2019-01-23","purchased_purges":1,"victory":false,"max_hp_per_floor":[80,80,80,80,80,80,80,80,80,80,80,80,80,80,80,80],"card_choices":[{"not_picked":["Armaments","Thunderclap"],"picked":"Inflame","floor":1},{"not_picked":["Perfected Strike","Blood for Blood"],"picked":"Pommel Strike","floor":2},{"not_picked":["Intimidate","Iron Wave"],"picked":"Sword Boomerang","floor":4},{"not_picked":["Intimidate","Warcry","Wild Strike"],"picked":"SKIP","floor":5},{"not_picked":["Rupture","Wild Strike"],"picked":"Exhume","floor":6},{"not_picked":["Sword Boomerang","Second Wind"],"picked":"Corruption","floor":8}],"player_experience":850678,"relics_obtained":[{"floor":6,"key":"Juzu Bracelet"},{"floor":8,"key":"Peace Pipe"},{"floor":9,"key":"Pantograph"}],"event_choices":[{"damage_healed":0,"gold_gain":0,"player_choice":"Searched \u00270\u0027 times","damage_taken":0,"max_hp_gain":0,"max_hp_loss":0,"event_name":"Dead Adventurer","floor":10,"gold_loss":0},{"cards_removed":["Strike_R"],"damage_healed":0,"gold_gain":0,"player_choice":"Forget","damage_taken":0,"max_hp_gain":0,"max_hp_loss":0,"event_name":"Living Wall","floor":12,"gold_loss":0},{"damage_healed":0,"gold_gain":175,"player_choice":"AGREE","damage_taken":0,"max_hp_gain":0,"max_hp_loss":0,"event_name":"Liars Game","floor":13,"gold_loss":0,"cards_obtained":["Doubt"]},{"damage_healed":26,"gold_gain":0,"player_choice":"Banana","damage_taken":0,"max_hp_gain":0,"max_hp_loss":0,"event_name":"Big Fish","floor":14,"gold_loss":0}],"is_beta":false,"boss_relics":[],"items_purged_floors":[3],"is_endless":false,"potions_floor_spawned":[4,6],"killed_by":"Slime Boss","ascension_level":7}