{"gold_per_floor":[215,228,243,253,272,272,302,302,302,321,337,412,438,448,448,552,552,567,164,164,264,275,275,275,290,290,290,81,110,129,158,158,262,262,262],"floor_reached":35,"playtime":1654,"items_purged":[],"score":459,"play_id":"c31a27df-59fa-437f-b842-75881b0f2ef2","local_time":"20181111224704","is_ascension_mode":false,"campfire_choices":[{"data":"Bash","floor":6.0,"key":"SMITH"},{"data":"Carnage","floor":8.0,"key":"SMITH"},{"data":"Double Tap","floor":15.0,"key":"SMITH"},{"data":"Inflame","floor":23.0,"key":"SMITH"},{"data":"Feed","floor":27,"key":"SMITH"},{"floor":32,"key":"REST"}],"neow_cost":"NONE","seed_source_timestamp":2432690497909206,"circlet_count":0,"master_deck":["Strike_R","Strike_R","Strike_R","Strike_R","Strike_R","Defend_R","Defend_R","Defend_R","Defend_R","Bash+1","Anger","Power Through","Shrug It Off","Shockwave","Cleave","Carnage+1","Wild Strike","Double Tap+1","Flame Barrier","Feed+1","Clothesline","Inflame+1","Rage","Shrug It Off+1","Burning Pact+1","Exhume"],"special_seed":0,"relics":["Burning Blood","Art of War","Regal Pillow","Strawberry","Sozu","Singing Bowl","MutagenicStrength","Turnip","The Courier","Charon\u0027s Ashes","Ornamental Fan","Matryoshka","Darkstone Periapt","Runic Pyramid"],"potions_floor_usage":[25,33],"damage_taken":[{"damage":0.0,"enemies":"Small Slimes","floor":1.0,"turns":3.0},{"damage":2.0,"enemies":"2 Louse","floor":2.0,"turns":3.0},{"damage":6.0,"enemies":"Jaw Worm","floor":3.0,"turns":3.0},{"damage":5.0,"enemies":"Large Slime","floor":4.0,"turns":6.0},{"damage":0.0,"enemies":"2 Fungi Beasts","floor":5.0,"turns":3.0},{"damage":22.0,"enemies":"Gremlin Nob","floor":7.0,"turns":4.0},{"damage":1.0,"enemies":"Gremlin Gang","floor":10.0,"turns":4.0},{"damage":0.0,"enemies":"3 Louse","floor":11.0,"turns":4.0},{"damage":13.0,"enemies":"3 Sentries","floor":13.0,"turns":4.0},{"damage":0.0,"enemies":"2 Fungi Beasts","floor":14.0,"turns":3.0},{"damage":66.0,"enemies":"Hexaghost","floor":16.0,"turns":11.0},{"damage":12.0,"enemies":"Spheric Guardian","floor":18.0,"turns":5.0},{"damage":20.0,"enemies":"Colosseum Slavers","floor":21.0,"turns":5.0},{"damage":38.0,"enemies":"Colosseum Nobs","floor":21.0,"turns":5.0},{"damage":0.0,"enemies":"Shell Parasite","floor":22.0,"turns":4.0},{"damage":10,"enemies":"Snake Plant","floor":25,"turns":3},{"damage":15,"enemies":"Slavers","floor":29,"turns":5},{"damage":7,"enemies":"Chosen and Byrds","floor":30,"turns":4},{"damage":14,"enemies":"Book of Stabbing","floor":31,"turns":5},{"damage":102,"enemies":"Automaton","floor":33,"turns":15},{"damage":28,"enemies":"3 Darklings","floor":35,"turns":7}],"seed_played":"-7379992039138369882","potions_obtained":[{"floor":3.0,"key":"Energy Potion"},{"floor":4.0,"key":"Explosive Potion"},{"floor":14.0,"key":"Block Potion"},{"floor":16.0,"key":"BloodPotion"}],"is_trial":false,"path_per_floor":["M","M","M","M","M","R","E","E","R","T","M","M","?","E","M","R","B",null,"M","$","?","?","M","R","?","M","T","R","$","E","M","E","R","B",null,"M"],"character_chosen":"IRONCLAD","items_purchased":["Singing Bowl","Inflame","Rage","Ornamental Fan"],"campfire_rested":1,"item_purchase_floors":[19,19,19,28],"current_hp_per_floor":[80,80,80,80,80,80,64,64,64,69,75,64,64,70,70,10,87,81,81,81,43,51,51,51,47,47,47,47,44,49,45,93,8,113,85],"gold":262,"neow_bonus":"HUNDRED_GOLD","is_prod":false,"is_daily":false,"chose_seed":false,"campfire_upgraded":5,"win_rate":0,"timestamp":1541976424,"path_taken":["M","M","M","M","M","R","E","R","T","M","M","?","E","M","R","BOSS","M","$","?","?","M","R","?","M","T","R","$","E","M","E","R","BOSS","M"],"build_version":"2018-11-08","purchased_purges":0,"victory":false,"max_hp_per_floor":[80,80,80,80,80,80,80,80,80,80,80,80,87,87,87,87,87,87,87,87,95,97,97,97,97,97,97,97,103,109,113,113,113,113,113],"card_choices":[{"not_picked":["Havoc","Sentinel"],"picked":"Anger","floor":1.0},{"not_picked":["Anger","Sword Boomerang"],"picked":"Power Through","floor":2.0},{"not_picked":["Disarm","Iron Wave"],"picked":"Shrug It Off","floor":3.0},{"not_picked":["Anger","Havoc"],"picked":"Shockwave","floor":4.0},{"not_picked":["Thunderclap","Dropkick"],"picked":"Cleave","floor":5.0},{"not_picked":["Twin Strike","Fire Breathing"],"picked":"Carnage","floor":7.0},{"not_picked":["True Grit","Offering","Hemokinesis"],"picked":"SKIP","floor":10.0},{"not_picked":["Havoc","Cleave"],"picked":"Wild Strike","floor":11.0},{"not_picked":["Headbutt","Clothesline"],"picked":"Double Tap","floor":13.0},{"not_picked":["Headbutt","Thunderclap"],"picked":"Flame Barrier","floor":14.0},{"not_picked":["Dark Embrace","Brutality"],"picked":"Feed","floor":16.0},{"not_picked":["Perfected Strike+1","Wild Strike"],"picked":"Clothesline","floor":18.0},{"not_picked":["Shrug It Off","True Grit","Sever Soul"],"picked":"Singing Bowl","floor":21.0},{"not_picked":["Exhume","Warcry","Clothesline"],"picked":"Singing Bowl","floor":22.0},{"not_picked":["Twin Strike+1","Shockwave+1"],"picked":"Shrug It Off+1","floor":25},{"not_picked":["Sword Boomerang","Dual Wield+1","Metallicize"],"picked":"Singing Bowl","floor":29},{"not_picked":["Body Slam","Heavy Blade","Clothesline"],"picked":"Singing Bowl","floor":30},{"not_picked":["Offering","Sentinel"],"picked":"Burning Pact+1","floor":31},{"not_picked":["Barricade","Brutality"],"picked":"Exhume","floor":33}],"player_experience":777684,"relics_obtained":[{"floor":7.0,"key":"Art of War"},{"floor":9.0,"key":"Regal Pillow"},{"floor":13.0,"key":"Strawberry"},{"floor":21.0,"key":"Turnip"},{"floor":21.0,"key":"The Courier"},{"floor":26,"key":"Charon\u0027s Ashes"},{"floor":29,"key":"Matryoshka"},{"floor":31,"key":"Darkstone Periapt"}],"event_choices":[{"damage_healed":0.0,"max_hp_gain":0.0,"max_hp_loss":0.0,"gold_gain":75.0,"event_name":"World of Goop","player_choice":"Gather Gold","floor":12.0,"gold_loss":0.0,"damage_taken":11.0},{"damage_healed":0.0,"max_hp_gain":0.0,"max_hp_loss":0.0,"gold_gain":0.0,"event_name":"Drug Dealer","player_choice":"Inject Mutagens","floor":20.0,"gold_loss":0.0,"damage_taken":0.0,"relics_obtained":["MutagenicStrength"]},{"damage_healed":0.0,"max_hp_gain":0.0,"max_hp_loss":0.0,"gold_gain":0.0,"event_name":"Colosseum","player_choice":"Fight","floor":21.0,"gold_loss":0.0,"damage_taken":0.0},{"damage_healed":0.0,"max_hp_gain":0.0,"max_hp_loss":0.0,"gold_gain":0.0,"event_name":"Colosseum","player_choice":"Fought Nobs","floor":21.0,"gold_loss":0.0,"damage_taken":0.0},{"damage_healed":0,"gold_gain":0,"player_choice":"Ignored","damage_taken":0,"max_hp_gain":0,"max_hp_loss":0,"event_name":"Ghosts","floor":24,"gold_loss":0}],"is_beta":false,"boss_relics":[{"not_picked":["Eternal Feather","Empty Cage"],"picked":"Sozu"},{"not_picked":["White Beast Statue","Philosopher\u0027s Stone"],"picked":"Runic Pyramid"}],"items_purged_floors":[],"is_endless":false,"potions_floor_spawned":[3,4,14,16,18,21,30,31],"killed_by":"3 Darklings","ascension_level":0}