{"gold_per_floor":[118,118,37,37,53,53,71,98,98,98,98,61,61,93,93,194,194,212,212,68,83,93,93,93,93,173,173,173,193,193,221,221,221],"floor_reached":33,"playtime":1132,"items_purged":["Strike_R"],"score":366,"play_id":"42045743-fba4-4c66-8089-bbd7c338dcbf","local_time":"20190210183438","is_ascension_mode":true,"campfire_choices":[{"data":"Armaments","floor":6,"key":"SMITH"},{"data":"Bash","floor":10,"key":"SMITH"},{"data":"Whirlwind","floor":13,"key":"SMITH"},{"floor":15,"key":"REST"},{"floor":23,"key":"REST"},{"data":"Double Tap","floor":25,"key":"SMITH"},{"floor":27,"key":"REST"},{"data":"Juggernaut","floor":30,"key":"SMITH"},{"floor":32,"key":"REST"}],"neow_cost":"TEN_PERCENT_HP_LOSS","seed_source_timestamp":2670186096438,"circlet_count":0,"master_deck":["Strike_R","Defend_R+1","Defend_R","Defend_R","Bash+1","Armaments+1","Spot Weakness","Sword Boomerang","Limit Break+1","Cleave","Thunderclap","Whirlwind+1","Double Tap+1","Juggernaut+1","Headbutt+1","Evolve","Rage+1","True Grit+1","Warcry+1","Shrug It Off+1"],"relics":["Burning Blood","Question Card","Oddly Smooth Stone","War Paint","Mark of Pain","Toxic Egg 2","Kunai"],"potions_floor_usage":[8,14,28,33,33],"damage_taken":[{"damage":6,"enemies":"Cultist","floor":1,"turns":3},{"damage":7,"enemies":"Jaw Worm","floor":5,"turns":2},{"damage":1,"enemies":"2 Louse","floor":7,"turns":2},{"damage":19,"enemies":"3 Sentries","floor":8,"turns":3},{"damage":24,"enemies":"Gremlin Nob","floor":14,"turns":4},{"damage":11,"enemies":"The Guardian","floor":16,"turns":7},{"damage":11,"enemies":"2 Thieves","floor":18,"turns":2},{"damage":23,"enemies":"Spheric Guardian","floor":21,"turns":4},{"damage":22,"enemies":"Snecko","floor":22,"turns":4},{"damage":0,"enemies":"Chosen and Byrds","floor":28,"turns":1},{"damage":9,"enemies":"Centurion and Healer","floor":29,"turns":4},{"damage":60,"enemies":"Slavers","floor":31,"turns":4},{"damage":39,"enemies":"Collector","floor":33,"turns":8}],"seed_played":"7074630921084765154","potions_obtained":[{"floor":1,"key":"Strength Potion"},{"floor":5,"key":"Fire Potion"},{"floor":14,"key":"LiquidBronze"},{"floor":18,"key":"SmokeBomb"},{"floor":21,"key":"SmokeBomb"},{"floor":31,"key":"SteroidPotion"}],"is_trial":false,"path_per_floor":["M","?","$","?","M","R","M","E","T","R","T","$","R","E","R","B",null,"M","?","$","M","M","R","?","R","T","R","M","M","R","E","R","B"],"character_chosen":"IRONCLAD","items_purchased":["Spot Weakness","Sword Boomerang","Whirlwind","Evolve"],"campfire_rested":4,"item_purchase_floors":[3,3,12,20],"current_hp_per_floor":[72,72,72,72,71,71,72,59,59,59,59,59,59,41,62,57,68,63,50,50,33,17,40,40,40,40,63,69,66,66,12,35,0],"gold":221,"neow_bonus":"REMOVE_TWO","is_prod":false,"is_daily":false,"chose_seed":false,"campfire_upgraded":5,"win_rate":0,"timestamp":1549791278,"path_taken":["M","?","$","?","?","R","M","E","T","R","?","$","R","E","R","BOSS","M","?","$","M","M","R","?","R","T","R","M","M","R","E","R","BOSS"],"build_version":"2019-01-23","purchased_purges":1,"victory":false,"max_hp_per_floor":[72,72,72,72,72,72,72,72,72,72,72,72,72,72,72,72,72,72,77,77,77,77,77,77,77,77,77,77,77,77,77,77,77],"card_choices":[{"not_picked":["Havoc","Wild Strike"],"picked":"Armaments","floor":1},{"not_picked":["Flex","Warcry"],"picked":"Cleave","floor":5},{"not_picked":["Armaments","Fire Breathing"],"picked":"Thunderclap","floor":7},{"not_picked":["Warcry","Carnage","Anger"],"picked":"SKIP","floor":8},{"not_picked":["Heavy Blade","Flex","Rage"],"picked":"Double Tap","floor":14},{"not_picked":["Double Tap","Limit Break","Bludgeon"],"picked":"Juggernaut","floor":16},{"not_picked":["Feel No Pain+1","Havoc","Bloodletting+1"],"picked":"Headbutt+1","floor":18},{"not_picked":["Warcry","Havoc","Sword Boomerang"],"picked":"Rage+1","floor":21},{"not_picked":["Wild Strike","Demon Form","Anger"],"picked":"True Grit+1","floor":22},{"not_picked":["Clothesline","Dark Embrace","Pommel Strike"],"picked":"Warcry+1","floor":29},{"not_picked":["Headbutt","Uppercut","Anger"],"picked":"Shrug It Off+1","floor":31}],"player_experience":853099,"relics_obtained":[{"floor":8,"key":"Question Card"},{"floor":9,"key":"Oddly Smooth Stone"},{"floor":14,"key":"War Paint"},{"floor":26,"key":"Toxic Egg 2"},{"floor":31,"key":"Kunai"}],"event_choices":[{"cards_removed":["Defend_R"],"damage_healed":0,"gold_gain":0,"player_choice":"Purged","damage_taken":0,"max_hp_gain":0,"max_hp_loss":0,"event_name":"Purifier","floor":2,"gold_loss":0},{"damage_healed":0,"gold_gain":0,"cards_transformed":["Strike_R"],"player_choice":"Transformed","damage_taken":0,"max_hp_gain":0,"max_hp_loss":0,"event_name":"Transmorgrifier","floor":4,"gold_loss":0,"cards_obtained":["Limit Break"]},{"damage_healed":0,"gold_gain":0,"player_choice":"Shed Blood","damage_taken":18,"max_hp_gain":5,"max_hp_loss":0,"event_name":"Forgotten Altar","floor":19,"gold_loss":0},{"damage_healed":0,"gold_gain":0,"player_choice":"0 cards matched","damage_taken":0,"max_hp_gain":0,"max_hp_loss":0,"event_name":"Match and Keep!","floor":24,"gold_loss":0,"cards_obtained":[]}],"is_beta":false,"boss_relics":[{"not_picked":["Snecko Eye","Tiny House"],"picked":"Mark of Pain"}],"items_purged_floors":[20],"is_endless":false,"potions_floor_spawned":[1,5,14,18,21,31],"killed_by":"Collector","ascension_level":7}