{"gold_per_floor":[119,137,62,22,22,49,49,78,78,107,12,12,32,46,46,123,123,135,20,32,49,65,65,78,78,102,102,113,123,123,48,48,119,119,134,50,68,68,14,14,43,43,43,43,55,55,155,175,175,175],"floor_reached":50,"playtime":6526,"items_purged":["Strike_G"],"score":1055,"play_id":"c754ad32-9027-4d9a-8354-dc88aec13036","local_time":"20190210052934","is_ascension_mode":true,"campfire_choices":[{"data":"Quick Slash","floor":7,"key":"SMITH"},{"floor":12,"key":"REST"},{"data":"Infinite Blades","floor":15,"key":"SMITH"},{"data":"Reflex","floor":23,"key":"SMITH"},{"data":"Caltrops","floor":25,"key":"SMITH"},{"floor":27,"key":"RECALL"},{"floor":32,"key":"REST"},{"data":"A Thousand Cuts","floor":40,"key":"SMITH"},{"floor":42,"key":"REST"},{"data":"Noxious Fumes","floor":44,"key":"SMITH"},{"floor":49,"key":"REST"}],"neow_cost":"NONE","seed_source_timestamp":409186866013800,"circlet_count":0,"master_deck":["AscendersBane","Defend_G","Defend_G","Defend_G","Defend_G","Defend_G+1","Survivor+1","Neutralize+1","Infinite Blades+1","Flying Knee","Caltrops+1","Quick Slash+1","Crippling Poison","Acrobatics","Acrobatics","Reflex+1","Tools of the Trade","Concentrate+1","Deadly Poison+1","Acrobatics+1","Prepared+1","Noxious Fumes","Acrobatics+1","Cloak And Dagger","PiercingWail","PiercingWail","A Thousand Cuts+1","Noxious Fumes+1","Footwork+1","Backflip","Choke"],"relics":["Ring of the Snake","NeowsBlessing","Ninja Scroll","Anchor","Tough Bandages","Astrolabe","War Paint","HoveringKite","Question Card","Letter Opener","Bottled Tornado","Unceasing Top"],"potions_floor_usage":[8,8,16,21,24,24,29,41],"damage_taken":[{"damage":0,"enemies":"Small Slimes","floor":1,"turns":1},{"damage":0,"enemies":"Cultist","floor":2,"turns":1},{"damage":0,"enemies":"Lagavulin","floor":6,"turns":1},{"damage":15,"enemies":"Gremlin Nob","floor":8,"turns":4},{"damage":16,"enemies":"3 Sentries","floor":10,"turns":9},{"damage":2,"enemies":"Jaw Worm","floor":13,"turns":4},{"damage":0,"enemies":"Blue Slaver","floor":14,"turns":2},{"damage":26,"enemies":"Hexaghost","floor":16,"turns":13},{"damage":3,"enemies":"Shell Parasite","floor":18,"turns":5},{"damage":0,"enemies":"Chosen","floor":20,"turns":5},{"damage":1,"enemies":"Centurion and Healer","floor":21,"turns":6},{"damage":2,"enemies":"Chosen and Byrds","floor":22,"turns":7},{"damage":6,"enemies":"3 Cultists","floor":24,"turns":5},{"damage":32,"enemies":"Cultist and Chosen","floor":28,"turns":7},{"damage":0,"enemies":"Centurion and Healer","floor":29,"turns":6},{"damage":5,"enemies":"Champ","floor":33,"turns":16},{"damage":2,"enemies":"Orb Walker","floor":35,"turns":4},{"damage":9,"enemies":"3 Darklings","floor":37,"turns":5},{"damage":30,"enemies":"Giant Head","floor":41,"turns":9},{"damage":0,"enemies":"Sphere and 2 Shapes","floor":45,"turns":4},{"damage":0,"enemies":"Mind Bloom Boss Battle","floor":47,"turns":7},{"damage":0,"enemies":"Maw","floor":48,"turns":6},{"damage":72,"enemies":"Time Eater","floor":50,"turns":6}],"seed_played":"-5763204146938165665","potions_obtained":[{"floor":1,"key":"AttackPotion"},{"floor":6,"key":"EssenceOfSteel"},{"floor":13,"key":"GamblersBrew"},{"floor":18,"key":"AttackPotion"},{"floor":20,"key":"Strength Potion"},{"floor":22,"key":"Poison Potion"},{"floor":24,"key":"Strength Potion"},{"floor":37,"key":"FairyPotion"},{"floor":45,"key":"Fire Potion"}],"is_trial":false,"path_per_floor":["M","M","?","$","?","E","R","E","T","E","$","R","M","M","R","B",null,"M","$","M","M","M","R","M","R","T","R","M","M","?","?","R","B",null,"M","$","M","?","$","R","E","R","T","R","M","T","?","M","R","B"],"character_chosen":"THE_SILENT","items_purchased":["Caltrops","Acrobatics","Reflex","Noxious Fumes","Noxious Fumes","Poison Potion"],"campfire_rested":4,"item_purchase_floors":[4,11,11,19,36,39],"current_hp_per_floor":[59,59,59,59,59,59,59,44,44,28,28,47,45,45,45,19,54,51,51,51,50,48,48,42,42,42,42,10,10,10,10,29,24,56,54,54,45,45,45,45,15,34,34,34,34,34,34,34,53,0],"gold":175,"neow_bonus":"THREE_ENEMY_KILL","is_prod":false,"is_daily":false,"chose_seed":false,"campfire_upgraded":6,"win_rate":0,"timestamp":1549772974,"path_taken":["M","M","?","$","?","E","R","E","T","E","$","R","M","M","R","BOSS","M","$","M","?","M","R","M","R","T","R","M","M","?","?","R","BOSS","M","$","M","?","$","R","E","R","T","R","M","?","?","M","R","BOSS"],"build_version":"2019-01-23","purchased_purges":1,"victory":false,"max_hp_per_floor":[66,66,66,66,66,66,66,66,66,66,66,66,66,66,66,66,66,66,66,66,66,66,66,66,66,66,66,66,66,66,66,66,66,66,66,66,66,66,66,66,66,66,66,66,66,66,66,66,66,66],"card_choices":[{"not_picked":["Underhanded Strike","Outmaneuver"],"picked":"Infinite Blades","floor":1},{"not_picked":["Heel Hook","Deflect"],"picked":"Flying Knee","floor":2},{"not_picked":["Cloak And Dagger","Night Terror"],"picked":"Quick Slash","floor":6},{"not_picked":["Outmaneuver","Flying Knee"],"picked":"Crippling Poison","floor":8},{"not_picked":["Catalyst","Bane"],"picked":"Acrobatics","floor":10},{"not_picked":["Acrobatics","Finisher"],"picked":"Dagger Spray","floor":13},{"not_picked":["Deadly Poison","Deflect","Poisoned Stab"],"picked":"SKIP","floor":14},{"not_picked":["Grand Finale","A Thousand Cuts"],"picked":"Tools of the Trade","floor":16},{"not_picked":["Underhanded Strike+1","Dagger Spray"],"picked":"Prepared+1","floor":18},{"not_picked":["Dagger Throw+1","Crippling Poison"],"picked":"Acrobatics+1","floor":20},{"not_picked":["Catalyst","Sucker Punch+1"],"picked":"Cloak And Dagger","floor":21},{"not_picked":["Burst","Flechettes"],"picked":"PiercingWail","floor":22},{"not_picked":["Outmaneuver","Acrobatics","Prepared"],"picked":"SKIP","floor":24},{"not_picked":["Reflex","Choke"],"picked":"PiercingWail","floor":28},{"not_picked":["Sucker Punch","Prepared","Outmaneuver"],"picked":"SKIP","floor":29},{"not_picked":["Envenom","Venomology"],"picked":"A Thousand Cuts","floor":33},{"not_picked":["Bane+1","Deflect","Masterful Stab"],"picked":"SKIP","floor":35},{"not_picked":["Slice","Dagger Throw"],"picked":"Footwork+1","floor":37},{"not_picked":["Bouncing Flask+1","Terror+1","Deflect"],"picked":"SKIP","floor":41},{"not_picked":["Leg Sweep","Flying Knee","Acrobatics","PiercingWail"],"picked":"SKIP","floor":45},{"not_picked":["Distraction","Flechettes+1","Poisoned Stab"],"picked":"Backflip","floor":47},{"not_picked":["All Out Attack","Underhanded Strike","Blade Dance"],"picked":"Choke","floor":48}],"player_experience":527073,"relics_obtained":[{"floor":6,"key":"Ninja Scroll"},{"floor":8,"key":"Anchor"},{"floor":10,"key":"Tough Bandages"},{"floor":26,"key":"War Paint"},{"floor":41,"key":"Question Card"},{"floor":43,"key":"Letter Opener"},{"floor":46,"key":"Bottled Tornado"},{"floor":47,"key":"Unceasing Top"}],"event_choices":[{"cards_removed":["Strike_G"],"damage_healed":0,"gold_gain":0,"player_choice":"Card Removal","damage_taken":0,"max_hp_gain":0,"max_hp_loss":0,"event_name":"The Cleric","floor":3,"gold_loss":75},{"damage_healed":0,"gold_gain":0,"player_choice":"Upgraded","damage_taken":0,"max_hp_gain":0,"max_hp_loss":0,"event_name":"Upgrade Shrine","floor":5,"gold_loss":0,"cards_upgraded":["Neutralize"]},{"damage_healed":0,"gold_gain":0,"player_choice":"Smashed Altar","damage_taken":0,"max_hp_gain":0,"max_hp_loss":0,"event_name":"Forgotten Altar","floor":30,"gold_loss":0,"cards_obtained":["Decay"]},{"cards_removed":["Decay"],"damage_healed":0,"gold_gain":0,"player_choice":"Gave Gold","damage_taken":0,"max_hp_gain":0,"max_hp_loss":0,"event_name":"Beggar","floor":31,"gold_loss":75},{"cards_removed":["Dagger Spray"],"damage_healed":0,"gold_gain":0,"player_choice":"Removed Attack","damage_taken":0,"max_hp_gain":0,"max_hp_loss":0,"event_name":"Falling","floor":38,"gold_loss":0},{"damage_healed":0,"gold_gain":0,"player_choice":"Fight","damage_taken":0,"max_hp_gain":0,"max_hp_loss":0,"event_name":"MindBloom","floor":47,"gold_loss":0}],"is_beta":false,"boss_relics":[{"not_picked":["Lizard Tail","WristBlade"],"picked":"Astrolabe"},{"not_picked":["Runic Pyramid","Tiny House"],"picked":"HoveringKite"}],"items_purged_floors":[19],"is_endless":false,"potions_floor_spawned":[1,6,13,18,20,22,24,37,45,47],"killed_by":"Time Eater","ascension_level":20}