{"gold_per_floor":[114,128,128,147,159,184,184,199,226,259,317,317,333,348,348,447,447,461,386,401,416,435,435],"floor_reached":23,"playtime":1888,"items_purged":[],"score":207,"play_id":"608357f2-d970-48e6-a2cb-06afd80f47b9","local_time":"20180626182230","is_ascension_mode":false,"campfire_choices":[{"floor":7.0,"key":"REST"},{"floor":12.0,"key":"REST"},{"data":"Conserve Battery","floor":15.0,"key":"SMITH"}],"neow_cost":"","seed_source_timestamp":0,"circlet_count":0,"master_deck":["Strike_B","Strike_B","Strike_B","Defend_B","Defend_B","Defend_B","Defend_B","Zap","Dualcast","Machine Learning","Gash","Hologram","Rebound+1","Go for the Eyes+1","Ball Lightning","Conserve Battery+1","White Noise","Skim","Coolheaded","Loop","Electrodynamics","BootSequence","Conserve Battery","Ball Lightning","Ball Lightning"],"special_seed":0,"relics":["Cracked Core","Whetstone","Omamori","Ancient Tea Set","Calling Bell","Bag of Preparation","Letter Opener","Dead Branch"],"potions_floor_usage":[],"damage_taken":[{"damage":0.0,"enemies":"Small Slimes","floor":1.0,"turns":3.0},{"damage":1.0,"enemies":"Jaw Worm","floor":2.0,"turns":4.0},{"damage":4.0,"enemies":"2 Louse","floor":4.0,"turns":2.0},{"damage":4.0,"enemies":"Blue Slaver","floor":5.0,"turns":3.0},{"damage":23.0,"enemies":"Lagavulin","floor":6.0,"turns":5.0},{"damage":0.0,"enemies":"Large Slime","floor":8.0,"turns":4.0},{"damage":10.0,"enemies":"3 Sentries","floor":10.0,"turns":5.0},{"damage":0.0,"enemies":"Looter","floor":13.0,"turns":3.0},{"damage":8.0,"enemies":"Red Slaver","floor":14.0,"turns":4.0},{"damage":44.0,"enemies":"Hexaghost","floor":16.0,"turns":9.0},{"damage":26.0,"enemies":"2 Thieves","floor":18.0,"turns":4.0},{"damage":6.0,"enemies":"Chosen","floor":20.0,"turns":5.0},{"damage":23.0,"enemies":"Snecko","floor":21.0,"turns":5.0},{"damage":34.0,"enemies":"3 Cultists","floor":22.0,"turns":5.0},{"damage":12,"enemies":"Book of Stabbing","floor":23,"turns":2}],"seed_played":"-4081108643483449246","potions_obtained":[{"floor":4.0,"key":"AttackPotion"},{"floor":5.0,"key":"Swift Potion"},{"floor":8.0,"key":"FairyPotion"},{"floor":13.0,"key":"SpeedPotion"},{"floor":16.0,"key":"SkillPotion"},{"floor":18.0,"key":"Regen Potion"}],"is_trial":false,"path_per_floor":["M","M","?","M","M","E","R","M","T","E","?","R","M","M","R","B",null,"M","?","M","M","M"],"character_chosen":"DEFECT","items_purchased":[],"campfire_rested":2,"item_purchase_floors":[],"current_hp_per_floor":[75,74,74,70,66,43,65,65,65,55,55,75,75,67,67,23,75,56,56,50,27,7,0],"gold":435,"neow_bonus":"","is_prod":false,"is_daily":false,"chose_seed":false,"campfire_upgraded":1,"win_rate":0,"timestamp":1530051750,"path_taken":["M","M","?","M","M","E","R","M","T","E","?","R","M","M","R","BOSS","M","?","M","M","M","E"],"build_version":"2018-06-21v2","purchased_purges":0,"victory":false,"max_hp_per_floor":[75,75,75,75,75,75,75,75,75,75,75,75,75,75,75,75,75,75,75,75,75,75,75],"card_choices":[{"not_picked":["Beam Cell","Steam Power"],"picked":"Gash","floor":1.0},{"not_picked":["Genetic Algorithm","Steam"],"picked":"Hologram","floor":2.0},{"not_picked":["Coolheaded","Buffer"],"picked":"Go for the Eyes","floor":4.0},{"not_picked":["Rebound","Go for the Eyes"],"picked":"Ball Lightning","floor":5.0},{"not_picked":["Static Discharge","Scrape"],"picked":"Conserve Battery","floor":6.0},{"not_picked":["Cold Snap","Creative AI"],"picked":"White Noise","floor":8.0},{"not_picked":["Turbo","Blizzard"],"picked":"Skim","floor":10.0},{"not_picked":["Leap","Chill"],"picked":"Coolheaded","floor":13.0},{"not_picked":["Skim","Hello World"],"picked":"Loop","floor":14.0},{"not_picked":["Machine Learning","Amplify"],"picked":"Electrodynamics","floor":16.0},{"not_picked":["Go for the Eyes","Beam Cell"],"picked":"BootSequence","floor":18.0},{"not_picked":["Rebound","Redo"],"picked":"Conserve Battery","floor":20.0},{"not_picked":["Chill","Hello World+1"],"picked":"Ball Lightning","floor":21.0},{"not_picked":["Stack+1","Consume"],"picked":"Ball Lightning","floor":22}],"player_experience":116600,"relics_obtained":[{"floor":6.0,"key":"Whetstone"},{"floor":9.0,"key":"Omamori"},{"floor":10.0,"key":"Ancient Tea Set"},{"floor":17.0,"key":"Bag of Preparation"},{"floor":17.0,"key":"Letter Opener"},{"floor":17.0,"key":"Dead Branch"}],"event_choices":[{"event_name":"Living Wall","player_choice":"Change","floor":3.0,"damage_taken":0.0},{"event_name":"Golden Wing","player_choice":"Gained Gold","floor":11.0,"damage_taken":0.0},{"event_name":"Beggar","player_choice":"Gave Gold","floor":19.0,"damage_taken":0.0}],"boss_relics":[{"not_picked":["Sozu","Orrery"],"picked":"Calling Bell"}],"items_purged_floors":[],"is_endless":false,"potions_floor_spawned":[4,5,8,13,16,18],"killed_by":"Book of Stabbing","ascension_level":0}