{"gold_per_floor":[116,135,135,62,75,75,85,85,109,109,119,149,165,176,176,277,277,288,302,227,227,237,237,272,272,272,272,272,284,298,13,13,118,118,138,138,153,153,172,172,172],"floor_reached":41,"playtime":1211,"items_purged":["Strike_B"],"score":415,"play_id":"36a648da-6d00-410b-affb-89b2edbfad17","local_time":"20190121105443","is_ascension_mode":false,"campfire_choices":[{"data":"Zap","floor":6,"key":"SMITH"},{"data":"Beam Cell","floor":8,"key":"SMITH"},{"data":"Go for the Eyes","floor":10,"key":"SMITH"},{"data":"Go for the Eyes","floor":15,"key":"SMITH"},{"data":"Defragment","floor":23,"key":"SMITH"},{"data":"Gash","floor":27,"key":"SMITH"},{"floor":32,"key":"REST"},{"floor":40,"key":"REST"}],"neow_cost":"NONE","seed_source_timestamp":50299835611627,"circlet_count":0,"master_deck":["Strike_B","Strike_B","Strike_B","Defend_B","Defend_B","Defend_B","Defend_B","Zap+1","Dualcast","Leap","Go for the Eyes+1","Defragment+1","Beam Cell+1","All For One","Ball Lightning","Go for the Eyes+1","Electrodynamics","Streamline+1","Gash+1","Beam Cell","Beam Cell","Electrodynamics","Redo+1"],"relics":["Cracked Core","Omamori","Anchor","Cursed Key","Lantern","Shuriken","Symbiotic Virus","Oddly Smooth Stone","Darkstone Periapt","Busted Crown"],"potions_floor_usage":[16,16],"damage_taken":[{"damage":6,"enemies":"Jaw Worm","floor":1,"turns":3},{"damage":1,"enemies":"Cultist","floor":2,"turns":3},{"damage":0,"enemies":"2 Louse","floor":5,"turns":4},{"damage":0,"enemies":"Blue Slaver","floor":7,"turns":3},{"damage":2,"enemies":"Looter","floor":11,"turns":3},{"damage":22,"enemies":"3 Sentries","floor":12,"turns":5},{"damage":0,"enemies":"Red Slaver","floor":13,"turns":2},{"damage":8,"enemies":"2 Fungi Beasts","floor":14,"turns":3},{"damage":23,"enemies":"The Guardian","floor":16,"turns":9},{"damage":10,"enemies":"3 Byrds","floor":18,"turns":3},{"damage":2,"enemies":"Shell Parasite","floor":19,"turns":4},{"damage":5,"enemies":"Chosen and Byrds","floor":22,"turns":4},{"damage":18,"enemies":"Slavers","floor":24,"turns":3},{"damage":12,"enemies":"3 Cultists","floor":29,"turns":4},{"damage":0,"enemies":"Sentry and Sphere","floor":30,"turns":3},{"damage":19,"enemies":"Automaton","floor":33,"turns":6},{"damage":20,"enemies":"3 Shapes","floor":35,"turns":4},{"damage":3,"enemies":"Orb Walker","floor":37,"turns":3},{"damage":33,"enemies":"Sphere and 2 Shapes","floor":39,"turns":4},{"damage":66,"enemies":"Nemesis","floor":41,"turns":4}],"seed_played":"7712809226722830677","potions_obtained":[{"floor":1,"key":"SmokeBomb"},{"floor":5,"key":"AttackPotion"},{"floor":12,"key":"GamblersBrew"},{"floor":14,"key":"Block Potion"},{"floor":19,"key":"Ancient Potion"},{"floor":24,"key":"SmokeBomb"},{"floor":30,"key":"SpeedPotion"},{"floor":33,"key":"Poison Potion"},{"floor":37,"key":"Fire Potion"}],"is_trial":false,"path_per_floor":["M","M","?","$","M","R","M","R","T","R","M","E","M","M","R","B",null,"M","M","$","?","M","R","E","?","T","R","T","M","M","$","R","B",null,"M","?","M","?","M","R","E"],"character_chosen":"DEFECT","items_purchased":["Defragment","Darkstone Periapt","Beam Cell"],"campfire_rested":2,"item_purchase_floors":[4,31,31],"current_hp_per_floor":[76,75,75,75,75,75,75,75,75,75,73,51,51,43,43,20,82,72,70,70,70,65,65,47,47,47,47,47,35,35,35,59,40,82,62,62,59,59,26,50,0],"gold":172,"neow_bonus":"TEN_PERCENT_HP_BONUS","is_prod":false,"is_daily":false,"chose_seed":false,"campfire_upgraded":6,"win_rate":0,"timestamp":1548039283,"path_taken":["M","M","?","$","M","R","?","R","T","R","M","E","M","M","R","BOSS","M","M","$","?","?","R","E","?","T","R","?","M","M","$","R","BOSS","M","?","M","?","M","R","E"],"build_version":"2019-01-17v2","purchased_purges":1,"victory":false,"max_hp_per_floor":[82,82,82,82,82,82,82,82,82,82,82,82,82,82,82,82,82,82,82,82,82,82,82,82,82,82,82,82,82,82,82,82,82,82,82,82,82,82,82,82,82],"card_choices":[{"not_picked":["Capacitor","Recycle"],"picked":"Leap","floor":1},{"not_picked":["Turbo","Cold Snap"],"picked":"Go for the Eyes","floor":2},{"not_picked":["Turbo","Darkness"],"picked":"Beam Cell","floor":5},{"not_picked":["Blizzard","Streamline"],"picked":"All For One","floor":7},{"not_picked":["Coolheaded","Turbo","Cold Snap"],"picked":"SKIP","floor":11},{"not_picked":["Cold Snap","Stack"],"picked":"Ball Lightning","floor":12},{"not_picked":["BootSequence","Compile Driver","Stack"],"picked":"SKIP","floor":13},{"not_picked":["Reinforced Body","Compile Driver"],"picked":"Go for the Eyes","floor":14},{"not_picked":["Rainbow","Buffer"],"picked":"Electrodynamics","floor":16},{"not_picked":["Aggregate","Double Energy","Conserve Battery"],"picked":"SKIP","floor":18},{"not_picked":["Rip and Tear","BootSequence"],"picked":"Streamline+1","floor":19},{"not_picked":["Coolheaded","Steam Power+1"],"picked":"Gash","floor":22},{"not_picked":["Blizzard","Undo","Doom and Gloom"],"picked":"SKIP","floor":24},{"not_picked":["Auto Shields+1","Steam"],"picked":"Beam Cell","floor":29},{"not_picked":["Sweeping Beam","Compile Driver"],"picked":"Steam+1","floor":30},{"not_picked":["Biased Cognition","Seek"],"picked":"Electrodynamics","floor":33},{"not_picked":["Conserve Battery+1"],"picked":"SKIP","floor":35},{"not_picked":["Cold Snap"],"picked":"SKIP","floor":37},{"not_picked":[],"picked":"Redo+1","floor":39}],"player_experience":105282,"relics_obtained":[{"floor":9,"key":"Omamori"},{"floor":12,"key":"Anchor"},{"floor":24,"key":"Shuriken"},{"floor":26,"key":"Symbiotic Virus"},{"floor":28,"key":"Oddly Smooth Stone"}],"event_choices":[{"damage_healed":0,"gold_gain":0,"player_choice":"0 cards matched","damage_taken":0,"max_hp_gain":0,"max_hp_loss":0,"event_name":"Match and Keep!","floor":3,"gold_loss":0,"cards_obtained":[]},{"damage_healed":0,"gold_gain":0,"player_choice":"Gave Potion","damage_taken":0,"relics_obtained":["Lantern"],"max_hp_gain":0,"max_hp_loss":0,"event_name":"WeMeetAgain","floor":21,"gold_loss":0},{"damage_healed":0,"gold_gain":0,"player_choice":"Ignored","damage_taken":0,"max_hp_gain":0,"max_hp_loss":0,"event_name":"Vampires","floor":25,"gold_loss":0},{"damage_healed":0,"gold_gain":0,"player_choice":"Ignored","damage_taken":0,"max_hp_gain":0,"max_hp_loss":0,"event_name":"Tomb of Lord Red Mask","floor":36,"gold_loss":0},{"cards_removed":["Steam"],"damage_healed":0,"gold_gain":0,"player_choice":"Removed Skill","damage_taken":0,"max_hp_gain":0,"max_hp_loss":0,"event_name":"Falling","floor":38,"gold_loss":0}],"is_beta":false,"boss_relics":[{"not_picked":["Black Star","Calling Bell"],"picked":"Cursed Key"},{"not_picked":["Tiny House","Coffee Dripper"],"picked":"Busted Crown"}],"items_purged_floors":[20],"is_endless":false,"potions_floor_spawned":[1,5,12,14,19,24,30,33,37,39],"killed_by":"Nemesis","ascension_level":0}