{"gold_per_floor":[217,217,231,251,261,261,261,291,315,16,91,91,103,138,138,216,216,230,230,245,18,37,68,86,86,86,86,112,212,212,241,241,314,314,334,334,354,8,21,50,50,85,139,139,139,139,168,180,180,180],"floor_reached":51,"playtime":1702,"items_purged":["Strike_R+1","Strike_R+1"],"score":1372,"play_id":"32790250-6f9b-450b-aa92-dc6da64ee000","local_time":"20190210202142","is_ascension_mode":true,"campfire_choices":[{"data":"Bash","floor":6.0,"key":"SMITH"},{"floor":12.0,"key":"REST"},{"data":"Disarm","floor":15.0,"key":"SMITH"},{"data":"Whirlwind","floor":27.0,"key":"SMITH"},{"data":"Infernal Blade","floor":30.0,"key":"SMITH"},{"data":"Disarm","floor":32.0,"key":"SMITH"},{"floor":41,"key":"REST"},{"floor":45,"key":"REST"},{"floor":49,"key":"RECALL"}],"neow_cost":"NONE","seed_source_timestamp":12489299020400,"circlet_count":0,"master_deck":["AscendersBane","Strike_R+1","Strike_R+1","Defend_R+1","Defend_R+1","Defend_R+1","Defend_R+1","Bash+1","Infernal Blade+1","Disarm+1","Whirlwind+1","Double Tap+1","Ghostly Armor+1","Spot Weakness","Disarm+1","Shrug It Off+1","Double Tap","Shrug It Off","Disarm+1","Pummel","Pummel"],"special_seed":0,"relics":["Burning Blood","Centennial Puzzle","Happy Flower","Smiling Mask","Membership Card","Vajra","Pen Nib","Philosopher\u0027s Stone","ClockworkSouvenir","Blood Vial","Boot","MutagenicStrength","Pantograph","Dream Catcher","Mango","Paper Frog","Strawberry","Fusion Hammer","DollysMirror","Matryoshka","Orichalcum","Art of War","Question Card","Bag of Marbles","War Paint","Pocketwatch"],"potions_floor_usage":[40,42,50,50],"damage_taken":[{"damage":7.0,"enemies":"Small Slimes","floor":1.0,"turns":4.0},{"damage":8.0,"enemies":"Jaw Worm","floor":3.0,"turns":4.0},{"damage":7.0,"enemies":"2 Louse","floor":4.0,"turns":2.0},{"damage":9.0,"enemies":"Blue Slaver","floor":5.0,"turns":6.0},{"damage":61.0,"enemies":"3 Sentries","floor":8.0,"turns":14.0},{"damage":9.0,"enemies":"2 Fungi Beasts","floor":13.0,"turns":3.0},{"damage":16.0,"enemies":"Gremlin Nob","floor":14.0,"turns":3.0},{"damage":11.0,"enemies":"The Guardian","floor":16.0,"turns":16.0},{"damage":14.0,"enemies":"Chosen","floor":18.0,"turns":3.0},{"damage":4.0,"enemies":"Shell Parasite","floor":20.0,"turns":5.0},{"damage":14.0,"enemies":"Snake Plant","floor":22.0,"turns":3.0},{"damage":21.0,"enemies":"Slavers","floor":23.0,"turns":2.0},{"damage":7.0,"enemies":"Shelled Parasite and Fungi","floor":24.0,"turns":5.0},{"damage":1.0,"enemies":"Colosseum Slavers","floor":29.0,"turns":3.0},{"damage":2.0,"enemies":"Colosseum Nobs","floor":29.0,"turns":3.0},{"damage":9.0,"enemies":"Book of Stabbing","floor":31.0,"turns":3.0},{"damage":41.0,"enemies":"Champ","floor":33.0,"turns":8.0},{"damage":44.0,"enemies":"3 Shapes","floor":35.0,"turns":4.0},{"damage":0.0,"enemies":"3 Darklings","floor":37.0,"turns":1.0},{"damage":2.0,"enemies":"Jaw Worm Horde","floor":39.0,"turns":3.0},{"damage":27,"enemies":"Nemesis","floor":40,"turns":5},{"damage":20,"enemies":"Reptomancer","floor":42,"turns":4},{"damage":0,"enemies":"Giant Head","floor":47,"turns":4},{"damage":0,"enemies":"4 Shapes","floor":48,"turns":2},{"damage":50,"enemies":"Time Eater","floor":50,"turns":5}],"seed_played":"-3443712484147163564","potions_obtained":[{"floor":4.0,"key":"GamblersBrew"},{"floor":13.0,"key":"Regen Potion"},{"floor":14.0,"key":"FearPotion"},{"floor":22.0,"key":"SteroidPotion"},{"floor":29.0,"key":"EssenceOfSteel"},{"floor":33.0,"key":"SkillPotion"},{"floor":40,"key":"Explosive Potion"},{"floor":47,"key":"AttackPotion"},{"floor":48,"key":"FearPotion"}],"is_trial":false,"path_per_floor":["M","?","M","M","M","R","?","E","T","$","?","R","M","E","R","B",null,"M","?","M","$","M","E","M","?","T","R","T","?","R","E","R","B",null,"M","?","M","$","M","E","R","E","T","?","R","?","E","M","R","B",null],"character_chosen":"IRONCLAD","items_purchased":["Membership Card","Vajra","Fire Potion","ClockworkSouvenir","Blood Vial","DollysMirror","Matryoshka","Orichalcum"],"campfire_rested":3,"item_purchase_floors":[10,10,10,21,21,38,38,38],"current_hp_per_floor":[71,76,74,73,70,70,67,12,12,12,1,26,23,22,22,17,68,60,60,62,62,56,43,44,44,44,44,44,71,71,77,77,69,97,61,61,69,69,75,56,87,75,75,75,106,101,101,101,101,57],"gold":180,"neow_bonus":"HUNDRED_GOLD","is_prod":false,"is_daily":false,"chose_seed":false,"campfire_upgraded":5,"win_rate":0,"timestamp":1549822902,"path_taken":["M","?","M","M","M","R","?","E","T","$","?","R","M","E","R","BOSS","M","?","M","$","M","E","M","?","T","R","?","?","R","E","R","BOSS","M","?","M","$","M","E","R","E","T","?","R","?","E","M","R","BOSS"],"build_version":"2019-01-23","purchased_purges":2,"victory":true,"max_hp_per_floor":[80,85,85,85,85,85,85,85,85,85,85,85,85,85,85,85,85,85,85,85,85,85,85,85,85,85,85,85,99,99,106,106,106,106,106,106,106,106,106,106,106,106,106,106,106,101,101,101,101,101],"card_choices":[{"not_picked":["Havoc","Rage"],"picked":"Infernal Blade","floor":1.0},{"not_picked":["Heavy Blade","Armaments","Wild Strike"],"picked":"SKIP","floor":3.0},{"not_picked":["Iron Wave","Flex"],"picked":"Disarm","floor":4.0},{"not_picked":["Dual Wield","Twin Strike","Headbutt"],"picked":"SKIP","floor":5.0},{"not_picked":["Pommel Strike","Power Through"],"picked":"Whirlwind","floor":8.0},{"not_picked":["True Grit","Feel No Pain","Headbutt"],"picked":"SKIP","floor":13.0},{"not_picked":["Clash","Armaments","Clothesline"],"picked":"SKIP","floor":14.0},{"not_picked":["Dark Embrace","Brutality"],"picked":"Double Tap","floor":16.0},{"not_picked":["Heavy Blade","Clash+1","True Grit"],"picked":"SKIP","floor":18.0},{"not_picked":["Iron Wave","Thunderclap"],"picked":"Ghostly Armor+1","floor":20.0},{"not_picked":["Clothesline","Thunderclap","Sword Boomerang"],"picked":"SKIP","floor":22.0},{"not_picked":["Twin Strike","Berserk"],"picked":"Spot Weakness","floor":23.0},{"not_picked":["Pommel Strike","Heavy Blade"],"picked":"Disarm","floor":24.0},{"not_picked":["Havoc","Perfected Strike"],"picked":"Shrug It Off","floor":29.0},{"not_picked":["Thunderclap+1","Headbutt","Sentinel"],"picked":"SKIP","floor":31.0},{"not_picked":["Dark Embrace","Barricade"],"picked":"Double Tap","floor":33.0},{"not_picked":["True Grit","Clothesline"],"picked":"Shrug It Off","floor":35.0},{"not_picked":["Flex","Clothesline","Twin Strike"],"picked":"SKIP","floor":37.0},{"not_picked":["Ghostly Armor","Armaments","Pummel"],"picked":"SKIP","floor":39.0},{"not_picked":["Ghostly Armor","Armaments"],"picked":"Pummel","floor":39.0},{"not_picked":["Body Slam","Iron Wave+1","Cleave"],"picked":"SKIP","floor":40},{"not_picked":["Rage","Twin Strike"],"picked":"Pummel","floor":42},{"not_picked":["Feed","Metallicize","True Grit","Warcry"],"picked":"SKIP","floor":47},{"not_picked":["Body Slam","Shrug It Off","Armaments","Iron Wave"],"picked":"SKIP","floor":48}],"player_experience":698038,"relics_obtained":[{"floor":8.0,"key":"Happy Flower"},{"floor":9.0,"key":"Smiling Mask"},{"floor":14.0,"key":"Pen Nib"},{"floor":23.0,"key":"Boot"},{"floor":26.0,"key":"Pantograph"},{"floor":28.0,"key":"Dream Catcher"},{"floor":29.0,"key":"Mango"},{"floor":29.0,"key":"Paper Frog"},{"floor":31.0,"key":"Strawberry"},{"floor":40,"key":"Art of War"},{"floor":42,"key":"Question Card"},{"floor":43,"key":"Bag of Marbles"},{"floor":43,"key":"War Paint"},{"floor":47,"key":"Pocketwatch"}],"event_choices":[{"damage_healed":0.0,"max_hp_gain":5.0,"max_hp_loss":0.0,"gold_gain":0.0,"event_name":"Big Fish","player_choice":"Donut","floor":2.0,"gold_loss":0.0,"damage_taken":0.0},{"damage_healed":0.0,"max_hp_gain":0.0,"max_hp_loss":0.0,"gold_gain":0.0,"event_name":"Scrap Ooze","player_choice":"Success","floor":7.0,"gold_loss":0.0,"damage_taken":3.0,"relics_obtained":["Centennial Puzzle"]},{"damage_healed":0.0,"max_hp_gain":0.0,"max_hp_loss":0.0,"gold_gain":75.0,"event_name":"World of Goop","player_choice":"Gather Gold","floor":11.0,"gold_loss":0.0,"damage_taken":11.0},{"damage_healed":0.0,"max_hp_gain":0.0,"max_hp_loss":0.0,"gold_gain":0.0,"event_name":"Back to Basics","player_choice":"Simplicity","floor":19.0,"gold_loss":0.0,"damage_taken":0.0,"cards_upgraded":["Strike_R","Strike_R","Strike_R","Strike_R","Strike_R","Defend_R","Defend_R","Defend_R","Defend_R"]},{"damage_healed":0.0,"max_hp_gain":0.0,"max_hp_loss":0.0,"gold_gain":0.0,"event_name":"Drug Dealer","player_choice":"Inject Mutagens","floor":25.0,"gold_loss":0.0,"damage_taken":0.0,"relics_obtained":["MutagenicStrength"]},{"damage_healed":0.0,"max_hp_gain":0.0,"max_hp_loss":0.0,"gold_gain":0.0,"event_name":"Colosseum","player_choice":"Fight","floor":29.0,"gold_loss":0.0,"damage_taken":0.0},{"damage_healed":0.0,"max_hp_gain":0.0,"max_hp_loss":0.0,"gold_gain":0.0,"event_name":"Colosseum","player_choice":"Fought Nobs","floor":29.0,"gold_loss":0.0,"damage_taken":0.0},{"cards_removed":["Strike_R"],"damage_healed":0.0,"max_hp_gain":0.0,"max_hp_loss":0.0,"gold_gain":0.0,"event_name":"Falling","player_choice":"Removed Attack","floor":36.0,"gold_loss":0.0,"damage_taken":0.0},{"damage_healed":0,"gold_gain":0,"player_choice":"Memory 1","damage_taken":0,"max_hp_gain":0,"max_hp_loss":0,"event_name":"SensoryStone","floor":44,"gold_loss":0},{"damage_healed":0,"gold_gain":0,"player_choice":"Max HP","damage_taken":0,"max_hp_gain":0,"max_hp_loss":5,"event_name":"Winding Halls","floor":46,"gold_loss":0}],"is_beta":false,"boss_relics":[{"not_picked":["Runic Dome","Ectoplasm"],"picked":"Philosopher\u0027s Stone"},{"not_picked":["Snecko Eye","Astrolabe"],"picked":"Fusion Hammer"}],"items_purged_floors":[21,38],"is_endless":false,"potions_floor_spawned":[4,13,14,22,29,29,33,35,40,47,48],"ascension_level":13}