{"gold_per_floor":[117,117,16,27,27,59,59,76,76,29,47,75,75,94,94,193,193,148,148,148,148,148,148,73,73,73,73,27,27,27,27,27,27,27,27,27,27,27,27,27,27,0,0,0,0,0,0,0,0,0],"floor_reached":50,"playtime":5130,"items_purged":["Strike_B"],"score":769,"play_id":"a8681938-624f-4da2-a2db-0070ec0c0e1c","local_time":"20180720232619","is_ascension_mode":true,"campfire_choices":[{"data":"Scrape","floor":7.0,"key":"SMITH"},{"floor":13.0,"key":"REST"},{"data":"Tempest","floor":15.0,"key":"SMITH"},{"data":"Steam Power","floor":23.0,"key":"SMITH"},{"data":"FTL","floor":25.0,"key":"SMITH"},{"floor":29.0,"key":"REST"},{"floor":32.0,"key":"REST"},{"floor":40,"key":"REST"},{"floor":45,"key":"REST"},{"floor":49,"key":"REST"}],"neow_cost":"NONE","seed_source_timestamp":8298309622008,"circlet_count":0,"master_deck":["Strike_B","Defend_B","Defend_B","Zap+1","Gash","Conserve Battery","Ball Lightning","Scrape+1","Tempest+1","Leap","FTL+1","Amplify","FTL","All For One","Steam Power+1","Beam Cell+1","FTL+1","Beam Cell+1","Steam+1","Machine Learning","White Noise+1","Storm+1","Amplify+1","Scrape+1","Master of Strategy","Bandage Up","Dark Shackles","Turbo+1","BootSequence"],"special_seed":0,"relics":["Cracked Core","NeowsBlessing","Pear","Singing Bowl","Mercury Hourglass","Vajra","Ectoplasm","Molten Egg 2","Matryoshka","Art of War","Astrolabe","Shovel","Ornamental Fan","Red Mask","MawBank","Peace Pipe","Lantern"],"potions_floor_usage":[33,33,33,41,50,50,50],"damage_taken":[{"damage":0.0,"enemies":"Cultist","floor":1.0,"turns":1.0},{"damage":0.0,"enemies":"Small Slimes","floor":4.0,"turns":1.0},{"damage":0.0,"enemies":"Lagavulin","floor":6.0,"turns":1.0},{"damage":2.0,"enemies":"Jaw Worm","floor":8.0,"turns":2.0},{"damage":9.0,"enemies":"Red Slaver","floor":11.0,"turns":3.0},{"damage":18.0,"enemies":"3 Sentries","floor":12.0,"turns":4.0},{"damage":1.0,"enemies":"Exordium Wildlife","floor":14.0,"turns":4.0},{"damage":16.0,"enemies":"Hexaghost","floor":16.0,"turns":7.0},{"damage":15.0,"enemies":"2 Thieves","floor":18.0,"turns":3.0},{"damage":0.0,"enemies":"Spheric Guardian","floor":19.0,"turns":2.0},{"damage":10.0,"enemies":"Snake Plant","floor":22.0,"turns":3.0},{"damage":19.0,"enemies":"Book of Stabbing","floor":30.0,"turns":3.0},{"damage":13.0,"enemies":"Snecko","floor":31.0,"turns":3.0},{"damage":33,"enemies":"Collector","floor":33,"turns":5},{"damage":5,"enemies":"Flame Bruiser 1 Orb","floor":35,"turns":3},{"damage":16,"floor":38,"turns":4},{"damage":18,"enemies":"3 Darklings","floor":39,"turns":2},{"damage":7,"enemies":"Nemesis","floor":41,"turns":3},{"damage":0,"enemies":"Sphere and 2 Shapes","floor":44,"turns":3},{"damage":34,"enemies":"2 Orb Walkers","floor":46,"turns":4},{"damage":2,"enemies":"Spire Growth","floor":48,"turns":3},{"damage":102,"enemies":"Awakened One","floor":50,"turns":10}],"seed_played":"-5888368197144362980","potions_obtained":[{"floor":1.0,"key":"Poison Potion"},{"floor":6.0,"key":"GamblersBrew"},{"floor":11.0,"key":"Energy Potion"},{"floor":14.0,"key":"Dexterity Potion"},{"floor":18.0,"key":"FocusPotion"},{"floor":19.0,"key":"SteroidPotion"},{"floor":31.0,"key":"Ancient Potion"},{"floor":35,"key":"SpeedPotion"},{"floor":39,"key":"FocusPotion"},{"floor":41,"key":"SteroidPotion"},{"floor":47,"key":"AttackPotion"}],"is_trial":false,"path_per_floor":["M","?","$","M","?","E","R","M","T","$","M","E","R","M","R","B",null,"M","M","?","?","M","R","?","R","T","?","$","R","E","M","R","B",null,"M","?","$","?","M","R","E","?","T","M","R","E","?","M","R"],"character_chosen":"DEFECT","items_purchased":["Conserve Battery","Leap","Beam Cell+1"],"campfire_rested":6,"item_purchase_floors":[3,10,28],"current_hp_per_floor":[68,75,75,75,75,75,75,73,73,73,64,46,71,70,70,54,77,62,62,62,62,52,52,52,52,52,52,52,77,60,47,73,40,75,70,60,60,50,38,65,62,62,62,66,91,63,63,67,95,0],"gold":0,"neow_bonus":"THREE_ENEMY_KILL","is_prod":false,"is_daily":false,"chose_seed":false,"campfire_upgraded":4,"win_rate":0,"timestamp":1532143579,"path_taken":["M","?","$","M","?","E","R","?","T","$","M","E","R","M","R","BOSS","M","M","?","?","M","R","?","R","T","?","$","R","E","M","R","BOSS","M","?","$","?","M","R","E","?","T","?","R","E","?","M","R","BOSS"],"build_version":"2018-07-19v2","purchased_purges":1,"victory":false,"max_hp_per_floor":[75,85,85,85,85,85,85,85,85,85,85,85,85,85,85,85,85,85,85,85,85,85,85,85,85,85,85,85,85,87,87,87,87,87,87,87,87,89,91,91,91,91,91,91,91,93,93,95,95,95],"card_choices":[{"not_picked":["Capacitor","Compile Driver"],"picked":"Gash","floor":1.0},{"not_picked":["Hello World","Barrage"],"picked":"Ball Lightning","floor":4.0},{"not_picked":["Darkness","Glacier"],"picked":"Scrape","floor":6.0},{"not_picked":["Aggregate","Heatsinks"],"picked":"Tempest","floor":8.0},{"not_picked":["Conserve Battery","Steam"],"picked":"FTL","floor":11.0},{"not_picked":["Conserve Battery","Lockon"],"picked":"Amplify","floor":12.0},{"not_picked":["Ball Lightning","Sweeping Beam"],"picked":"FTL","floor":14.0},{"not_picked":["Core Surge","Echo Form"],"picked":"All For One","floor":16.0},{"not_picked":["Redo","Rebound"],"picked":"Steam Power","floor":18.0},{"not_picked":["Compile Driver","Consume"],"picked":"Beam Cell","floor":19.0},{"not_picked":["Streamline+1","Consume+1"],"picked":"FTL+1","floor":22.0},{"not_picked":["Conserve Battery+1","Ball Lightning+1","Lockon+1"],"picked":"Singing Bowl","floor":30.0},{"not_picked":["Undo","Lockon+1"],"picked":"Steam+1","floor":31.0},{"not_picked":["Biased Cognition","Multi-Cast"],"picked":"Machine Learning","floor":33},{"not_picked":["Beam Cell+1","Stack+1"],"picked":"Scrape+1","floor":35},{"not_picked":["Bandage Up","Transmutation"],"picked":"Master of Strategy","floor":36},{"not_picked":["Thinking Ahead","Apotheosis"],"picked":"Bandage Up","floor":36},{"not_picked":["Good Instincts","Blind"],"picked":"Dark Shackles","floor":36},{"not_picked":["Coolheaded+1","Darkness","Leap+1"],"picked":"Singing Bowl","floor":38},{"not_picked":["Chaos+1","Consume","Doom and Gloom+1"],"picked":"Singing Bowl","floor":39},{"not_picked":["Thunder Strike+1","Rip and Tear+1"],"picked":"Turbo+1","floor":41},{"not_picked":["Skim","Reinforced Body"],"picked":"BootSequence","floor":44},{"not_picked":["Leap","Rebound+1","Ball Lightning+1"],"picked":"Singing Bowl","floor":46},{"not_picked":["Barrage+1","Fusion","Ball Lightning+1"],"picked":"Singing Bowl","floor":48}],"player_experience":444426,"relics_obtained":[{"floor":6.0,"key":"Singing Bowl"},{"floor":9.0,"key":"Mercury Hourglass"},{"floor":12.0,"key":"Vajra"},{"floor":26.0,"key":"Matryoshka"},{"floor":30.0,"key":"Art of War"},{"floor":38,"key":"Shovel"},{"floor":41,"key":"Ornamental Fan"},{"floor":43,"key":"MawBank"},{"floor":43,"key":"Peace Pipe"},{"floor":46,"key":"Lantern"}],"event_choices":[{"event_name":"Scrap Ooze","player_choice":"success","floor":2.0,"damage_taken":3.0},{"event_name":"Upgrade Shrine","player_choice":"Upgraded","floor":5.0,"damage_taken":0.0},{"event_name":"Accursed Blacksmith","player_choice":"Forge","floor":20.0,"damage_taken":0.0},{"event_name":"The Mausoleum","player_choice":"Yes","floor":21.0,"damage_taken":0.0},{"event_name":"Beggar","player_choice":"Gave Gold","floor":24.0,"damage_taken":0.0},{"event_name":"Back to Basics","player_choice":"Elegance","floor":27.0,"damage_taken":0.0},{"event_name":"SensoryStone","player_choice":"Memory 3","floor":36,"damage_taken":0},{"event_name":"Mysterious Sphere","player_choice":"Fight","floor":38,"damage_taken":0},{"event_name":"Tomb of Lord Red Mask","player_choice":"Paid","floor":42,"damage_taken":0},{"event_name":"The Lab","player_choice":"Got Potions","floor":47,"damage_taken":0}],"is_beta":false,"boss_relics":[{"not_picked":["Velvet Choker","Inserter"],"picked":"Ectoplasm"},{"not_picked":["FrozenCore","Black Star"],"picked":"Astrolabe"}],"items_purged_floors":[3],"is_endless":false,"potions_floor_spawned":[1,6,11,14,18,19,31,35,39,41],"killed_by":"Awakened One","ascension_level":7}