{"gold_per_floor":[119,119,139,151,170,170,195,213,213,245,245,256,267,297,297,397,397,409,424,7,19,19,19,54,54,54,54,54,83,95,113,113,209,209,229,149,249,249,249,278,294,294,294,294,327,327,337,353,353,353],"floor_reached":50,"playtime":2418,"items_purged":["Strike_R","Strike_R"],"score":899,"play_id":"493926ee-0ede-4f52-a7ad-08225f12b28e","local_time":"20190208223403","is_ascension_mode":true,"campfire_choices":[{"data":"Flex","floor":6.0,"key":"SMITH"},{"data":"Whirlwind","floor":11.0,"key":"SMITH"},{"data":"1","floor":15.0,"key":"LIFT"},{"data":"2","floor":23.0,"key":"LIFT"},{"data":"3","floor":28.0,"key":"LIFT"},{"floor":32.0,"key":"REST"},{"floor":44.0,"key":"REST"},{"floor":49,"key":"RECALL"}],"neow_cost":"NONE","seed_source_timestamp":259155024994936,"circlet_count":0,"master_deck":["AscendersBane","Strike_R","Strike_R","Strike_R","Defend_R","Defend_R","Defend_R","Defend_R","Bash","Whirlwind+1","Pommel Strike","Flex+1","Sword Boomerang","Metallicize","Anger","Demon Form+1","Rage","Spot Weakness","Pommel Strike","Reaper","Armaments+1","True Grit","Bloodletting","True Grit","Whirlwind+1","Fiend Fire","Battle Trance","Feed","Headbutt+1","Impervious","Havoc+1","Power Through+1","Second Wind"],"special_seed":0,"relics":["Burning Blood","Art of War","Ginger","Pantograph","Girya","Philosopher\u0027s Stone","HandDrill","Orichalcum","Juzu Bracelet","Calipers","The Courier","Fusion Hammer","StoneCalendar","Ornamental Fan"],"potions_floor_usage":[50,50],"damage_taken":[{"damage":2.0,"enemies":"Jaw Worm","floor":1.0,"turns":5.0},{"damage":6.0,"enemies":"Cultist","floor":3.0,"turns":4.0},{"damage":2.0,"enemies":"2 Louse","floor":4.0,"turns":3.0},{"damage":0.0,"enemies":"Lots of Slimes","floor":5.0,"turns":1.0},{"damage":16.0,"enemies":"Gremlin Nob","floor":7.0,"turns":3.0},{"damage":11.0,"enemies":"Blue Slaver","floor":8.0,"turns":3.0},{"damage":15.0,"enemies":"3 Sentries","floor":10.0,"turns":4.0},{"damage":17.0,"enemies":"Gremlin Gang","floor":12.0,"turns":2.0},{"damage":6.0,"enemies":"Looter","floor":13.0,"turns":3.0},{"damage":18.0,"enemies":"Lagavulin","floor":14.0,"turns":6.0},{"damage":33.0,"enemies":"Slime Boss","floor":16.0,"turns":5.0},{"damage":5.0,"enemies":"Shell Parasite","floor":18.0,"turns":3.0},{"damage":4.0,"enemies":"3 Byrds","floor":19.0,"turns":3.0},{"damage":19.0,"enemies":"Snake Plant","floor":21.0,"turns":3.0},{"damage":36.0,"enemies":"Gremlin Leader","floor":24.0,"turns":5.0},{"damage":47.0,"enemies":"Book of Stabbing","floor":29.0,"turns":5.0},{"damage":24.0,"enemies":"Sentry and Sphere","floor":30.0,"turns":5.0},{"damage":9.0,"enemies":"Cultist and Chosen","floor":31.0,"turns":4.0},{"damage":56.0,"enemies":"Champ","floor":33.0,"turns":8.0},{"damage":6.0,"enemies":"Orb Walker","floor":35.0,"turns":2.0},{"damage":31.0,"enemies":"Giant Head","floor":40.0,"turns":6.0},{"damage":37.0,"enemies":"3 Shapes","floor":41.0,"turns":2.0},{"damage":47.0,"enemies":"Nemesis","floor":45.0,"turns":6.0},{"damage":18.0,"enemies":"Transient","floor":47.0,"turns":5.0},{"damage":16,"enemies":"4 Shapes","floor":48,"turns":5},{"damage":95,"enemies":"Awakened One","floor":50,"turns":7}],"seed_played":"-4928459087929427619","potions_obtained":[{"floor":3.0,"key":"SteroidPotion"},{"floor":8.0,"key":"Explosive Potion"},{"floor":10.0,"key":"Swift Potion"},{"floor":13.0,"key":"GamblersBrew"},{"floor":21.0,"key":"Strength Potion"},{"floor":33.0,"key":"Dexterity Potion"},{"floor":35.0,"key":"Ancient Potion"}],"is_trial":false,"path_per_floor":["M","?","M","M","M","R","E","M","T","E","R","M","M","E","R","B",null,"M","M","$","M","?","R","E","?","T","?","R","E","M","M","R","B",null,"M","$","?","?","?","E","M","?","T","R","E","?","M","M","R","B"],"character_chosen":"IRONCLAD","items_purchased":["HandDrill","Orichalcum"],"campfire_rested":2,"item_purchase_floors":[20,20],"current_hp_per_floor":[84,84,84,88,88,88,78,73,73,64,64,53,53,41,41,39,76,77,79,79,66,66,66,68,68,68,68,68,34,16,13,39,21,71,71,71,71,71,71,74,43,43,43,69,47,47,42,55,55,0],"gold":353,"neow_bonus":"TEN_PERCENT_HP_BONUS","is_prod":false,"is_daily":false,"chose_seed":false,"campfire_upgraded":2,"win_rate":0,"timestamp":1549694043,"path_taken":["M","?","M","M","?","R","E","M","T","E","R","M","M","E","R","BOSS","M","M","$","M","?","R","E","?","T","?","R","E","M","M","R","BOSS","M","$","?","?","?","E","M","?","T","R","E","?","M","M","R","BOSS"],"build_version":"2019-01-23","purchased_purges":2,"victory":false,"max_hp_per_floor":[88,88,88,88,88,88,88,88,88,88,88,88,88,88,88,88,88,88,88,88,88,88,88,88,88,88,88,88,88,88,88,88,88,88,88,88,88,88,88,88,88,88,88,88,88,88,88,91,91,91],"card_choices":[{"not_picked":["Shrug It Off","Dropkick"],"picked":"Whirlwind","floor":1.0},{"not_picked":["Searing Blow","Body Slam"],"picked":"Pommel Strike","floor":3.0},{"not_picked":["Whirlwind","Clothesline"],"picked":"Flex","floor":4.0},{"not_picked":["Body Slam","Infernal Blade"],"picked":"Sword Boomerang","floor":5.0},{"not_picked":["Sentinel","Shockwave"],"picked":"Metallicize","floor":7.0},{"not_picked":["Fire Breathing","Clash"],"picked":"Anger","floor":8.0},{"not_picked":["Sentinel","Intimidate"],"picked":"Demon Form","floor":10.0},{"not_picked":["Sword Boomerang","Body Slam"],"picked":"Rage","floor":12.0},{"not_picked":["True Grit","Iron Wave"],"picked":"Spot Weakness","floor":13.0},{"not_picked":["Wild Strike","Heavy Blade"],"picked":"Pommel Strike","floor":14.0},{"not_picked":["Barricade","Bludgeon"],"picked":"Reaper","floor":16.0},{"not_picked":["Iron Wave+1","Infernal Blade"],"picked":"Armaments+1","floor":18.0},{"not_picked":["Entrench","Armaments"],"picked":"True Grit","floor":19.0},{"not_picked":["Clash","Body Slam"],"picked":"Bloodletting","floor":21.0},{"not_picked":["Pommel Strike","Ghostly Armor+1"],"picked":"True Grit","floor":24.0},{"not_picked":["Pummel","Perfected Strike"],"picked":"Fiend Fire","floor":29.0},{"not_picked":["Feel No Pain","Rage"],"picked":"Battle Trance","floor":30.0},{"not_picked":["Havoc","Warcry","Pommel Strike"],"picked":"SKIP","floor":31.0},{"not_picked":["Immolate","Demon Form"],"picked":"Feed","floor":33.0},{"not_picked":["Thunderclap","Clothesline+1"],"picked":"Headbutt+1","floor":35.0},{"not_picked":["Wild Strike","Headbutt+1"],"picked":"Impervious","floor":40.0},{"not_picked":["Body Slam","Perfected Strike"],"picked":"Havoc+1","floor":41.0},{"not_picked":["Armaments+1","Anger"],"picked":"Power Through+1","floor":45.0},{"not_picked":["Inflame","Infernal Blade"],"picked":"Second Wind","floor":47.0},{"not_picked":["Clash","Carnage","Havoc"],"picked":"SKIP","floor":48}],"player_experience":512849,"relics_obtained":[{"floor":7.0,"key":"Art of War"},{"floor":9.0,"key":"Ginger"},{"floor":10.0,"key":"Pantograph"},{"floor":14.0,"key":"Girya"},{"floor":24.0,"key":"Juzu Bracelet"},{"floor":26.0,"key":"Calipers"},{"floor":29.0,"key":"The Courier"},{"floor":40.0,"key":"StoneCalendar"},{"floor":45.0,"key":"Ornamental Fan"}],"event_choices":[{"damage_healed":0.0,"max_hp_gain":0.0,"max_hp_loss":0.0,"gold_gain":0.0,"event_name":"Match and Keep!","player_choice":"0 cards matched","floor":2.0,"gold_loss":0.0,"damage_taken":0.0,"cards_obtained":[]},{"damage_healed":0.0,"max_hp_gain":0.0,"max_hp_loss":0.0,"gold_gain":0.0,"event_name":"The Mausoleum","player_choice":"Ignored","floor":22.0,"gold_loss":0.0,"damage_taken":0.0},{"damage_healed":0.0,"max_hp_gain":0.0,"max_hp_loss":0.0,"gold_gain":0.0,"event_name":"Duplicator","player_choice":"Copied","floor":25.0,"gold_loss":0.0,"damage_taken":0.0,"cards_obtained":["Whirlwind"]},{"damage_healed":0.0,"max_hp_gain":0.0,"max_hp_loss":0.0,"gold_gain":0.0,"event_name":"The Library","player_choice":"Read","floor":27.0,"gold_loss":0.0,"damage_taken":0.0,"cards_obtained":["Evolve"]},{"damage_healed":0.0,"max_hp_gain":0.0,"max_hp_loss":0.0,"gold_gain":100.0,"event_name":"Golden Shrine","player_choice":"Pray","floor":37.0,"gold_loss":0.0,"damage_taken":0.0},{"cards_removed":["Evolve"],"damage_healed":0.0,"max_hp_gain":0.0,"max_hp_loss":0.0,"gold_gain":0.0,"event_name":"Falling","player_choice":"Removed Power","floor":38.0,"gold_loss":0.0,"damage_taken":0.0},{"damage_healed":0.0,"max_hp_gain":0.0,"max_hp_loss":0.0,"gold_gain":0.0,"event_name":"Tomb of Lord Red Mask","player_choice":"Ignored","floor":39.0,"gold_loss":0.0,"damage_taken":0.0},{"damage_healed":0.0,"max_hp_gain":0.0,"max_hp_loss":0.0,"gold_gain":0.0,"event_name":"The Moai Head","player_choice":"Ignored","floor":42.0,"gold_loss":0.0,"damage_taken":0.0},{"damage_healed":0.0,"max_hp_gain":0.0,"max_hp_loss":0.0,"gold_gain":0.0,"event_name":"Accursed Blacksmith","player_choice":"Forge","floor":46.0,"gold_loss":0.0,"damage_taken":0.0,"cards_upgraded":["Demon Form"]}],"is_beta":false,"boss_relics":[{"not_picked":["Astrolabe","Black Star"],"picked":"Philosopher\u0027s Stone"},{"not_picked":["Orrery","Coffee Dripper"],"picked":"Fusion Hammer"}],"items_purged_floors":[20,36],"is_endless":false,"potions_floor_spawned":[3,8,10,13,16,19,21,33,35,41],"killed_by":"Awakened One","ascension_level":12}