{"gold_per_floor":[113,113,130,49,63,63,73,73,146,146,158,29,29,29,29,102,102,122,122,122],"floor_reached":20,"playtime":723,"items_purged":[],"score":428,"play_id":"41487b91-5951-4555-8cd0-aaa86bd39ff9","local_time":"20180903122514","is_ascension_mode":true,"campfire_choices":[{"data":"Infernal Blade","floor":6,"key":"SMITH"},{"data":"Armaments","floor":8,"key":"SMITH"},{"data":"Inflame","floor":13,"key":"SMITH"},{"data":"Whirlwind","floor":15,"key":"SMITH"}],"neow_cost":"","seed_source_timestamp":314717620604592,"circlet_count":0,"master_deck":["Strike_R","Strike_R","Strike_R","Strike_R","Strike_R","Defend_R","Defend_R","Defend_R","Defend_R","Bash","AscendersBane","Infernal Blade+1","Disarm","Shockwave","Clothesline","Armaments+1","Havoc","Whirlwind+1","Inflame+1","Double Tap","Ghostly","Ghostly","Ghostly","Ghostly","Ghostly"],"relics":["Burning Blood","Mummified Hand","Sozu"],"potions_floor_usage":[],"damage_taken":[{"damage":4,"enemies":"Small Slimes","floor":1,"turns":4},{"damage":12,"enemies":"Jaw Worm","floor":3,"turns":3},{"damage":8,"enemies":"2 Louse","floor":5,"turns":4},{"damage":21,"enemies":"Exordium Thugs","floor":7,"turns":5},{"damage":13,"enemies":"2 Fungi Beasts","floor":11,"turns":4},{"damage":0,"enemies":"Slime Boss","floor":16,"turns":7},{"damage":23,"enemies":"Spheric Guardian","floor":18,"turns":4},{"damage":27,"enemies":"Colosseum Slavers","floor":20,"turns":4},{"damage":26,"enemies":"Colosseum Nobs","floor":20,"turns":3}],"seed_played":"26096490005824470","potions_obtained":[{"floor":1,"key":"GamblersBrew"},{"floor":11,"key":"EssenceOfSteel"}],"is_trial":false,"path_per_floor":["M","?","M","$","M","R","M","R","T","?","M","$","R","$","R","B",null,"M","?"],"character_chosen":"IRONCLAD","items_purchased":["Shockwave","Whirlwind","Inflame"],"campfire_rested":0,"item_purchase_floors":[4,12,12],"current_hp_per_floor":[70,70,64,64,62,62,47,47,47,52,45,45,45,45,45,51,73,56,40,0],"gold":122,"neow_bonus":"","is_prod":false,"is_daily":false,"chose_seed":false,"campfire_upgraded":4,"win_rate":0,"timestamp":1535991914,"path_taken":["M","?","M","?","M","R","M","R","T","?","M","$","R","$","R","BOSS","M","?","?"],"build_version":"2018-08-30","purchased_purges":0,"victory":false,"max_hp_per_floor":[75,75,75,75,75,75,75,75,75,80,80,80,80,80,80,80,80,80,40,43],"card_choices":[{"not_picked":["Flex","Anger"],"picked":"Infernal Blade","floor":1},{"not_picked":["Battle Trance","Sword Boomerang"],"picked":"Disarm","floor":3},{"not_picked":["Reckless Charge","Armaments"],"picked":"Clothesline","floor":5},{"not_picked":["Berserk","Wild Strike"],"picked":"Armaments","floor":7},{"not_picked":["Twin Strike","Flex"],"picked":"Havoc","floor":11},{"not_picked":["Impervious","Immolate"],"picked":"Double Tap","floor":16},{"not_picked":["Pommel Strike","Anger","Sentinel"],"picked":"SKIP","floor":18}],"player_experience":2610118,"relics_obtained":[{"floor":9,"key":"Mummified Hand"}],"event_choices":[{"event_name":"Liars Game","player_choice":"disagreed","floor":2,"damage_taken":0},{"event_name":"Big Fish","player_choice":"Donut","floor":10,"damage_taken":0},{"event_name":"Ghosts","player_choice":"Became a Ghost","floor":19,"damage_taken":0},{"event_name":"Colosseum","player_choice":"Fight","floor":20,"damage_taken":0},{"event_name":"Colosseum","player_choice":"Fought Nobs","floor":20,"damage_taken":0}],"is_beta":false,"boss_relics":[{"not_picked":["Empty Cage","Runic Cube"],"picked":"Sozu"}],"items_purged_floors":[],"is_endless":false,"potions_floor_spawned":[1,11,20],"killed_by":"Colosseum Nobs","ascension_level":18}