{"gold_per_floor":[111,111,111,122,122,122,134,134,134,163,163,238,250,281,281,281],"floor_reached":16,"playtime":498,"items_purged":[],"score":200,"play_id":"f5c72bf0-6bc0-489e-b969-6519269c41a9","local_time":"20190203112955","is_ascension_mode":true,"campfire_choices":[{"floor":6,"key":"REST"},{"floor":11,"key":"REST"},{"floor":15,"key":"REST"}],"neow_cost":"NONE","seed_source_timestamp":826262538777500,"circlet_count":0,"master_deck":["AscendersBane","Strike_B","Strike_B+1","Strike_B","Strike_B+1","Defend_B","Defend_B","Defend_B","Defend_B","Zap+1","Dualcast","Coolheaded","Regret","BootSequence","Self Repair","Storm","FTL","Beam Cell","Ball Lightning","Buffer"],"relics":["Cracked Core","Dream Catcher","Blood Vial","Bottled Tornado","Regal Pillow","Smiling Mask"],"potions_floor_usage":[10,13,14],"damage_taken":[{"damage":6,"enemies":"2 Louse","floor":1,"turns":3},{"damage":5,"enemies":"Small Slimes","floor":4,"turns":3},{"damage":2,"enemies":"Cultist","floor":7,"turns":4},{"damage":32,"enemies":"3 Sentries","floor":10,"turns":9},{"damage":1,"enemies":"Exordium Thugs","floor":13,"turns":2},{"damage":33,"enemies":"Gremlin Nob","floor":14,"turns":4},{"damage":71,"enemies":"Hexaghost","floor":16,"turns":11}],"seed_played":"-5758685002477744856","potions_obtained":[{"floor":7,"key":"SkillPotion"},{"floor":10,"key":"SkillPotion"},{"floor":13,"key":"EssenceOfSteel"}],"is_trial":false,"path_per_floor":["M","?","?","M","?","R","M","?","T","E","R","?","M","E","R","B"],"character_chosen":"DEFECT","items_purchased":[],"campfire_rested":3,"item_purchase_floors":[],"current_hp_per_floor":[58,58,47,44,23,44,51,51,51,28,64,53,61,37,71,0],"gold":281,"neow_bonus":"UPGRADE_CARD","is_prod":false,"is_daily":false,"chose_seed":false,"campfire_upgraded":0,"win_rate":0,"timestamp":1549222195,"path_taken":["M","?","?","M","?","R","M","?","T","E","R","?","M","E","R","BOSS"],"build_version":"2019-01-23","purchased_purges":0,"victory":false,"max_hp_per_floor":[71,71,71,71,71,71,71,71,71,71,71,71,71,71,71,71],"card_choices":[{"not_picked":["Streamline","Compile Driver"],"picked":"Coolheaded","floor":1},{"not_picked":["Streamline","Compile Driver"],"picked":"BootSequence","floor":4},{"not_picked":["Redo","Doom and Gloom"],"picked":"Self Repair","floor":6},{"not_picked":["Skim","Hologram"],"picked":"Storm","floor":7},{"not_picked":["Hyperbeam","Rebound"],"picked":"FTL","floor":10},{"not_picked":["Genetic Algorithm","BootSequence"],"picked":"Beam Cell","floor":13},{"not_picked":["Compile Driver","Turbo"],"picked":"Ball Lightning","floor":14},{"not_picked":["Cold Snap","Beam Cell"],"picked":"Buffer","floor":15}],"player_experience":1230860,"relics_obtained":[{"floor":9,"key":"Bottled Tornado"},{"floor":10,"key":"Regal Pillow"},{"floor":14,"key":"Smiling Mask"}],"event_choices":[{"damage_healed":0,"gold_gain":0,"player_choice":"Box","damage_taken":0,"relics_obtained":["Dream Catcher"],"max_hp_gain":0,"max_hp_loss":0,"event_name":"Big Fish","floor":2,"gold_loss":0,"cards_obtained":["Regret"]},{"damage_healed":0,"gold_gain":0,"player_choice":"Success","damage_taken":11,"relics_obtained":["Blood Vial"],"max_hp_gain":0,"max_hp_loss":0,"event_name":"Scrap Ooze","floor":3,"gold_loss":0},{"damage_healed":0,"gold_gain":0,"player_choice":"Entered Light","damage_taken":21,"max_hp_gain":0,"max_hp_loss":0,"event_name":"Shining Light","floor":5,"gold_loss":0,"cards_upgraded":["Strike_B","Strike_B"]},{"damage_healed":0,"gold_gain":0,"player_choice":"Ignored","damage_taken":0,"max_hp_gain":0,"max_hp_loss":0,"event_name":"Liars Game","floor":8,"gold_loss":0},{"damage_healed":0,"gold_gain":75,"player_choice":"Gather Gold","damage_taken":11,"max_hp_gain":0,"max_hp_loss":0,"event_name":"World of Goop","floor":12,"gold_loss":0}],"is_beta":false,"boss_relics":[],"items_purged_floors":[],"is_endless":false,"potions_floor_spawned":[7,10,13],"killed_by":"Hexaghost","ascension_level":17}