{"gold_per_floor":[115,130,150,150,162,162,175,203,203,203,222,17,17,40,40,40],"floor_reached":16,"playtime":793,"items_purged":[],"score":172,"play_id":"cab4b1fd-c0a7-4056-8439-c5a5bc0a06c0","local_time":"20190210164414","is_ascension_mode":true,"campfire_choices":[{"data":"Armaments","floor":6,"key":"SMITH"},{"data":"Bash","floor":10,"key":"SMITH"},{"floor":15,"key":"REST"}],"neow_cost":"CURSE","seed_source_timestamp":1114593852705841,"circlet_count":0,"master_deck":["AscendersBane","Strike_R","Strike_R","Strike_R","Defend_R","Defend_R","Defend_R","Defend_R","Bash+1","Doubt","Wild Strike","Sever Soul","Sentinel","Armaments+1","True Grit","Dropkick","Juggernaut","Clothesline","Injury","Metallicize"],"relics":["Burning Blood","Pen Nib","Paper Frog","Toy Ornithopter","Golden Idol"],"potions_floor_usage":[11,14],"damage_taken":[{"damage":2,"enemies":"2 Louse","floor":1,"turns":3},{"damage":10,"enemies":"Cultist","floor":2,"turns":4},{"damage":0,"enemies":"Small Slimes","floor":3,"turns":3},{"damage":11,"enemies":"Exordium Wildlife","floor":5,"turns":4},{"damage":3,"enemies":"2 Fungi Beasts","floor":7,"turns":4},{"damage":49,"enemies":"3 Sentries","floor":8,"turns":10},{"damage":19,"enemies":"Large Slime","floor":11,"turns":5},{"damage":33,"enemies":"Exordium Wildlife","floor":14,"turns":6},{"damage":50,"enemies":"Slime Boss","floor":16,"turns":6}],"seed_played":"6860268643579980610","potions_obtained":[{"floor":1,"key":"FearPotion"},{"floor":3,"key":"Regen Potion"}],"is_trial":false,"path_per_floor":["M","M","M","?","M","R","M","E","T","R","M","$","?","M","R","B"],"character_chosen":"IRONCLAD","items_purchased":["Toy Ornithopter"],"campfire_rested":1,"item_purchase_floors":[12],"current_hp_per_floor":[76,72,78,80,75,75,78,35,35,35,22,22,22,15,39,0],"gold":40,"neow_bonus":"TRANSFORM_TWO_CARDS","is_prod":false,"is_daily":false,"chose_seed":false,"campfire_upgraded":2,"win_rate":0,"timestamp":1549838654,"path_taken":["M","M","M","?","M","R","M","E","T","R","?","$","?","M","R","BOSS"],"build_version":"2019-01-23","purchased_purges":0,"victory":false,"max_hp_per_floor":[80,80,80,80,80,80,80,80,80,80,80,80,80,80,80,80],"card_choices":[{"not_picked":["Seeing Red","Flex"],"picked":"Sever Soul","floor":1},{"not_picked":["Inflame","Twin Strike"],"picked":"Sentinel","floor":2},{"not_picked":["Sword Boomerang","Iron Wave"],"picked":"Armaments","floor":3},{"not_picked":["Havoc","Bloodletting"],"picked":"True Grit","floor":5},{"not_picked":["Double Tap","Burning Pact"],"picked":"Dropkick","floor":7},{"not_picked":["Metallicize","Shockwave"],"picked":"Juggernaut","floor":8},{"not_picked":["Hemokinesis","Armaments"],"picked":"Clothesline","floor":11},{"not_picked":["Wild Strike","Anger"],"picked":"Metallicize","floor":14}],"player_experience":552108,"relics_obtained":[{"floor":8,"key":"Pen Nib"},{"floor":9,"key":"Paper Frog"}],"event_choices":[{"cards_removed":["Infernal Blade"],"damage_healed":2,"gold_gain":0,"player_choice":"Offered Uncommon","damage_taken":0,"max_hp_gain":0,"max_hp_loss":0,"event_name":"Bonfire Elementals","floor":4,"gold_loss":0},{"damage_healed":0,"gold_gain":0,"player_choice":"Take Wound","damage_taken":0,"relics_obtained":["Golden Idol"],"max_hp_gain":0,"max_hp_loss":0,"event_name":"Golden Idol","floor":13,"gold_loss":0,"cards_obtained":["Injury"]}],"is_beta":false,"boss_relics":[],"items_purged_floors":[],"is_endless":false,"potions_floor_spawned":[1,3,7],"killed_by":"Slime Boss","ascension_level":13}