{"gold_per_floor":[359,374,374,388,240,240,258,273,273,273,348,368,59,70,70,171,171,186,155,155,171,171,171,171,171,171,201,215,242,163,178,178,274,274,288,288,301,301,316,336,265,265,265,283,298,16,116,134,134,134],"floor_reached":51,"playtime":1844,"items_purged":["Pain","Defend_B","Parasite"],"score":733,"play_id":"bc68b8fb-9fa2-4ea7-a210-bf5f9edf3e5f","local_time":"20181222234452","is_ascension_mode":false,"campfire_choices":[{"data":"Zap","floor":6.0,"key":"SMITH"},{"data":"Buffer","floor":10.0,"key":"SMITH"},{"data":"Strike_B","floor":15.0,"key":"SMITH"},{"data":"Conserve Battery","floor":23.0,"key":"SMITH"},{"data":"Undo","floor":25.0,"key":"SMITH"},{"data":"Electrodynamics","floor":32.0,"key":"SMITH"},{"floor":49,"key":"REST"}],"neow_cost":"CURSE","seed_source_timestamp":0,"circlet_count":0,"master_deck":["Strike_B+1","Strike_B+1","Strike_B+1","Strike_B+1","Defend_B+1","Defend_B+1","Zap+1","Dualcast+1","Conserve Battery+1","Chill","Buffer+1","Chill","Ball Lightning+1","Undo+1","Rebound+1","Electrodynamics+1","Cold Snap+1","Ball Lightning+1","Go for the Eyes+1","Blizzard+1","Defragment","Rebound+1","Coolheaded+1"],"special_seed":0,"relics":["Cracked Core","Mummified Hand","Runic Capacitor","Sozu","Gremlin Horn","Cables","Eternal Feather","Question Card","Lantern","Turnip"],"potions_floor_usage":[50,50],"damage_taken":[{"damage":15.0,"enemies":"Jaw Worm","floor":1.0,"turns":4.0},{"damage":5.0,"enemies":"Cultist","floor":2.0,"turns":4.0},{"damage":0.0,"enemies":"Small Slimes","floor":4.0,"turns":3.0},{"damage":0.0,"enemies":"Looter","floor":7.0,"turns":3.0},{"damage":0.0,"enemies":"2 Fungi Beasts","floor":8.0,"turns":4.0},{"damage":1.0,"enemies":"Red Slaver","floor":12.0,"turns":4.0},{"damage":0.0,"enemies":"Large Slime","floor":14.0,"turns":6.0},{"damage":26.0,"enemies":"Slime Boss","floor":16.0,"turns":14.0},{"damage":0.0,"enemies":"Spheric Guardian","floor":18.0,"turns":4.0},{"damage":0.0,"enemies":"2 Thieves","floor":19.0,"turns":5.0},{"damage":1.0,"enemies":"Sentry and Sphere","floor":21.0,"turns":5.0},{"damage":10.0,"enemies":"Book of Stabbing","floor":27.0,"turns":6.0},{"damage":0.0,"enemies":"Snecko","floor":28.0,"turns":6.0},{"damage":0.0,"enemies":"Slavers","floor":29.0,"turns":6.0},{"damage":5.0,"enemies":"Snake Plant","floor":31.0,"turns":4.0},{"damage":15.0,"enemies":"Collector","floor":33.0,"turns":10.0},{"damage":0.0,"enemies":"3 Shapes","floor":35.0,"turns":4.0},{"damage":0,"enemies":"3 Darklings","floor":37,"turns":2},{"damage":8,"enemies":"Writhing Mass","floor":39,"turns":5},{"damage":0,"enemies":"Spire Growth","floor":40,"turns":4},{"damage":5,"enemies":"3 Darklings","floor":44,"turns":3},{"damage":17,"enemies":"Writhing Mass","floor":45,"turns":6},{"damage":0,"enemies":"Mind Bloom Boss Battle","floor":47,"turns":5},{"damage":0,"enemies":"Sphere and 2 Shapes","floor":48,"turns":3},{"damage":69,"enemies":"Donu and Deca","floor":50,"turns":10}],"seed_played":"-4259782994048313048","potions_obtained":[{"floor":1.0,"key":"Weak Potion"},{"floor":7.0,"key":"FearPotion"},{"floor":8.0,"key":"Dexterity Potion"}],"is_trial":false,"path_per_floor":["M","M","?","M","$","R","M","M","T","R","?","M","$","M","R","B",null,"M","M","?","M","$","R","?","R","T","E","E","M","E","$","M","R","B",null,"M","?","M","?","M","M","$","?","T","M","M","$","?","M","R","B",null],"character_chosen":"DEFECT","items_purchased":["Chill","Runic Capacitor","Electrodynamics","Defragment","Lantern"],"campfire_rested":1,"item_purchase_floors":[5,13,30,41,46],"current_hp_per_floor":[60,55,55,55,55,55,55,55,55,55,44,43,43,43,43,17,75,75,75,75,74,74,74,74,74,74,64,64,64,64,59,59,44,75,75,75,75,75,67,67,67,67,67,62,45,45,45,45,72,3],"gold":134,"neow_bonus":"TWO_FIFTY_GOLD","is_prod":false,"is_daily":false,"chose_seed":false,"campfire_upgraded":6,"win_rate":0,"timestamp":1545522292,"path_taken":["M","M","?","M","$","R","?","M","T","R","?","M","$","M","R","BOSS","M","M","?","M","$","R","?","R","T","E","M","E","$","M","R","BOSS","M","?","?","?","M","M","$","?","T","?","M","$","?","M","R","BOSS"],"build_version":"2018-12-20","purchased_purges":3,"victory":true,"max_hp_per_floor":[75,75,75,75,75,75,75,75,75,75,75,75,75,75,75,75,75,75,75,75,75,75,75,75,75,75,75,75,75,75,75,75,75,75,75,75,75,75,75,75,75,75,75,75,75,72,72,72,72,72],"card_choices":[{"not_picked":["Tempest","Leap","Redo"],"picked":"SKIP","floor":1.0},{"not_picked":["Stack","Sunder","Leap"],"picked":"SKIP","floor":2.0},{"not_picked":["Beam Cell","Hologram"],"picked":"Conserve Battery","floor":4.0},{"not_picked":["Loop","Beam Cell"],"picked":"Buffer","floor":7.0},{"not_picked":["Leap","Barrage"],"picked":"Chill","floor":8.0},{"not_picked":["Rebound","Coolheaded","Consume"],"picked":"SKIP","floor":12.0},{"not_picked":["Redo","Turbo","Steam"],"picked":"SKIP","floor":14.0},{"not_picked":["Blizzard","Beam Cell","White Noise"],"picked":"SKIP","floor":18.0},{"not_picked":["Coolheaded+1","Hologram"],"picked":"Ball Lightning+1","floor":19.0},{"not_picked":["Rebound","Heatsinks"],"picked":"Undo","floor":21.0},{"not_picked":["Conserve Battery","Melter","Steam"],"picked":"SKIP","floor":27.0},{"not_picked":["Beam Cell","Barrage"],"picked":"Rebound+1","floor":28.0},{"not_picked":["Go for the Eyes","Streamline+1","Cold Snap"],"picked":"SKIP","floor":29.0},{"not_picked":["Meteor Strike","Hello World"],"picked":"Cold Snap+1","floor":31.0},{"not_picked":["Streamline","Sweeping Beam+1","Steam Power"],"picked":"SKIP","floor":35.0},{"not_picked":["Beam Cell","Ball Lightning"],"picked":"Go for the Eyes+1","floor":37},{"not_picked":["Turbo+1","Heatsinks+1","Beam Cell+1"],"picked":"SKIP","floor":39},{"not_picked":["Rebound+1","Meteor Strike"],"picked":"Blizzard+1","floor":40},{"not_picked":["Sunder","Chill","Genetic Algorithm"],"picked":"Rebound+1","floor":44},{"not_picked":["Go for the Eyes+1","Hologram+1","Cold Snap+1","Reboot"],"picked":"SKIP","floor":45},{"not_picked":["Conserve Battery","Reinforced Body+1","Sunder"],"picked":"Coolheaded+1","floor":47},{"not_picked":["Doom and Gloom+1","Reprogram+1","Conserve Battery","Consume+1"],"picked":"SKIP","floor":48}],"player_experience":902682,"relics_obtained":[{"floor":9.0,"key":"Mummified Hand"},{"floor":26.0,"key":"Gremlin Horn"},{"floor":29.0,"key":"Cables"},{"floor":43,"key":"Question Card"},{"floor":47,"key":"Turnip"}],"event_choices":[{"damage_healed":0.0,"max_hp_gain":0.0,"max_hp_loss":0.0,"gold_gain":0.0,"event_name":"Upgrade Shrine","player_choice":"Upgraded","floor":3.0,"gold_loss":0.0,"damage_taken":0.0,"cards_upgraded":["Dualcast"]},{"damage_healed":0.0,"max_hp_gain":0.0,"max_hp_loss":0.0,"gold_gain":75.0,"event_name":"World of Goop","player_choice":"Gather Gold","floor":11.0,"gold_loss":0.0,"damage_taken":11.0},{"damage_healed":0.0,"max_hp_gain":0.0,"max_hp_loss":0.0,"gold_gain":0.0,"event_name":"Back to Basics","player_choice":"Simplicity","floor":20.0,"gold_loss":0.0,"damage_taken":0.0,"cards_upgraded":["Strike_B","Strike_B","Strike_B","Defend_B","Defend_B","Defend_B"]},{"damage_healed":0.0,"max_hp_gain":0.0,"max_hp_loss":0.0,"gold_gain":0.0,"event_name":"Cursed Tome","player_choice":"Ignored","floor":24.0,"gold_loss":0.0,"damage_taken":0.0},{"damage_healed":0.0,"max_hp_gain":0.0,"max_hp_loss":0.0,"gold_gain":0.0,"event_name":"Duplicator","player_choice":"Copied","floor":36.0,"gold_loss":0.0,"damage_taken":0.0,"cards_obtained":["Ball Lightning"]},{"cards_removed":["Defend_B"],"damage_healed":0,"gold_gain":0,"player_choice":"Removed Skill","damage_taken":0,"max_hp_gain":0,"max_hp_loss":0,"event_name":"Falling","floor":38,"gold_loss":0},{"damage_healed":0,"gold_gain":0,"player_choice":"Ignored","damage_taken":0,"max_hp_gain":0,"max_hp_loss":0,"event_name":"NoteForYourself","floor":42,"gold_loss":0},{"damage_healed":0,"gold_gain":0,"player_choice":"Fight","damage_taken":0,"max_hp_gain":0,"max_hp_loss":0,"event_name":"MindBloom","floor":47,"gold_loss":0}],"is_beta":false,"boss_relics":[{"not_picked":["Ectoplasm","Astrolabe"],"picked":"Sozu"},{"not_picked":["Lizard Tail","Pandora\u0027s Box"],"picked":"Eternal Feather"}],"items_purged_floors":[5,13,46],"is_endless":false,"potions_floor_spawned":[1,7,8,28,31,33,37,45,48],"ascension_level":0}