{"gold_per_floor":[115,115,130,148,38,63,63,75,144,46,81,81,97,127,127,127],"floor_reached":16,"playtime":374,"items_purged":["Defend_R"],"score":187,"play_id":"7064debc-450a-4f5a-b434-cf76daa4bd17","local_time":"20190210233752","is_ascension_mode":true,"campfire_choices":[{"data":"Bash","floor":7,"key":"SMITH"},{"data":"Inflame","floor":12,"key":"SMITH"},{"floor":15,"key":"REST"}],"neow_cost":"NONE","seed_source_timestamp":25723994285800,"circlet_count":0,"master_deck":["AscendersBane","Strike_R","Strike_R","Strike_R","Strike_R","Defend_R","Defend_R","Defend_R","Bash+1","Twin Strike","Inflame+1","Infernal Blade","Shrug It Off","Shrug It Off","Sword Boomerang"],"relics":["Burning Blood","NeowsBlessing","Ice Cream","Pear","Boot"],"potions_floor_usage":[11,16],"damage_taken":[{"damage":0,"enemies":"Small Slimes","floor":1,"turns":1},{"damage":0,"enemies":"Cultist","floor":3,"turns":1},{"damage":0,"enemies":"2 Louse","floor":4,"turns":1},{"damage":40,"enemies":"Lagavulin","floor":6,"turns":5},{"damage":17,"enemies":"Exordium Thugs","floor":8,"turns":6},{"damage":23,"enemies":"3 Sentries","floor":11,"turns":8},{"damage":15,"enemies":"3 Louse","floor":13,"turns":3},{"damage":42,"enemies":"The Guardian","floor":16,"turns":11}],"seed_played":"-3331343580155618398","potions_obtained":[{"floor":1,"key":"Swift Potion"},{"floor":6,"key":"LiquidBronze"}],"is_trial":false,"path_per_floor":["M","?","M","M","$","E","R","M","T","$","E","R","M","?","R","B"],"character_chosen":"IRONCLAD","items_purchased":["Inflame","Infernal Blade","Shrug It Off"],"campfire_rested":1,"item_purchase_floors":[5,5,10],"current_hp_per_floor":[74,74,75,75,75,41,41,30,40,40,23,23,14,14,39,0],"gold":127,"neow_bonus":"THREE_ENEMY_KILL","is_prod":false,"is_daily":false,"chose_seed":false,"campfire_upgraded":2,"win_rate":0,"timestamp":1549834672,"path_taken":["M","?","?","M","$","E","R","M","T","$","E","R","M","?","R","BOSS"],"build_version":"2019-01-23","purchased_purges":1,"victory":false,"max_hp_per_floor":[75,75,75,75,75,75,75,75,85,85,85,85,85,85,85,85],"card_choices":[{"not_picked":["Entrench","True Grit","Wild Strike"],"picked":"SKIP","floor":1},{"not_picked":["Power Through","Dark Embrace"],"picked":"Twin Strike","floor":3},{"not_picked":["Pommel Strike","Havoc","Entrench"],"picked":"SKIP","floor":4},{"not_picked":["Twin Strike","Entrench"],"picked":"Shrug It Off","floor":6},{"not_picked":["Shrug It Off","Anger","Rampage"],"picked":"SKIP","floor":8},{"not_picked":["Heavy Blade","Barricade"],"picked":"Sword Boomerang","floor":11},{"not_picked":["Havoc","Flex","Sever Soul"],"picked":"SKIP","floor":13}],"player_experience":710327,"relics_obtained":[{"floor":6,"key":"Ice Cream"},{"floor":9,"key":"Pear"},{"floor":11,"key":"Boot"}],"event_choices":[{"cards_removed":["Strike_R"],"damage_healed":0,"gold_gain":0,"player_choice":"Purged","damage_taken":0,"max_hp_gain":0,"max_hp_loss":0,"event_name":"Purifier","floor":2,"gold_loss":0},{"damage_healed":0,"gold_gain":30,"player_choice":"Searched \u00272\u0027 times","damage_taken":0,"max_hp_gain":0,"max_hp_loss":0,"event_name":"Dead Adventurer","floor":14,"gold_loss":0}],"is_beta":false,"boss_relics":[],"items_purged_floors":[10],"is_endless":false,"potions_floor_spawned":[1,6],"killed_by":"The Guardian","ascension_level":14}