{"gold_per_floor":[115,129,204,217,26,26,43,103,127,127,127,152,172,191,191,191],"floor_reached":16,"playtime":452,"items_purged":["Strike_R"],"score":112,"play_id":"76f8ef78-bf56-4850-9571-3102f036558d","local_time":"20190210003910","is_ascension_mode":false,"campfire_choices":[{"data":"True Grit","floor":6,"key":"SMITH"},{"floor":15,"key":"REST"}],"neow_cost":"NONE","seed_source_timestamp":718042986733960,"circlet_count":0,"master_deck":["Strike_R","Strike_R","Strike_R","Strike_R","Defend_R","Defend_R","Defend_R","Defend_R","Bash","Pommel Strike","Cleave","Battle Trance","Inflame","True Grit+1","Iron Wave","Heavy Blade","Spot Weakness","Twin Strike"],"relics":["Burning Blood","Tiny Chest","Mummified Hand","Bag of Preparation"],"potions_floor_usage":[8,16,16],"damage_taken":[{"damage":22,"enemies":"Jaw Worm","floor":1,"turns":5},{"damage":2,"enemies":"2 Louse","floor":2,"turns":3},{"damage":1,"enemies":"Cultist","floor":4,"turns":3},{"damage":7,"enemies":"3 Louse","floor":7,"turns":4},{"damage":44,"enemies":"Lagavulin","floor":8,"turns":6},{"damage":14,"enemies":"Gremlin Nob","floor":12,"turns":3},{"damage":6,"enemies":"Exordium Wildlife","floor":13,"turns":3},{"damage":0,"enemies":"Gremlin Gang","floor":14,"turns":2},{"damage":58,"enemies":"The Guardian","floor":16,"turns":13}],"seed_played":"8597795061395734825","potions_obtained":[{"floor":2,"key":"Poison Potion"},{"floor":8,"key":"GamblersBrew"},{"floor":12,"key":"Explosive Potion"},{"floor":13,"key":"AttackPotion"}],"is_trial":false,"path_per_floor":["M","M","?","M","$","R","M","E","T","T","?","E","M","M","R","B"],"character_chosen":"IRONCLAD","items_purchased":["Inflame","True Grit"],"campfire_rested":1,"item_purchase_floors":[5,5],"current_hp_per_floor":[72,76,65,70,70,70,69,31,31,31,31,23,23,29,55,0],"gold":191,"neow_bonus":"TEN_PERCENT_HP_BONUS","is_prod":false,"is_daily":false,"chose_seed":false,"campfire_upgraded":1,"win_rate":0,"timestamp":1549730350,"path_taken":["M","M","?","M","$","R","M","E","T","?","?","E","?","M","R","BOSS"],"build_version":"2019-01-23","purchased_purges":1,"victory":false,"max_hp_per_floor":[88,88,88,88,88,88,88,88,88,88,88,88,88,88,88,88],"card_choices":[{"not_picked":["Hemokinesis","True Grit"],"picked":"Pommel Strike","floor":1},{"not_picked":["Perfected Strike","Sentinel"],"picked":"Cleave","floor":2},{"not_picked":["Thunderclap","Brutality"],"picked":"Battle Trance","floor":4},{"not_picked":["True Grit","Armaments"],"picked":"Iron Wave","floor":7},{"not_picked":["Clothesline","Clash"],"picked":"Heavy Blade","floor":8},{"not_picked":["Blood for Blood","Dropkick"],"picked":"Spot Weakness","floor":12},{"not_picked":["Perfected Strike","Havoc","Clothesline"],"picked":"SKIP","floor":13},{"not_picked":["Carnage","Bludgeon"],"picked":"Twin Strike","floor":14}],"player_experience":225134,"relics_obtained":[{"floor":8,"key":"Tiny Chest"},{"floor":10,"key":"Mummified Hand"},{"floor":12,"key":"Bag of Preparation"}],"event_choices":[{"damage_healed":0,"gold_gain":75,"player_choice":"Gather Gold","damage_taken":11,"max_hp_gain":0,"max_hp_loss":0,"event_name":"World of Goop","floor":3,"gold_loss":0},{"damage_healed":0,"gold_gain":0,"player_choice":"Ignored","damage_taken":0,"max_hp_gain":0,"max_hp_loss":0,"event_name":"Shining Light","floor":11,"gold_loss":0}],"is_beta":false,"boss_relics":[],"items_purged_floors":[5],"is_endless":false,"potions_floor_spawned":[2,8,12,13],"killed_by":"The Guardian","ascension_level":0}