{"gold_per_floor":[119,133,144,73,73,73,73,90,90,90,100,100,120,137,137,236,236,246,246,92,104,65,92,92,126,126,126,26,42,42,68,68,164,164,180,102,158,158,33,33,47,47,47,77,93,93],"floor_reached":46,"playtime":2273,"items_purged":["Strike_B","Strike_B","Defend_B"],"score":546,"play_id":"01ed7efa-69cf-446d-bd15-8e390878c728","local_time":"20190210132714","is_ascension_mode":false,"campfire_choices":[{"data":"White Noise","floor":6,"key":"SMITH"},{"data":"Streamline","floor":12,"key":"SMITH"},{"data":"Sweeping Beam","floor":15,"key":"SMITH"},{"data":"Double Energy","floor":24,"key":"SMITH"},{"floor":27,"key":"REST"},{"floor":32,"key":"REST"},{"data":"Buffer","floor":40,"key":"SMITH"}],"neow_cost":"NONE","seed_source_timestamp":586084876411996,"circlet_count":0,"master_deck":["Defend_B+1","Defend_B","Defend_B+1","Zap+1","Dualcast","Auto Shields","Leap","Steam","White Noise+1","Streamline+1","FTL+1","Loop","Barrage+1","Core Surge+1","Buffer+1","Loop","Tempest","Double Energy+1","Undo","Defragment","Thunder Strike+1","Echo Form","Go for the Eyes+1","Skim","Stack+1","Panache","Consume+1","Recycle+1"],"relics":["Cracked Core","Molten Egg 2","Darkstone Periapt","Lantern","Bottled Lightning","Pantograph","Question Card","White Beast Statue","Tiny Chest","Prayer Wheel","Anchor"],"potions_floor_usage":[14,16,19,23,29,33,33,41,44,44,45,45,46],"damage_taken":[{"damage":6,"enemies":"Jaw Worm","floor":1,"turns":3},{"damage":1,"enemies":"Cultist","floor":2,"turns":3},{"damage":1,"enemies":"2 Louse","floor":3,"turns":2},{"damage":7,"enemies":"Exordium Thugs","floor":8,"turns":5},{"damage":0,"enemies":"3 Louse","floor":11,"turns":3},{"damage":3,"enemies":"Lots of Slimes","floor":13,"turns":3},{"damage":1,"enemies":"Looter","floor":14,"turns":3},{"damage":0,"enemies":"Slime Boss","floor":16,"turns":8},{"damage":11,"enemies":"3 Byrds","floor":18,"turns":5},{"damage":6,"enemies":"Shell Parasite","floor":21,"turns":4},{"damage":13,"enemies":"Book of Stabbing","floor":23,"turns":6},{"damage":32,"enemies":"Slavers","floor":25,"turns":5},{"damage":0,"enemies":"3 Cultists","floor":29,"turns":3},{"damage":36,"enemies":"Gremlin Leader","floor":31,"turns":7},{"damage":5,"enemies":"Automaton","floor":33,"turns":8},{"damage":26,"enemies":"3 Shapes","floor":35,"turns":5},{"damage":11,"enemies":"Orb Walker","floor":41,"turns":5},{"damage":27,"enemies":"Giant Head","floor":44,"turns":11},{"damage":25,"enemies":"Jaw Worm Horde","floor":45,"turns":6},{"damage":18,"enemies":"3 Darklings","floor":46,"turns":2}],"seed_played":"8332250602799186243","potions_obtained":[{"floor":2,"key":"Fire Potion"},{"floor":13,"key":"Swift Potion"},{"floor":14,"key":"Fruit Juice"},{"floor":19,"key":"Fruit Juice"},{"floor":19,"key":"FocusPotion"},{"floor":19,"key":"SneckoOil"},{"floor":21,"key":"Weak Potion"},{"floor":25,"key":"Block Potion"},{"floor":35,"key":"Regen Potion"},{"floor":41,"key":"EntropicBrew"},{"floor":44,"key":"Block Potion"},{"floor":45,"key":"Block Potion"}],"is_trial":false,"path_per_floor":["M","M","M","$","?","R","?","M","T","T","M","R","M","M","R","B",null,"M","?","$","M","$","E","R","E","T","R","$","M","?","E","R","B",null,"M","$","T","?","$","R","M","?","T","E","M","M"],"character_chosen":"DEFECT","items_purchased":["Leap","Steam","Buffer","Tempest","Skim"],"campfire_rested":2,"item_purchase_floors":[4,4,20,22,36],"current_hp_per_floor":[69,68,67,67,67,67,52,45,45,45,45,45,42,46,46,46,80,69,74,74,68,68,55,55,23,23,48,48,48,48,12,37,57,85,59,59,59,59,59,59,62,62,62,35,10,0],"gold":93,"neow_bonus":"UPGRADE_CARD","is_prod":false,"is_daily":false,"chose_seed":false,"campfire_upgraded":5,"win_rate":0,"timestamp":1549801634,"path_taken":["M","M","M","$","?","R","?","M","T","?","M","R","?","M","R","BOSS","M","?","$","M","?","E","R","E","T","R","$","M","?","E","R","BOSS","M","$","?","?","$","R","M","?","T","E","M","?"],"build_version":"2019-01-23","purchased_purges":3,"victory":false,"max_hp_per_floor":[75,75,75,75,75,75,75,75,75,75,75,75,75,80,80,80,80,80,85,85,85,85,85,85,85,85,85,85,85,85,85,85,85,85,85,85,85,85,85,85,85,85,85,85,85,85],"card_choices":[{"not_picked":["Reprogram","Hologram"],"picked":"Sweeping Beam","floor":1},{"not_picked":["Recycle","Scrape","Heatsinks"],"picked":"SKIP","floor":2},{"not_picked":["Self Repair","Reinforced Body"],"picked":"Auto Shields","floor":3},{"not_picked":["Go for the Eyes","Compile Driver"],"picked":"Streamline","floor":8},{"not_picked":["Storm","Coolheaded"],"picked":"FTL+1","floor":11},{"not_picked":["Sweeping Beam+1","Fission"],"picked":"Loop","floor":13},{"not_picked":["Reinforced Body","Streamline+1"],"picked":"Barrage+1","floor":14},{"not_picked":["Thunder Strike+1","Creative AI"],"picked":"Core Surge+1","floor":16},{"not_picked":["Rip and Tear+1","Sweeping Beam+1","Turbo"],"picked":"SKIP","floor":18},{"not_picked":["Coolheaded","Go for the Eyes+1"],"picked":"Loop","floor":21},{"not_picked":["Hologram","Chaos"],"picked":"Double Energy","floor":23},{"not_picked":["Force Field","Conserve Battery+1"],"picked":"Undo","floor":25},{"not_picked":["Gash+1","Reinforced Body"],"picked":"Defragment","floor":29},{"not_picked":["Stack","Undo","Compile Driver+1"],"picked":"SKIP","floor":31},{"not_picked":["Machine Learning","Thunder Strike+1","Fission"],"picked":"Echo Form","floor":33},{"not_picked":["Genetic Algorithm","Coolheaded+1","Leap"],"picked":"Go for the Eyes+1","floor":35},{"not_picked":["Darkness","Barrage+1","Beam Cell+1"],"picked":"Stack+1","floor":41},{"not_picked":["Violence","Jack Of All Trades","Discovery"],"picked":"Panache","floor":42},{"not_picked":["Fusion+1","Coolheaded","Go for the Eyes+1","Rebound+1"],"picked":"SKIP","floor":44},{"not_picked":["Storm+1","Barrage+1","Redo+1"],"picked":"Consume+1","floor":45},{"not_picked":["Rebound+1","Turbo","Barrage+1"],"picked":"Recycle+1","floor":45}],"player_experience":105133,"relics_obtained":[{"floor":9,"key":"Molten Egg 2"},{"floor":10,"key":"Darkstone Periapt"},{"floor":23,"key":"Lantern"},{"floor":25,"key":"Bottled Lightning"},{"floor":26,"key":"Pantograph"},{"floor":31,"key":"Question Card"},{"floor":37,"key":"Tiny Chest"},{"floor":43,"key":"Prayer Wheel"},{"floor":44,"key":"Anchor"}],"event_choices":[{"damage_healed":0,"gold_gain":0,"cards_transformed":["Strike_B"],"player_choice":"Change","damage_taken":0,"max_hp_gain":0,"max_hp_loss":0,"event_name":"Living Wall","floor":5,"gold_loss":0,"cards_obtained":["White Noise"]},{"damage_healed":0,"gold_gain":0,"player_choice":"Entered Light","damage_taken":15,"max_hp_gain":0,"max_hp_loss":0,"event_name":"Shining Light","floor":7,"gold_loss":0,"cards_upgraded":["Defend_B","Defend_B"]},{"damage_healed":0,"gold_gain":0,"player_choice":"Got Potions","damage_taken":0,"max_hp_gain":0,"max_hp_loss":0,"event_name":"Lab","floor":19,"gold_loss":0},{"damage_healed":0,"gold_gain":0,"cards_transformed":["Strike_B"],"player_choice":"Transformed","damage_taken":0,"max_hp_gain":0,"max_hp_loss":0,"event_name":"Transmorgrifier","floor":30,"gold_loss":0,"cards_obtained":["Thunder Strike"]},{"cards_removed":["Sweeping Beam"],"damage_healed":0,"gold_gain":0,"player_choice":"Removed Attack","damage_taken":0,"max_hp_gain":0,"max_hp_loss":0,"event_name":"Falling","floor":38,"gold_loss":0},{"damage_healed":0,"gold_gain":0,"player_choice":"Memory 1","damage_taken":0,"max_hp_gain":0,"max_hp_loss":0,"event_name":"SensoryStone","floor":42,"gold_loss":0}],"is_beta":false,"boss_relics":[{"not_picked":["Snecko Eye","Runic Dome","Fusion Hammer"]},{"not_picked":["Lizard Tail","Coffee Dripper"],"picked":"White Beast Statue"}],"items_purged_floors":[20,28,39],"is_endless":false,"potions_floor_spawned":[2,13,14,21,25,35,41,44,45],"killed_by":"3 Darklings","ascension_level":0}