{"gold_per_floor":[115,115,130,130,146,174,174,21,21,21,21,21,50,66,66,167,167,185,200,200,28,40,66,85,85,154,188,188,199,212,212,212,315,315,333,344,360,360,11,43,43,54,54,71,9,21,55,72,72,72],"floor_reached":51,"playtime":4254,"items_purged":[],"score":759,"play_id":"59d2a362-cac1-4974-8a4c-1321cbec4acf","local_time":"20180701162831","is_ascension_mode":false,"campfire_choices":[{"floor":7,"key":"DIG"},{"floor":10,"key":"DIG"},{"floor":12,"key":"DIG"},{"floor":15,"key":"DIG"},{"floor":25,"key":"DIG"},{"floor":28,"key":"REST"},{"floor":32,"key":"DIG"},{"floor":41,"key":"DIG"},{"floor":49,"key":"REST"}],"neow_cost":"NONE","seed_source_timestamp":18380856566509,"circlet_count":0,"master_deck":["Strike_B+1","Strike_B+1","Strike_B+1","Defend_B+1","Defend_B+1","Defend_B+1","Defend_B+1","Zap+1","Dualcast+1","Ball Lightning","Coolheaded","Darkness","Cold Snap","Ball Lightning","Rainbow","Self Repair+1","Redo","Multi-Cast","Barrage+1","Beam Cell","Loop+1","Capacitor+1","Machine Learning+1","Hologram+1","Chaos","Go for the Eyes+1","Tempest+1","Double Energy+1","Apotheosis+1","Beam Cell","Static Discharge+1","Compile Driver+1","Ball Lightning+1"],"relics":["Cracked Core","Bag of Preparation","Shovel","Pear","Frozen Egg 2","The Courier","Matryoshka","Meat on the Bone","War Paint","Busted Crown","Regal Pillow","DataDisk","Dodecahedron","Torii","Vajra","Kunai","Letter Opener","Sundial","Fusion Hammer","Toxic Egg 2","Peace Pipe","Potion Belt","Omamori","Bottled Lightning","Emotion Chip"],"potions_floor_usage":[23,27,27,27,37,40,46,47,47,47,50,50,50,50,50,50],"damage_taken":[{"damage":0,"enemies":"Small Slimes","floor":1,"turns":3},{"damage":0,"enemies":"Cultist","floor":3,"turns":4},{"damage":0,"enemies":"2 Louse","floor":5,"turns":3},{"damage":22,"enemies":"Lagavulin","floor":6,"turns":7},{"damage":9,"enemies":"3 Sentries","floor":13,"turns":4},{"damage":10,"enemies":"Blue Slaver","floor":14,"turns":3},{"damage":19,"enemies":"The Guardian","floor":16,"turns":8},{"damage":1,"enemies":"Spheric Guardian","floor":18,"turns":3},{"damage":13,"enemies":"2 Thieves","floor":19,"turns":3},{"damage":12,"enemies":"Chosen and Byrds","floor":22,"turns":6},{"damage":25,"enemies":"Book of Stabbing","floor":23,"turns":5},{"damage":10,"enemies":"Cultist and Chosen","floor":24,"turns":3},{"damage":38,"enemies":"Slavers","floor":27,"turns":5},{"damage":12,"enemies":"Centurion and Healer","floor":29,"turns":3},{"damage":18,"enemies":"Sentry and Sphere","floor":30,"turns":4},{"damage":57,"enemies":"Collector","floor":33,"turns":7},{"damage":18,"enemies":"3 Shapes","floor":35,"turns":4},{"damage":1,"enemies":"Orb Walker","floor":36,"turns":3},{"damage":12,"enemies":"Sphere and 2 Shapes","floor":37,"turns":4},{"damage":39,"enemies":"2 Orb Walkers","floor":40,"turns":4},{"damage":1,"enemies":"4 Shapes","floor":42,"turns":3},{"damage":2,"enemies":"3 Darklings","floor":44,"turns":4},{"damage":13,"enemies":"Sphere and 2 Shapes","floor":46,"turns":4},{"damage":7,"enemies":"Nemesis","floor":47,"turns":3},{"damage":15,"enemies":"4 Shapes","floor":48,"turns":2},{"damage":57,"enemies":"Time Eater","floor":50,"turns":7}],"seed_played":"-1560290413162615880","potions_obtained":[{"floor":5,"key":"FearPotion"},{"floor":14,"key":"SpeedPotion"},{"floor":16,"key":"FearPotion"},{"floor":19,"key":"SkillPotion"},{"floor":23,"key":"Dexterity Potion"},{"floor":33,"key":"GamblersBrew"},{"floor":37,"key":"Explosive Potion"},{"floor":38,"key":"Energy Potion"},{"floor":38,"key":"EntropicBrew"},{"floor":40,"key":"GamblersBrew"},{"floor":42,"key":"Energy Potion"},{"floor":44,"key":"GamblersBrew"}],"is_trial":false,"path_per_floor":["M","?","M","?","M","E","R","$","T","R","$","R","E","M","R","B",null,"M","M","?","$","M","E","M","R","T","E","R","M","M","?","R","B",null,"M","M","M","?","$","E","R","M","T","M","$","M","E","M","R","B"],"character_chosen":"DEFECT","items_purchased":["Rainbow","DataDisk","Loop+1","Toxic Egg 2","Apotheosis","Static Discharge+1"],"campfire_rested":2,"item_purchase_floors":[8,21,21,39,39,45],"current_hp_per_floor":[75,75,75,60,60,38,48,48,48,48,48,48,39,51,51,44,85,85,82,82,82,80,65,65,65,65,49,85,83,75,75,75,40,85,77,85,83,83,83,54,54,53,53,61,61,58,61,46,85,50],"gold":72,"neow_bonus":"RANDOM_COMMON_RELIC","is_prod":false,"is_daily":false,"chose_seed":false,"campfire_upgraded":0,"win_rate":0,"timestamp":1530476911,"path_taken":["M","?","M","?","?","E","R","$","T","R","$","R","E","M","R","BOSS","M","?","?","$","M","E","M","R","T","E","R","M","M","?","R","BOSS","M","M","?","?","?","E","R","M","T","M","$","M","E","M","R","BOSS"],"build_version":"2018-06-28","purchased_purges":0,"victory":true,"max_hp_per_floor":[75,75,75,75,75,75,85,85,85,85,85,85,85,85,85,85,85,85,85,85,85,85,85,85,85,85,85,85,85,85,85,85,85,85,85,85,85,85,85,85,85,85,85,85,85,85,85,85,85,85],"card_choices":[{"not_picked":["Sweeping Beam","Gash"],"picked":"Ball Lightning","floor":1},{"not_picked":["Cold Snap","Leap"],"picked":"Darkness","floor":3},{"not_picked":["Rebound","Tempest"],"picked":"Cold Snap","floor":5},{"not_picked":["Force Field","Melter"],"picked":"Ball Lightning","floor":6},{"not_picked":["Lockon","Go for the Eyes"],"picked":"Self Repair+1","floor":13},{"not_picked":["Genetic Algorithm","Undo"],"picked":"Redo","floor":14},{"not_picked":["Machine Learning+1","Core Surge"],"picked":"Multi-Cast","floor":16},{"not_picked":[],"picked":"Barrage+1","floor":18},{"not_picked":[],"picked":"Beam Cell","floor":19},{"not_picked":[],"picked":"Capacitor+1","floor":22},{"not_picked":[],"picked":"Machine Learning+1","floor":23},{"not_picked":["Steam"],"picked":"SKIP","floor":24},{"not_picked":[],"picked":"Hologram+1","floor":27},{"not_picked":[],"picked":"Chaos","floor":29},{"not_picked":[],"picked":"Go for the Eyes+1","floor":30},{"not_picked":[],"picked":"Tempest+1","floor":35},{"not_picked":["Streamline"],"picked":"SKIP","floor":36},{"not_picked":[],"picked":"Double Energy+1","floor":37},{"not_picked":["Streamline+1"],"picked":"SKIP","floor":40},{"not_picked":[],"picked":"Beam Cell","floor":42},{"not_picked":["Compile Driver"],"picked":"SKIP","floor":44},{"not_picked":[],"picked":"Compile Driver+1","floor":46},{"not_picked":["Reprogram+1"],"picked":"SKIP","floor":47},{"not_picked":[],"picked":"Ball Lightning+1","floor":48}],"player_experience":169829,"relics_obtained":[{"floor":6,"key":"Shovel"},{"floor":7,"key":"Pear"},{"floor":9,"key":"Frozen Egg 2"},{"floor":10,"key":"The Courier"},{"floor":12,"key":"Matryoshka"},{"floor":13,"key":"Meat on the Bone"},{"floor":15,"key":"War Paint"},{"floor":23,"key":"Dodecahedron"},{"floor":25,"key":"Torii"},{"floor":26,"key":"Vajra"},{"floor":26,"key":"Kunai"},{"floor":27,"key":"Letter Opener"},{"floor":32,"key":"Sundial"},{"floor":40,"key":"Peace Pipe"},{"floor":41,"key":"Potion Belt"},{"floor":43,"key":"Omamori"},{"floor":43,"key":"Bottled Lightning"},{"floor":47,"key":"Emotion Chip"}],"event_choices":[{"event_name":"Transmorgrifier","player_choice":"Transform","floor":2,"damage_taken":0},{"event_name":"Shining Light","player_choice":"Entered Light","floor":4,"damage_taken":0},{"event_name":"The Mausoleum","player_choice":"Yes","floor":20,"damage_taken":0},{"event_name":"Back to Basics","player_choice":"Simplicity","floor":31,"damage_taken":0},{"event_name":"The Lab","player_choice":"Got Potions","floor":38,"damage_taken":0}],"boss_relics":[{"not_picked":["Snecko Eye","Philosopher\u0027s Stone"],"picked":"Busted Crown"},{"not_picked":["Sozu","Runic Pyramid"],"picked":"Fusion Hammer"}],"items_purged_floors":[],"is_endless":false,"potions_floor_spawned":[5,14,16,19,23,33,37,40,42,44],"ascension_level":0}