{"gold_per_floor":[116,6,6,6,42,42,91,91,91,134,177,177,177,235,235,335,335,376,418,436,436,436,436,480,523,548,548,276,290,6,33,33,33],"floor_reached":33,"playtime":1655,"items_purged":["Strike_B","Gash"],"score":398,"play_id":"55c4736c-980d-4430-ad69-87e285bc823d","local_time":"20190117192102","is_ascension_mode":true,"campfire_choices":[{"data":"Zap","floor":6,"key":"SMITH"},{"data":"HandOfGreed","floor":8,"key":"SMITH"},{"floor":13,"key":"REST"},{"floor":15,"key":"REST"},{"floor":23,"key":"REST"},{"floor":32,"key":"REST"}],"neow_cost":"","seed_source_timestamp":695925908186090,"circlet_count":0,"master_deck":["Strike_B","Strike_B","Strike_B","Defend_B","Defend_B","Defend_B","Defend_B","Zap+1","Dualcast","ReplayGash","HandOfGreed+1","Leap","ReplayGash","Regret","ReplayGash","Steam","BootSequence","BasicCrystalCard","Streamline","Thunder Strike","Sunder","ReplayGash","ReplayTheSpireMod:GoodbyeWorld","Mayhem","Storm","Apotheosis","Mayhem","Sadistic Nature"],"relics":["Cracked Core","Pocketwatch","Potion Belt","ReplayTheSpireMod:TigerMarble","Anchor","Geode","Honey Jar","Lantern","ReplayTheSpireMod:Multitool","Blue Doll","ReplayTheSpireMod:ShopPack","Smiling Mask"],"potions_floor_usage":[33,33,33,33],"damage_taken":[{"damage":5,"enemies":"Cultist","floor":1,"turns":4},{"damage":1,"enemies":"2 Louse","floor":5,"turns":3},{"damage":20,"enemies":"3 Sentries","floor":7,"turns":6},{"damage":0,"enemies":"Small Slimes","floor":10,"turns":3},{"damage":0,"enemies":"Blue Slaver","floor":11,"turns":2},{"damage":14,"enemies":"Lagavulin","floor":14,"turns":4},{"damage":32,"enemies":"Hexaghost","floor":16,"turns":8},{"damage":11,"enemies":"Spheric Guardian","floor":18,"turns":4},{"damage":14,"enemies":"Shell Parasite","floor":19,"turns":6},{"damage":1,"enemies":"Snake Plant","floor":20,"turns":3},{"damage":18,"enemies":"Snecko","floor":24,"turns":5},{"damage":24,"enemies":"Shelled Parasite and Fungi","floor":25,"turns":6},{"damage":1,"enemies":"Snake Plant","floor":29,"turns":4},{"damage":62,"enemies":"Collector","floor":33,"turns":7}],"seed_played":"785321746969395698","potions_obtained":[{"floor":5,"key":"Languid Potion"},{"floor":10,"key":"Block Potion"},{"floor":16,"key":"Flashbang"},{"floor":19,"key":"Adrenaline Potion"},{"floor":20,"key":"FearPotion"},{"floor":24,"key":"SteroidPotion"}],"is_trial":false,"path_per_floor":["M","$","?","?","M","R","E","R","T","M","M","?","R","E","R","B",null,"M","M","M","?","?","R","M","M","T","T","$","M","$","T","R","B"],"character_chosen":"DEFECT","items_purchased":["ReplayGash","HandOfGreed","ReplayGash","Mayhem","Blue Doll","ReplayTheSpireMod:ShopPack"],"campfire_rested":4,"item_purchase_floors":[0,0,2,28,30,30],"current_hp_per_floor":[62,62,62,62,61,61,41,41,41,41,41,38,60,46,68,36,75,64,50,49,35,35,59,41,17,17,17,17,16,16,16,40,0],"gold":33,"neow_bonus":"","is_prod":false,"is_daily":false,"chose_seed":false,"campfire_upgraded":2,"win_rate":0,"timestamp":1547724062,"path_taken":["M","$","?","?","M","R","E","R","T","M","M","?","R","E","R","BOSS","M","M","M","?","?","R","M","M","T","?","$","M","$","?","R","BOSS"],"build_version":"2019-01-10","purchased_purges":2,"victory":false,"max_hp_per_floor":[75,75,75,75,75,75,75,75,75,75,75,75,75,75,75,75,75,75,75,75,80,80,80,80,80,80,80,80,80,80,80,80,80],"card_choices":[{"not_picked":["Aggregate","Sweeping Beam"],"picked":"Leap","floor":1},{"not_picked":["Redo","Steam"],"picked":"ReplayGash","floor":5},{"not_picked":["Force Field","Chaos"],"picked":"Steam","floor":7},{"not_picked":["Compile Driver","Steam"],"picked":"BootSequence","floor":10},{"not_picked":["Rebound","Buffer"],"picked":"BasicCrystalCard","floor":11},{"not_picked":["Steam","Cold Snap"],"picked":"Streamline","floor":14},{"not_picked":["Fission","Core Surge"],"picked":"Thunder Strike","floor":16},{"not_picked":["Reinforced Body+1","Barrage+1","ReplayTheSpireMod:System Scan"],"picked":"Sunder","floor":18},{"not_picked":["Panic Button","Redo","ReplayTheSpireMod:Calculation Training"],"picked":"ReplayGash","floor":19},{"not_picked":["Sunder","Glacier","Chill"],"picked":"Gash","floor":20},{"not_picked":["ReplaySolidLightProjector","Aggregate","Streamline"],"picked":"Gash","floor":24},{"not_picked":["Aggregate","Seek","Coolheaded"],"picked":"ReplayTheSpireMod:GoodbyeWorld","floor":25},{"not_picked":["Cold Snap","BasicCrystalCard","Chaos"],"picked":"Storm","floor":29},{"not_picked":["Secret Technique","Metamorphosis","ReplayTheSpireMod:Brewmster"],"picked":"Apotheosis","floor":30},{"not_picked":["Flash of Steel","Jack Of All Trades","Finesse"],"picked":"Mayhem","floor":30},{"not_picked":["hubris:Ssssneak","Forethought","Replay:Sssssssssshield"],"picked":"Sadistic Nature","floor":30}],"player_experience":123595,"relics_obtained":[{"floor":7,"key":"Potion Belt"},{"floor":9,"key":"ReplayTheSpireMod:TigerMarble"},{"floor":14,"key":"Geode"},{"floor":26,"key":"Lantern"},{"floor":27,"key":"ReplayTheSpireMod:Multitool"},{"floor":31,"key":"Smiling Mask"}],"event_choices":[{"damage_healed":0,"gold_gain":0,"player_choice":"Box","damage_taken":0,"relics_obtained":["Pocketwatch"],"max_hp_gain":0,"max_hp_loss":0,"event_name":"Big Fish","floor":3,"gold_loss":0,"cards_obtained":["Regret"]},{"damage_healed":0,"gold_gain":0,"player_choice":"Success","damage_taken":3,"relics_obtained":["Anchor"],"max_hp_gain":0,"max_hp_loss":0,"event_name":"Scrap Ooze","floor":12,"gold_loss":0},{"damage_healed":0,"gold_gain":0,"player_choice":"Shed Blood","damage_taken":19,"max_hp_gain":5,"max_hp_loss":0,"event_name":"Forgotten Altar","floor":21,"gold_loss":0},{"cards_removed":["Gash"],"damage_healed":0,"gold_gain":0,"player_choice":"Elegance","damage_taken":0,"max_hp_gain":0,"max_hp_loss":0,"event_name":"Back to Basics","floor":22,"gold_loss":0}],"is_beta":false,"boss_relics":[{"not_picked":["Eternal Feather","Runic Pyramid"],"picked":"Honey Jar"}],"items_purged_floors":[2,28],"is_endless":false,"potions_floor_spawned":[5,10,16,19,20,24],"killed_by":"Collector","ascension_level":1}