{"gold_per_floor":[110,126,126,144,159,191,3788,3788,3788,3788,2545,2555,2555,2570,2570,2666,2666,2682,2701,2701,1770,1770,1770,837,854,880,905,917,917,931,943,943,1048,1048,1061,4331,4348,3859,3877,3877,3908,3908,3984,3984,3998,3998,4014,4043,4043,4043,4043,4043,3618,3650,3650],"floor_reached":55,"playtime":3364,"items_purged":["Regret","Parasite"],"score":899,"play_id":"fa1bb400-0055-47c6-86df-57f58aaf34cb","local_time":"20190209201551","is_ascension_mode":false,"campfire_choices":[{"floor":8,"key":"RECALL"},{"floor":10,"key":"REST"},{"data":"Infinite Blades","floor":13,"key":"SMITH"},{"data":"Bouncing Flask","floor":15,"key":"SMITH"},{"data":"Outmaneuver","floor":23,"key":"SMITH"},{"data":"Bouncing Flask","floor":29,"key":"SMITH"},{"data":"Survivor","floor":32,"key":"SMITH"},{"data":"Corpse Explosion","floor":40,"key":"SMITH"},{"floor":46,"key":"REST"},{"data":"Blur","floor":49,"key":"SMITH"},{"data":"Thinking Ahead","floor":52,"key":"SMITH"}],"neow_cost":"NONE","seed_source_timestamp":71436953271800,"circlet_count":0,"master_deck":["Defend_G","Defend_G","Defend_G","Defend_G","Defend_G","Strike_G+1","Strike_G+1","Survivor+1","Neutralize","Tools of the Trade","Backstab","Poisoned Stab","Sucker Punch","Flying Knee","Bouncing Flask+1","Backflip","Infinite Blades+1","Blur+1","Finisher","Glass Knife","Mind Blast","Thinking Ahead+1","Predator","Endless Agony","Leg Sweep","Outmaneuver+1","Well Laid Plans","Master of Strategy","Trip","Masterful Stab","PiercingWail","Adrenaline","Escape Plan+1","Reflex+1","PiercingWail+1","Dagger Throw","Accuracy","Quick Slash","Dagger Throw","Deadly Poison","Accuracy","Mayhem","Discovery","Riddle With Holes","Jack Of All Trades","Chrysalis","Bouncing Flask+1","Outmaneuver","Dagger Spray","Dagger Spray","Deflect","Footwork","Cloak And Dagger+1","Noxious Fumes+1","Corpse Explosion+1","Backstab","Dark Shackles","Eviscerate","Panache","Flying Knee","Outmaneuver","Footwork","Bane","Slice","Finesse+1","Prepared+1","After Image","Dodge and Roll+1","Bane+1","Writhe","Master of Strategy+1","Good Instincts+1","Mind Blast+1","Accuracy","Underhanded Strike+1","Deflect+1","Slice+1","Flechettes+1","Dagger Throw+1","PiercingWail+1","Outmaneuver+1","Deep Breath+1","Underhanded Strike+1"],"relics":["Ring of the Snake","Pantograph","Whetstone","Lantern","Boot","HandDrill","Incense Burner","Anchor","Lee\u0027s Waffle","Astrolabe","Tiny Chest","Regal Pillow","Medical Kit","Darkstone Periapt","Membership Card","Ninja Scroll","Bottled Tornado","Juzu Bracelet","Mercury Hourglass","Busted Crown","Nunchaku","Toxic Egg 2","TheAbacus","Centennial Puzzle","Molten Egg 2","ClockworkSouvenir","Dream Catcher","Gremlin Horn","Bottled Lightning","Snake Skull","Orichalcum","Bag of Preparation"],"potions_floor_usage":[6,31,33,33,37,39,39,41,45,50,50,55,55],"damage_taken":[{"damage":2,"enemies":"2 Louse","floor":1,"turns":3},{"damage":0,"enemies":"Small Slimes","floor":2,"turns":3},{"damage":4,"enemies":"Cultist","floor":4,"turns":4},{"damage":2,"enemies":"3 Louse","floor":5,"turns":3},{"damage":27,"enemies":"Gremlin Nob","floor":6,"turns":4},{"damage":0,"enemies":"Blue Slaver","floor":12,"turns":1},{"damage":0,"enemies":"Looter","floor":14,"turns":1},{"damage":2,"enemies":"Hexaghost","floor":16,"turns":6},{"damage":4,"enemies":"2 Thieves","floor":18,"turns":4},{"damage":5,"enemies":"3 Byrds","floor":19,"turns":5},{"damage":18,"enemies":"Centurion and Healer","floor":25,"turns":5},{"damage":0,"enemies":"Gremlin Leader","floor":27,"turns":6},{"damage":5,"enemies":"Cultist and Chosen","floor":28,"turns":5},{"damage":0,"enemies":"3 Cultists","floor":30,"turns":4},{"damage":0,"enemies":"Sentry and Sphere","floor":31,"turns":3},{"damage":53,"enemies":"Automaton","floor":33,"turns":9},{"damage":9,"enemies":"Orb Walker","floor":35,"turns":3},{"damage":19,"enemies":"3 Darklings","floor":37,"turns":6},{"damage":3,"enemies":"Writhing Mass","floor":39,"turns":5},{"damage":31,"enemies":"Giant Head","floor":41,"turns":6},{"damage":0,"enemies":"Transient","floor":45,"turns":5},{"damage":12,"enemies":"Spire Growth","floor":47,"turns":3},{"damage":0,"enemies":"Reptomancer","floor":48,"turns":4},{"damage":38,"enemies":"Donu and Deca","floor":50,"turns":8},{"damage":25,"enemies":"Shield and Spear","floor":54,"turns":3},{"damage":98,"enemies":"The Heart","floor":55,"turns":5}],"seed_played":"-3226623776797005509","potions_obtained":[{"floor":1,"key":"EssenceOfSteel"},{"floor":4,"key":"Fire Potion"},{"floor":6,"key":"SteroidPotion"},{"floor":12,"key":"Explosive Potion"},{"floor":14,"key":"Block Potion"},{"floor":16,"key":"SkillPotion"},{"floor":18,"key":"AttackPotion"},{"floor":41,"key":"AttackPotion"},{"floor":47,"key":"PowerPotion"},{"floor":48,"key":"Ancient Potion"}],"is_trial":false,"path_per_floor":["M","M","?","M","M","E","$","R","T","R","$","M","R","M","R","B",null,"M","M","?","$","?","R","$","M","T","E","M","R","M","M","R","B",null,"M","$","M","$","M","R","E","?","T","?","M","R","M","E","R","B",null,"R","$","E","B"],"character_chosen":"THE_SILENT","items_purchased":["Backflip","Infinite Blades","Blur","Finisher","Glass Knife","Mind Blast","Thinking Ahead","Lantern","Boot","HandDrill","Block Potion","Incense Burner","Anchor","Lee\u0027s Waffle","Predator","Endless Agony","Leg Sweep","Outmaneuver","Well Laid Plans","Master of Strategy","Trip","Tiny Chest","Regal Pillow","Medical Kit","Quick Slash","Dagger Throw","Deadly Poison","Accuracy","Mayhem","Discovery","Riddle With Holes","Jack Of All Trades","Chrysalis","Bouncing Flask","Outmaneuver","Dagger Spray","Membership Card","Ninja Scroll","Bottled Tornado","Dark Shackles","Eviscerate","Panache","Flying Knee","Outmaneuver","Footwork","Nunchaku","Toxic Egg 2","TheAbacus","GhostInAJar","PowerPotion","EssenceOfSteel","Slice","Finesse+1","Prepared+1","After Image","Centennial Puzzle","Molten Egg 2","ClockworkSouvenir","GhostInAJar","Flechettes+1","Dagger Throw+1","PiercingWail+1","Outmaneuver+1","Deep Breath+1","Snake Skull","Orichalcum","Regen Potion","SpeedPotion","Energy Potion"],"campfire_rested":2,"item_purchase_floors":[7,7,7,7,7,7,7,7,7,7,7,11,11,11,11,11,11,11,11,11,11,21,21,21,21,21,21,21,21,21,24,24,24,24,24,24,24,24,24,36,36,36,36,36,36,36,36,36,36,36,36,38,38,38,38,38,38,38,38,53,53,53,53,53,53,53,53,53,53],"current_hp_per_floor":[68,68,68,64,62,35,35,35,35,56,77,77,77,77,77,75,77,73,68,68,68,68,68,68,50,50,50,45,45,45,45,45,17,77,68,68,49,49,52,52,21,48,48,38,38,79,67,67,67,51,89,89,86,61,0],"gold":3650,"neow_bonus":"ONE_RANDOM_RARE_CARD","is_prod":false,"is_daily":false,"chose_seed":false,"campfire_upgraded":8,"win_rate":0,"timestamp":1549714551,"path_taken":["M","M","?","M","M","E","$","R","T","R","$","M","R","M","R","BOSS","M","M","?","$","?","R","$","M","T","E","M","R","M","M","R","BOSS","M","$","M","$","M","R","E","?","T","?","M","R","M","E","R","BOSS","R","$","E","BOSS"],"build_version":"2019-01-23","purchased_purges":2,"victory":false,"max_hp_per_floor":[70,70,70,70,70,70,70,70,70,70,77,77,77,77,77,77,77,77,77,77,77,77,77,77,77,77,77,77,77,77,77,77,77,77,77,77,77,77,83,83,83,89,89,89,89,89,89,89,89,89,89,89,86,86,86],"card_choices":[{"not_picked":["Tactician","Calculated Gamble"],"picked":"Backstab","floor":1},{"not_picked":["Eviscerate","Finisher"],"picked":"Poisoned Stab","floor":2},{"not_picked":["Dodge and Roll","Underhanded Strike"],"picked":"Sucker Punch","floor":4},{"not_picked":["Underhanded Strike","Acrobatics"],"picked":"Flying Knee","floor":5},{"not_picked":["Skewer","Quick Slash"],"picked":"Bouncing Flask","floor":6},{"not_picked":["Predator","Escape Plan"],"picked":"Masterful Stab","floor":12},{"not_picked":["Tools of the Trade","Acrobatics"],"picked":"PiercingWail","floor":14},{"not_picked":["Storm of Steel","Unload"],"picked":"Adrenaline","floor":16},{"not_picked":["Distraction","Flying Knee"],"picked":"Dagger Throw","floor":18},{"not_picked":["Infinite Blades","Caltrops"],"picked":"Accuracy","floor":19},{"not_picked":["Backstab","Acrobatics"],"picked":"Dagger Spray","floor":25},{"not_picked":["Prepared","Endless Agony"],"picked":"Deflect","floor":27},{"not_picked":["Well Laid Plans","Outmaneuver"],"picked":"Footwork","floor":28},{"not_picked":["Underhanded Strike","Backflip"],"picked":"Cloak And Dagger+1","floor":30},{"not_picked":["All Out Attack","Bane+1"],"picked":"Noxious Fumes+1","floor":31},{"not_picked":["Venomology","Malaise"],"picked":"Corpse Explosion","floor":33},{"not_picked":[],"picked":"Backstab","floor":35},{"not_picked":[],"picked":"Bane","floor":37},{"not_picked":[],"picked":"Dodge and Roll+1","floor":39},{"not_picked":[],"picked":"Bane+1","floor":41},{"not_picked":[],"picked":"Master of Strategy+1","floor":44},{"not_picked":[],"picked":"Good Instincts+1","floor":44},{"not_picked":[],"picked":"Mind Blast+1","floor":44},{"not_picked":[],"picked":"Accuracy","floor":45},{"not_picked":[],"picked":"Underhanded Strike+1","floor":46},{"not_picked":[],"picked":"Deflect+1","floor":47},{"not_picked":[],"picked":"Slice+1","floor":48},{"not_picked":[],"picked":"Underhanded Strike+1","floor":54}],"player_experience":28580,"relics_obtained":[{"floor":6,"key":"Whetstone"},{"floor":22,"key":"Darkstone Periapt"},{"floor":26,"key":"Juzu Bracelet"},{"floor":27,"key":"Mercury Hourglass"},{"floor":41,"key":"Dream Catcher"},{"floor":43,"key":"Gremlin Horn"},{"floor":48,"key":"Bottled Lightning"},{"floor":54,"key":"Bag of Preparation"}],"event_choices":[{"damage_healed":0,"gold_gain":0,"player_choice":"Box","damage_taken":0,"relics_obtained":["Pantograph"],"max_hp_gain":0,"max_hp_loss":0,"event_name":"Big Fish","floor":3,"gold_loss":0,"cards_obtained":["Regret"]},{"damage_healed":0,"gold_gain":0,"player_choice":"Ignored","damage_taken":0,"max_hp_gain":0,"max_hp_loss":0,"event_name":"Beggar","floor":20,"gold_loss":0},{"damage_healed":0,"gold_gain":0,"player_choice":"Relic","damage_taken":0,"max_hp_gain":0,"max_hp_loss":0,"event_name":"Wheel of Change","floor":22,"gold_loss":0},{"damage_healed":21,"gold_gain":0,"player_choice":"Writhe","damage_taken":0,"max_hp_gain":0,"max_hp_loss":0,"event_name":"Winding Halls","floor":42,"gold_loss":0,"cards_obtained":["Writhe"]},{"damage_healed":0,"gold_gain":0,"player_choice":"Memory 3","damage_taken":10,"max_hp_gain":0,"max_hp_loss":0,"event_name":"SensoryStone","floor":44,"gold_loss":0}],"is_beta":false,"boss_relics":[{"not_picked":["Lizard Tail","White Beast Statue"],"picked":"Astrolabe"},{"not_picked":["WristBlade","Fusion Hammer"],"picked":"Busted Crown"}],"items_purged_floors":[7,53],"is_endless":false,"potions_floor_spawned":[1,4,6,12,14,16,18,19,25,28,30,41,47,48],"killed_by":"The Heart","ascension_level":0}