{"gold_per_floor":[364,384,105,105,105,105,128,128,128,153,164,214,246,260,260,331,331,331,331,331,331,331,331,0,0,0,0,0,0,0,0,0,0,0,0,0,0,0,0,0,0,0,0,0,0,0,0,0,0,0,0,0,0,0,0,0],"floor_reached":57,"playtime":12263,"items_purged":["Strike_R"],"score":2901,"play_id":"26fe569c-897d-40f2-bdfd-d4788af4319b","local_time":"20190209003514","is_ascension_mode":true,"campfire_choices":[{"data":"Combust","floor":6.0,"key":"SMITH"},{"floor":8.0,"key":"REST"},{"data":"Whirlwind","floor":15.0,"key":"SMITH"},{"data":"Metallicize","floor":23.0,"key":"SMITH"},{"data":"Uppercut","floor":32.0,"key":"SMITH"},{"data":"Metallicize","floor":40,"key":"SMITH"},{"floor":46,"key":"RECALL"},{"data":"Bash","floor":49,"key":"SMITH"},{"data":"Shrug It Off","floor":53,"key":"SMITH"}],"neow_cost":"TEN_PERCENT_HP_LOSS","seed_source_timestamp":96360296764815,"circlet_count":0,"master_deck":["AscendersBane","Strike_R","Strike_R","Strike_R","Defend_R+1","Defend_R+1","Defend_R","Defend_R+1","Bash+1","Shrug It Off+1","Metallicize+1","Shockwave+1","Rampage","Combust+1","Whirlwind+1","Warcry+1","Feed","Anger","Spot Weakness+1","Necronomicurse","Offering+1","Metallicize+1","Spot Weakness+1","Ghostly+1","Ghostly+1","Ghostly+1","Disarm+1","Uppercut+1","Limit Break+1","Burning Pact+1","Power Through+1","Battle Trance+1","Impervious+1","Barricade+1","Feel No Pain+1"],"special_seed":0,"relics":["Burning Blood","Odd Mushroom","Toxic Egg 2","Orichalcum","Ancient Tea Set","Ectoplasm","Red Mask","Necronomicon","Bag of Preparation","Omamori","Prayer Wheel","Sundial","Gremlin Horn","Eternal Feather","War Paint","Frozen Egg 2","Art of War","Potion Belt","Incense Burner"],"potions_floor_usage":[38,41,41,56,56],"damage_taken":[{"damage":13.0,"enemies":"Jaw Worm","floor":1.0,"turns":5.0},{"damage":6.0,"enemies":"Small Slimes","floor":2.0,"turns":4.0},{"damage":11.0,"enemies":"The Mushroom Lair","floor":7.0,"turns":5.0},{"damage":12.0,"enemies":"Lagavulin","floor":10.0,"turns":7.0},{"damage":1.0,"enemies":"2 Louse","floor":11.0,"turns":3.0},{"damage":9.0,"enemies":"Gremlin Nob","floor":13.0,"turns":4.0},{"damage":0.0,"enemies":"Looter","floor":14.0,"turns":4.0},{"damage":38.0,"enemies":"Hexaghost","floor":16.0,"turns":9.0},{"damage":0.0,"enemies":"3 Byrds","floor":18.0,"turns":3.0},{"damage":0.0,"enemies":"Masked Bandits","floor":19.0,"turns":2.0},{"damage":8.0,"enemies":"Shell Parasite","floor":20.0,"turns":5.0},{"damage":16.0,"enemies":"Shelled Parasite and Fungi","floor":21.0,"turns":5.0},{"damage":3.0,"enemies":"Gremlin Leader","floor":25.0,"turns":3.0},{"damage":18.0,"enemies":"Book of Stabbing","floor":28.0,"turns":4.0},{"damage":1.0,"enemies":"Centurion and Healer","floor":29.0,"turns":3.0},{"damage":0.0,"enemies":"Sentry and Sphere","floor":31.0,"turns":4.0},{"damage":3.0,"enemies":"Automaton","floor":33.0,"turns":8.0},{"damage":0.0,"enemies":"3 Darklings","floor":35.0,"turns":1.0},{"damage":1.0,"enemies":"Orb Walker","floor":36.0,"turns":4.0},{"damage":20,"enemies":"Spire Growth","floor":38,"turns":5},{"damage":23,"enemies":"Nemesis","floor":41,"turns":13},{"damage":6,"enemies":"Transient","floor":42,"turns":6},{"damage":10,"enemies":"Giant Head","floor":45,"turns":7},{"damage":10,"enemies":"Nemesis","floor":47,"turns":5},{"damage":6,"enemies":"Sphere and 2 Shapes","floor":48,"turns":5},{"damage":17,"enemies":"Donu and Deca","floor":50,"turns":6},{"damage":35,"enemies":"Awakened One","floor":51,"turns":8},{"damage":38,"enemies":"Shield and Spear","floor":55,"turns":9},{"damage":13,"enemies":"The Heart","floor":56,"turns":12}],"seed_played":"1032991614190171521","potions_obtained":[{"floor":11.0,"key":"BloodPotion"},{"floor":14.0,"key":"Explosive Potion"},{"floor":16.0,"key":"Block Potion"},{"floor":19.0,"key":"Explosive Potion"},{"floor":20.0,"key":"Fire Potion"},{"floor":31.0,"key":"EssenceOfSteel"},{"floor":36.0,"key":"GamblersBrew"},{"floor":38,"key":"EssenceOfSteel"},{"floor":42,"key":"Dexterity Potion"},{"floor":47,"key":"Energy Potion"},{"floor":55,"key":"GamblersBrew"}],"is_trial":false,"path_per_floor":["M","M","$","?","?","R","?","R","T","E","M","?","E","M","R","B",null,"M","?","M","M","?","R","$","E","T","?","E","M","T","M","R","B",null,"M","M","?","M","?","R","E","M","T","T","E","R","E","M","R","B","B",null,"R","$","E","B",null],"character_chosen":"IRONCLAD","items_purchased":["Shockwave","Rampage","Combust","Offering+1","Bag of Preparation","Metallicize"],"campfire_rested":1,"item_purchase_floors":[3,3,3,24,24,24],"current_hp_per_floor":[61,61,61,41,46,46,41,62,62,56,61,61,58,64,64,32,63,72,76,77,70,49,49,49,52,52,41,32,40,40,49,49,50,50,50,50,50,36,46,50,33,33,33,33,29,47,43,46,53,42,13,43,53,53,21,14],"gold":0,"neow_bonus":"TWO_FIFTY_GOLD","is_prod":false,"is_daily":false,"chose_seed":false,"campfire_upgraded":7,"win_rate":0,"timestamp":1549632914,"path_taken":["M","M","$","?","?","R","?","R","T","E","M","?","E","?","R","BOSS","M","?","M","M","?","R","?","E","T","?","E","M","?","M","R","BOSS","M","M","?","?","?","R","E","M","T","?","E","R","E","M","R","BOSS","BOSS","R","$","E","BOSS"],"build_version":"2019-01-23","purchased_purges":1,"victory":true,"max_hp_per_floor":[68,68,68,68,73,73,73,73,73,73,73,73,73,73,73,73,73,76,76,79,82,82,82,82,82,82,41,44,47,47,50,50,50,50,50,50,50,50,50,50,50,50,50,50,50,50,50,53,53,53,53,53,53,53,53,53],"card_choices":[{"not_picked":["Clash","Thunderclap"],"picked":"Shrug It Off","floor":1.0},{"not_picked":["Pommel Strike","Heavy Blade"],"picked":"Metallicize","floor":2.0},{"not_picked":["Flex","Power Through"],"picked":"Whirlwind","floor":7.0},{"not_picked":["Evolve","Demon Form"],"picked":"Warcry+1","floor":10.0},{"not_picked":["Infernal Blade+1","Pommel Strike","Cleave"],"picked":"SKIP","floor":11.0},{"not_picked":["Infernal Blade+1","Pommel Strike","Cleave"],"picked":"SKIP","floor":11.0},{"not_picked":["Havoc+1","Twin Strike","Flex+1"],"picked":"SKIP","floor":13.0},{"not_picked":["Cleave","Reckless Charge","Sever Soul"],"picked":"SKIP","floor":14.0},{"not_picked":["Exhume+1","Bludgeon"],"picked":"Feed","floor":16.0},{"not_picked":["Pummel","Flex+1"],"picked":"Anger","floor":18.0},{"not_picked":["Thunderclap","Anger","Fiend Fire"],"picked":"SKIP","floor":20.0},{"not_picked":["True Grit+1","Armaments+1"],"picked":"Spot Weakness+1","floor":21.0},{"not_picked":["Armaments+1","Pummel"],"picked":"Spot Weakness+1","floor":25.0},{"not_picked":["Iron Wave","Ghostly Armor+1"],"picked":"Disarm+1","floor":28.0},{"not_picked":["Juggernaut","Body Slam"],"picked":"Uppercut","floor":29.0},{"not_picked":["Havoc+1","Sword Boomerang","Wild Strike"],"picked":"SKIP","floor":29.0},{"not_picked":["Flex+1","Carnage","Pommel Strike"],"picked":"SKIP","floor":31.0},{"not_picked":["Pommel Strike","Uppercut","Flex+1"],"picked":"SKIP","floor":31.0},{"not_picked":["Berserk","Demon Form"],"picked":"Limit Break+1","floor":33.0},{"not_picked":["Flex+1","Shockwave+1"],"picked":"Burning Pact+1","floor":35.0},{"not_picked":["Sentinel+1","Dropkick","Second Wind+1"],"picked":"SKIP","floor":35.0},{"not_picked":["Clothesline","Seeing Red+1","Flame Barrier+1"],"picked":"SKIP","floor":36.0},{"not_picked":["Clothesline","Rampage","Sword Boomerang"],"picked":"SKIP","floor":36.0},{"not_picked":["Clothesline","Seeing Red+1","Flame Barrier+1"],"picked":"SKIP","floor":36.0},{"not_picked":["Clothesline","Rampage","Sword Boomerang"],"picked":"SKIP","floor":36.0},{"not_picked":["Clothesline","Seeing Red+1","Flame Barrier+1"],"picked":"SKIP","floor":36.0},{"not_picked":["Clothesline","Rampage","Sword Boomerang"],"picked":"SKIP","floor":36.0},{"not_picked":["Carnage","Anger"],"picked":"Battle Trance+1","floor":38},{"not_picked":["Carnage","Wild Strike","Feed"],"picked":"SKIP","floor":38},{"not_picked":["Armaments+1","Anger","Havoc+1"],"picked":"SKIP","floor":41},{"not_picked":["Havoc+1","Hemokinesis"],"picked":"Impervious+1","floor":42},{"not_picked":["Havoc+1","Twin Strike+1","Ghostly Armor+1"],"picked":"SKIP","floor":42},{"not_picked":["Shockwave+1","Thunderclap"],"picked":"Barricade+1","floor":45},{"not_picked":["Ghostly Armor+1","Sword Boomerang+1","Body Slam"],"picked":"SKIP","floor":47},{"not_picked":["Ghostly Armor+1","Sword Boomerang+1","Body Slam"],"picked":"SKIP","floor":47},{"not_picked":["Pommel Strike","Power Through+1","Ghostly Armor+1"],"picked":"SKIP","floor":48},{"not_picked":["Clash","Iron Wave+1","True Grit+1"],"picked":"SKIP","floor":48},{"not_picked":["Pommel Strike+1","Power Through+1"],"picked":"Feel No Pain+1","floor":55}],"player_experience":721026,"relics_obtained":[{"floor":7.0,"key":"Odd Mushroom"},{"floor":9.0,"key":"Toxic Egg 2"},{"floor":10.0,"key":"Orichalcum"},{"floor":13.0,"key":"Ancient Tea Set"},{"floor":19.0,"key":"Red Mask"},{"floor":22.0,"key":"Necronomicon"},{"floor":25.0,"key":"Omamori"},{"floor":26.0,"key":"Prayer Wheel"},{"floor":28.0,"key":"Sundial"},{"floor":30.0,"key":"Gremlin Horn"},{"floor":41,"key":"War Paint"},{"floor":44,"key":"Frozen Egg 2"},{"floor":45,"key":"Art of War"},{"floor":47,"key":"Potion Belt"},{"floor":55,"key":"Incense Burner"}],"event_choices":[{"damage_healed":0.0,"max_hp_gain":0.0,"max_hp_loss":0.0,"gold_gain":0.0,"event_name":"Shining Light","player_choice":"Entered Light","floor":4.0,"gold_loss":0.0,"damage_taken":20.0,"cards_upgraded":["Shockwave","Defend_R"]},{"damage_healed":0.0,"max_hp_gain":5.0,"max_hp_loss":0.0,"gold_gain":0.0,"event_name":"Big Fish","player_choice":"Donut","floor":5.0,"gold_loss":0.0,"damage_taken":0.0},{"damage_healed":0.0,"max_hp_gain":0.0,"max_hp_loss":0.0,"gold_gain":0.0,"event_name":"Mushrooms","player_choice":"Fought Mushrooms","floor":7.0,"gold_loss":0.0,"damage_taken":0.0},{"damage_healed":0.0,"max_hp_gain":0.0,"max_hp_loss":0.0,"gold_gain":50.0,"event_name":"Golden Shrine","player_choice":"Pray","floor":12.0,"gold_loss":0.0,"damage_taken":0.0},{"damage_healed":0.0,"max_hp_gain":0.0,"max_hp_loss":0.0,"gold_gain":0.0,"event_name":"Masked Bandits","player_choice":"Fought Bandits","floor":19.0,"gold_loss":0.0,"damage_taken":0.0},{"damage_healed":0.0,"max_hp_gain":0.0,"max_hp_loss":0.0,"gold_gain":0.0,"event_name":"Cursed Tome","player_choice":"Obtained Book","floor":22.0,"gold_loss":0.0,"damage_taken":21.0},{"damage_healed":0.0,"max_hp_gain":0.0,"max_hp_loss":41.0,"gold_gain":0.0,"event_name":"Ghosts","player_choice":"Became a Ghost","floor":27.0,"gold_loss":0.0,"damage_taken":0.0,"cards_obtained":["Ghostly","Ghostly","Ghostly"]},{"damage_healed":0.0,"max_hp_gain":0.0,"max_hp_loss":0.0,"gold_gain":0.0,"cards_transformed":["Strike_R"],"event_name":"Transmorgrifier","player_choice":"Transformed","floor":37.0,"gold_loss":0.0,"damage_taken":0.0,"cards_obtained":["Power Through"]},{"damage_healed":10,"gold_gain":0,"player_choice":"Writhe","damage_taken":0,"max_hp_gain":0,"max_hp_loss":0,"event_name":"Winding Halls","floor":39,"gold_loss":0,"cards_obtained":["Writhe"]}],"is_beta":false,"boss_relics":[{"not_picked":["Tiny House","Orrery"],"picked":"Ectoplasm"},{"not_picked":["Runic Cube","Lizard Tail"],"picked":"Eternal Feather"}],"items_purged_floors":[3],"is_endless":false,"potions_floor_spawned":[11,14,16,19,20,21,31,36,38,42,47,55],"ascension_level":20}