{"gold_per_floor":[109,123,123,26,38,38,38,38,38,72,84,9,9,22,22,124,124,139,139,239,250,265,265,91,91,116,116,41,41,140,15,15,119,119,131,57,76,0,0,12,12,29,29,45,60,60,60,36,36,36],"floor_reached":51,"playtime":1067,"items_purged":["Zap","Consume","Dualcast"],"score":668,"play_id":"3a6ef472-220f-42eb-95ae-a6c7c4246b0a","local_time":"20181216224424","is_ascension_mode":false,"campfire_choices":[{"data":"Hyperbeam","floor":6.0,"key":"SMITH"},{"data":"Melter","floor":8.0,"key":"SMITH"},{"data":"Core Surge","floor":13.0,"key":"SMITH"},{"data":"Conserve Battery","floor":15.0,"key":"SMITH"},{"data":"Beam Cell","floor":23.0,"key":"SMITH"},{"data":"Hyperbeam","floor":27.0,"key":"SMITH"},{"data":"Buffer","floor":32.0,"key":"SMITH"},{"data":"Hyperbeam","floor":41.0,"key":"SMITH"},{"data":"Go for the Eyes","floor":47,"key":"SMITH"},{"floor":49,"key":"REST"}],"neow_cost":"NONE","seed_source_timestamp":1553437885354652,"circlet_count":0,"master_deck":["Hyperbeam+1","Ball Lightning","Steam","Melter+1","Conserve Battery+1","Core Surge+1","Hyperbeam+1","Meteor Strike","Steam Power","Go for the Eyes+1","Buffer+1","Beam Cell+1","Echo Form+1","Hyperbeam+1","Auto Shields","Leap","Decay","Steam+1","Leap"],"special_seed":0,"relics":["Cracked Core","Centennial Puzzle","Mummified Hand","Pear","Pandora\u0027s Box","Ice Cream","Frozen Egg 2","Pen Nib","Nuclear Battery","Red Mask","Symbiotic Virus"],"potions_floor_usage":[50,50],"damage_taken":[{"damage":0.0,"enemies":"2 Louse","floor":1.0,"turns":1.0},{"damage":0.0,"enemies":"Jaw Worm","floor":2.0,"turns":3.0},{"damage":0.0,"enemies":"Small Slimes","floor":5.0,"turns":2.0},{"damage":0.0,"enemies":"3 Sentries","floor":10.0,"turns":3.0},{"damage":4.0,"enemies":"Looter","floor":11.0,"turns":2.0},{"damage":0.0,"enemies":"3 Louse","floor":14.0,"turns":1.0},{"damage":42.0,"enemies":"Hexaghost","floor":16.0,"turns":9.0},{"damage":0.0,"enemies":"2 Thieves","floor":18.0,"turns":2.0},{"damage":15.0,"enemies":"Colosseum Slavers","floor":20.0,"turns":2.0},{"damage":16.0,"enemies":"Colosseum Nobs","floor":20.0,"turns":3.0},{"damage":0.0,"enemies":"Spheric Guardian","floor":21.0,"turns":3.0},{"damage":15.0,"enemies":"Shelled Parasite and Fungi","floor":22.0,"turns":2.0},{"damage":32.0,"enemies":"Collector","floor":33.0,"turns":5.0},{"damage":5.0,"enemies":"Orb Walker","floor":35.0,"turns":2.0},{"damage":0.0,"enemies":"3 Darklings","floor":37.0,"turns":2.0},{"damage":2.0,"enemies":"Spire Growth","floor":40.0,"turns":3.0},{"damage":1.0,"enemies":"4 Shapes","floor":42.0,"turns":2.0},{"damage":0,"enemies":"Writhing Mass","floor":44,"turns":3},{"damage":11,"enemies":"Maw","floor":45,"turns":5},{"damage":15,"enemies":"Awakened One","floor":50,"turns":7}],"seed_played":"-8950106729854987453","potions_obtained":[{"floor":2.0,"key":"SteroidPotion"},{"floor":5.0,"key":"Block Potion"},{"floor":14.0,"key":"SkillPotion"},{"floor":37.0,"key":"GamblersBrew"}],"is_trial":false,"path_per_floor":["M","M","?","$","M","R","$","R","T","E","M","$","R","M","R","B",null,"M","?","?","M","M","R","$","?","T","R","?","$","?","$","R","B",null,"M","$","M","?","?","M","R","M","T","M","M","?","R","$","R","B",null],"character_chosen":"DEFECT","items_purchased":["Steam","Melter","Echo Form+1","Auto Shields","Leap"],"campfire_rested":1,"item_purchase_floors":[4,4,24,36,48],"current_hp_per_floor":[75,75,72,72,72,72,72,72,72,82,78,78,78,78,78,36,85,85,85,54,54,39,39,39,39,39,39,39,39,39,39,39,7,85,80,80,80,80,80,78,78,77,77,77,66,66,66,66,85,70],"gold":36,"neow_bonus":"ONE_RANDOM_RARE_CARD","is_prod":false,"is_daily":false,"chose_seed":false,"campfire_upgraded":9,"win_rate":0,"timestamp":1545000264,"path_taken":["M","M","?","$","M","R","$","R","T","E","M","$","R","M","R","BOSS","M","?","?","M","M","R","$","?","T","R","?","$","?","?","R","BOSS","M","?","M","?","?","M","R","M","T","?","M","?","R","$","R","BOSS"],"build_version":"2018-12-13","purchased_purges":3,"victory":true,"max_hp_per_floor":[75,75,75,75,75,75,75,75,75,85,85,85,85,85,85,85,85,85,85,85,85,85,85,85,85,85,85,85,85,85,85,85,85,85,85,85,85,85,85,85,85,85,85,85,85,85,85,85,85,85],"card_choices":[{"not_picked":["Consume","Steam"],"picked":"Ball Lightning","floor":1.0},{"not_picked":["Compile Driver","FTL","Doom and Gloom"],"picked":"SKIP","floor":2.0},{"not_picked":["Go for the Eyes","Recycle"],"picked":"Conserve Battery","floor":5.0},{"not_picked":["Defragment","Melter"],"picked":"Core Surge","floor":10.0},{"not_picked":["Go for the Eyes","White Noise","Storm"],"picked":"SKIP","floor":11.0},{"not_picked":["Aggregate","Barrage","Cold Snap"],"picked":"SKIP","floor":14.0},{"not_picked":["Thunder Strike","Creative AI"],"picked":"Hyperbeam","floor":16.0},{"not_picked":["Coolheaded+1","Steam","Doom and Gloom+1"],"picked":"SKIP","floor":18.0},{"not_picked":["Steam+1","Sunder","Stack"],"picked":"SKIP","floor":21.0},{"not_picked":["Leap","Force Field","Beam Cell"],"picked":"SKIP","floor":22.0},{"not_picked":["Meteor Strike","Amplify"],"picked":"Hyperbeam","floor":33.0},{"not_picked":["Doom and Gloom","Streamline+1","Coolheaded"],"picked":"SKIP","floor":35.0},{"not_picked":["Leap","Ball Lightning","Heatsinks+1"],"picked":"SKIP","floor":37.0},{"not_picked":["Ball Lightning","Heatsinks+1"],"picked":"Leap","floor":37.0},{"not_picked":["Barrage","Stack","Capacitor+1"],"picked":"SKIP","floor":40.0},{"not_picked":["Hello World+1","Sweeping Beam"],"picked":"Steam+1","floor":42.0},{"not_picked":["Darkness+1","Go for the Eyes+1","Reprogram"],"picked":"SKIP","floor":44},{"not_picked":["Doom and Gloom+1","Ball Lightning+1","Rip and Tear"],"picked":"SKIP","floor":45}],"player_experience":888703,"relics_obtained":[{"floor":9.0,"key":"Mummified Hand"},{"floor":10.0,"key":"Pear"},{"floor":20.0,"key":"Ice Cream"},{"floor":20.0,"key":"Frozen Egg 2"},{"floor":26.0,"key":"Pen Nib"},{"floor":43.0,"key":"Symbiotic Virus"}],"event_choices":[{"damage_healed":0.0,"max_hp_gain":0.0,"max_hp_loss":0.0,"gold_gain":0.0,"event_name":"Scrap Ooze","player_choice":"Success","floor":3.0,"gold_loss":0.0,"damage_taken":3.0,"relics_obtained":["Centennial Puzzle"]},{"cards_removed":["Biased Cognition"],"damage_healed":0.0,"max_hp_gain":0.0,"max_hp_loss":0.0,"gold_gain":0.0,"event_name":"Back to Basics","player_choice":"Elegance","floor":19.0,"gold_loss":0.0,"damage_taken":0.0},{"damage_healed":0.0,"max_hp_gain":0.0,"max_hp_loss":0.0,"gold_gain":0.0,"event_name":"Colosseum","player_choice":"Fight","floor":20.0,"gold_loss":0.0,"damage_taken":0.0},{"damage_healed":0.0,"max_hp_gain":0.0,"max_hp_loss":0.0,"gold_gain":0.0,"event_name":"Colosseum","player_choice":"Fought Nobs","floor":20.0,"gold_loss":0.0,"damage_taken":0.0},{"damage_healed":0.0,"max_hp_gain":0.0,"max_hp_loss":0.0,"gold_gain":0.0,"event_name":"The Mausoleum","player_choice":"Ignored","floor":25.0,"gold_loss":0.0,"damage_taken":0.0},{"cards_removed":["Doom and Gloom"],"damage_healed":0.0,"max_hp_gain":0.0,"max_hp_loss":0.0,"gold_gain":0.0,"event_name":"Beggar","player_choice":"Gave Gold","floor":28.0,"gold_loss":75.0,"damage_taken":0.0},{"damage_healed":0.0,"max_hp_gain":0.0,"max_hp_loss":0.0,"gold_gain":99.0,"event_name":"Nest","player_choice":"Stole From Cult","floor":30.0,"gold_loss":0.0,"damage_taken":0.0},{"damage_healed":0.0,"max_hp_gain":0.0,"max_hp_loss":0.0,"gold_gain":0.0,"event_name":"Tomb of Lord Red Mask","player_choice":"Paid","floor":38.0,"gold_loss":76.0,"damage_taken":0.0,"relics_obtained":["Red Mask"]},{"damage_healed":0.0,"max_hp_gain":0.0,"max_hp_loss":0.0,"gold_gain":0.0,"event_name":"Wheel of Change","player_choice":"Cursed","floor":39.0,"gold_loss":0.0,"damage_taken":0.0,"cards_obtained":["Decay"]},{"damage_healed":0,"gold_gain":0,"player_choice":"Memory 1","damage_taken":0,"max_hp_gain":0,"max_hp_loss":0,"event_name":"SensoryStone","floor":46,"gold_loss":0}],"is_beta":false,"boss_relics":[{"not_picked":["Inserter","Velvet Choker"],"picked":"Pandora\u0027s Box"},{"not_picked":["Philosopher\u0027s Stone","FrozenCore"],"picked":"Nuclear Battery"}],"items_purged_floors":[12,24,31],"is_endless":false,"potions_floor_spawned":[2,5,14,20,37,42],"ascension_level":0}