{"gold_per_floor":[114,130,140,152,163,163,191,191,191,207,221,201],"floor_reached":12,"playtime":779,"items_purged":[],"score":168,"play_id":"ebedc79a-fc96-4abe-bf72-c5c684e1fb47","local_time":"20190113165732","is_ascension_mode":true,"campfire_choices":[{"data":"All Out Attack","floor":6,"key":"SMITH"},{"data":"Neutralize","floor":8,"key":"SMITH"}],"neow_cost":"NONE","seed_source_timestamp":285631895314066,"circlet_count":0,"master_deck":["AscendersBane","Defend_G","Defend_G","Defend_G","Defend_G","Defend_G","Strike_G","Strike_G","Strike_G","Strike_G","Strike_G","Survivor","Neutralize+1","Quick Slash","Backflip","Poisoned Stab","Poisoned Stab","All Out Attack+1","Noxious Fumes"],"relics":["Ring of the Snake","The Courier","Boot"],"potions_floor_usage":[7],"damage_taken":[{"damage":1,"enemies":"Jaw Worm","floor":1,"turns":5},{"damage":0,"enemies":"Small Slimes","floor":2,"turns":4},{"damage":2,"enemies":"Cultist","floor":3,"turns":5},{"damage":24,"enemies":"Large Slime","floor":4,"turns":10},{"damage":0,"enemies":"Looter","floor":5,"turns":4},{"damage":17,"enemies":"Lagavulin","floor":7,"turns":6},{"damage":4,"enemies":"Gremlin Gang","floor":10,"turns":4},{"damage":13,"enemies":"3 Louse","floor":11,"turns":3},{"damage":4,"enemies":"Exordium Thugs","floor":12,"turns":2}],"seed_played":"8573617761411330149","potions_obtained":[{"floor":3,"key":"Block Potion"},{"floor":5,"key":"GamblersBrew"},{"floor":7,"key":"LiquidBronze"},{"floor":10,"key":"SpeedPotion"},{"floor":11,"key":"Poison Potion"}],"is_trial":false,"path_per_floor":["M","M","M","M","M","R","E","R","T","M","M","M"],"character_chosen":"THE_SILENT","items_purchased":[],"campfire_rested":0,"item_purchase_floors":[],"current_hp_per_floor":[64,64,62,38,38,38,21,21,21,17,4,0],"gold":201,"neow_bonus":"TEN_PERCENT_HP_BONUS","is_prod":false,"is_daily":false,"chose_seed":false,"campfire_upgraded":2,"win_rate":0,"timestamp":1547427452,"path_taken":["M","M","M","M","M","R","E","R","T","M","M","M"],"build_version":"2019-01-10","purchased_purges":0,"victory":false,"max_hp_per_floor":[72,72,72,72,72,72,72,72,72,72,72,72],"card_choices":[{"not_picked":["Catalyst","Deflect"],"picked":"Quick Slash","floor":1},{"not_picked":["Quick Slash","Dodge and Roll"],"picked":"Backflip","floor":2},{"not_picked":["Masterful Stab","Envenom"],"picked":"Poisoned Stab","floor":3},{"not_picked":["Caltrops","Slice"],"picked":"Poisoned Stab","floor":4},{"not_picked":["Bane","Distraction"],"picked":"All Out Attack","floor":5},{"not_picked":["Dagger Throw","Prepared","Expertise"],"picked":"SKIP","floor":7},{"not_picked":["Slice","Reflex","Outmaneuver"],"picked":"SKIP","floor":10},{"not_picked":["Expertise","Escape Plan"],"picked":"Noxious Fumes","floor":11}],"player_experience":392295,"relics_obtained":[{"floor":7,"key":"The Courier"},{"floor":9,"key":"Boot"}],"event_choices":[],"is_beta":false,"boss_relics":[],"items_purged_floors":[],"is_endless":false,"potions_floor_spawned":[3,5,7,10,11],"killed_by":"Exordium Thugs","ascension_level":20}