{"gold_per_floor":[118,118,138,213,51,79,79,110,133,133,133,145,172,58,58,58],"floor_reached":16,"playtime":358,"items_purged":["Strike_R"],"score":240,"play_id":"f69853b0-a8a8-402f-aa0b-253e11a9c9f4","local_time":"20190210205722","is_ascension_mode":true,"campfire_choices":[{"data":"Apotheosis","floor":7.0,"key":"SMITH"},{"floor":11,"key":"REST"},{"data":"Bash","floor":15,"key":"SMITH"}],"neow_cost":"NONE","seed_source_timestamp":16097498521700,"circlet_count":0,"master_deck":["AscendersBane","Strike_R","Strike_R","Strike_R","Defend_R","Defend_R","Defend_R","Defend_R","Bash+1","Infernal Blade","Shrug It Off","Apotheosis+1","Infernal Blade","Impervious","Shockwave"],"special_seed":0,"relics":["Burning Blood","NeowsBlessing","Pen Nib","Anchor","Regal Pillow","Blood Vial","Dodecahedron"],"potions_floor_usage":[8,16,16],"damage_taken":[{"damage":0.0,"enemies":"2 Louse","floor":1.0,"turns":1.0},{"damage":0.0,"enemies":"Cultist","floor":3.0,"turns":1.0},{"damage":0.0,"enemies":"3 Sentries","floor":6.0,"turns":1.0},{"damage":36,"enemies":"Gremlin Nob","floor":8,"turns":4},{"damage":0,"enemies":"Small Slimes","floor":12,"turns":2},{"damage":4,"enemies":"3 Sentries","floor":13,"turns":7},{"damage":75,"enemies":"Hexaghost","floor":16,"turns":14}],"seed_played":"-1504750426649698534","potions_obtained":[{"floor":1.0,"key":"PowerPotion"},{"floor":3.0,"key":"FearPotion"},{"floor":13,"key":"Fire Potion"}],"is_trial":false,"path_per_floor":["M","?","M","?","$","E","R","E","T","?","R","M","E","$","R","B"],"character_chosen":"IRONCLAD","items_purchased":["Apotheosis","Shockwave"],"campfire_rested":1,"item_purchase_floors":[5,14],"current_hp_per_floor":[74,74,75,64,64,70,70,40,40,22,59,67,71,71,71,0],"gold":58,"neow_bonus":"THREE_ENEMY_KILL","is_prod":false,"is_daily":false,"chose_seed":false,"campfire_upgraded":2,"win_rate":0,"timestamp":1549825042,"path_taken":["M","?","?","?","$","E","R","E","T","?","R","M","E","$","R","BOSS"],"build_version":"2019-01-23","purchased_purges":1,"victory":false,"max_hp_per_floor":[75,75,75,75,75,75,75,75,75,75,75,75,75,75,75,75],"card_choices":[{"not_picked":["Bloodletting","Twin Strike"],"picked":"Infernal Blade","floor":1.0},{"not_picked":["Clash","Entrench"],"picked":"Shrug It Off","floor":3.0},{"not_picked":["Hemokinesis","Pommel Strike","Sever Soul"],"picked":"SKIP","floor":6.0},{"not_picked":["Thunderclap","Dual Wield","Twin Strike"],"picked":"SKIP","floor":8},{"not_picked":["Intimidate","Warcry"],"picked":"Infernal Blade","floor":12},{"not_picked":["Sentinel","True Grit"],"picked":"Impervious","floor":13}],"player_experience":701380,"relics_obtained":[{"floor":6.0,"key":"Pen Nib"},{"floor":8,"key":"Anchor"},{"floor":9,"key":"Regal Pillow"},{"floor":13,"key":"Dodecahedron"}],"event_choices":[{"cards_removed":["Strike_R"],"damage_healed":0.0,"max_hp_gain":0.0,"max_hp_loss":0.0,"gold_gain":0.0,"event_name":"Bonfire Elementals","player_choice":"Offered Basic","floor":2.0,"gold_loss":0.0,"damage_taken":0.0},{"damage_healed":0.0,"max_hp_gain":0.0,"max_hp_loss":0.0,"gold_gain":75.0,"event_name":"World of Goop","player_choice":"Gather Gold","floor":4.0,"gold_loss":0.0,"damage_taken":11.0},{"damage_healed":0,"gold_gain":0,"player_choice":"Success","damage_taken":18,"relics_obtained":["Blood Vial"],"max_hp_gain":0,"max_hp_loss":0,"event_name":"Scrap Ooze","floor":10,"gold_loss":0}],"is_beta":false,"boss_relics":[],"items_purged_floors":[14],"is_endless":false,"potions_floor_spawned":[1,3,13],"killed_by":"Hexaghost","ascension_level":14}