{"gold_per_floor":[112,126,141,141,71,71,97,97,97,115,125,157,157,172,172,273,273,283,283,273,35,109,109,136,136,159,173,173,173,173,187,187,282,282,300,313,331,381,396,396,414,448,497,497,511,164,184,184,184,184],"floor_reached":50,"playtime":4534,"items_purged":[],"score":705,"play_id":"777814f7-66ec-44b2-9720-e497efd60f35","local_time":"20190210234122","is_ascension_mode":true,"campfire_choices":[{"data":"Infinite Blades","floor":6.0,"key":"SMITH"},{"floor":8.0,"key":"REST"},{"floor":15.0,"key":"REST"},{"data":"Accuracy","floor":23.0,"key":"SMITH"},{"data":"Well Laid Plans","floor":25.0,"key":"SMITH"},{"data":"Leg Sweep","floor":29.0,"key":"SMITH"},{"floor":32.0,"key":"REST"},{"floor":40.0,"key":"REST"},{"data":"Glass Knife","floor":44,"key":"SMITH"},{"floor":49,"key":"REST"}],"neow_cost":"NONE","seed_source_timestamp":0,"circlet_count":0,"master_deck":["Defend_G","Defend_G","Defend_G","Defend_G","Strike_G","Strike_G","Strike_G","Survivor","Neutralize","Dagger Spray","Skewer","Infinite Blades+1","Accuracy+1","Leg Sweep+1","Deflect","Flying Knee","Sucker Punch","Escape Plan","Die Die Die","Underhanded Strike+1","Slice+1","Deflect+1","Flying Knee","Quick Slash+1","Well Laid Plans+1","Sucker Punch+1","Blade Dance+1","Glass Knife+1","Finisher","Finisher+1","PiercingWail","Escape Plan","Prepared","Prepared","Heel Hook+1","Dash+1","Sucker Punch+1","Blade Dance","Prepared+1","Blade Dance","Dash","Slice"],"special_seed":0,"relics":["Ring of the Snake","Omamori","Ornamental Fan","Bottled Tornado","Bag of Preparation","Thread and Needle","Ancient Tea Set","Astrolabe","GremlinMask","Mummified Hand","Matryoshka","Oddly Smooth Stone","Meat on the Bone","Centennial Puzzle","Orrery","Unceasing Top","Torii","Strawberry","Letter Opener","OrangePellets"],"potions_floor_usage":[42,45,50,50,50],"damage_taken":[{"damage":0.0,"enemies":"Small Slimes","floor":1.0,"turns":3.0},{"damage":0.0,"enemies":"Cultist","floor":2.0,"turns":5.0},{"damage":0.0,"enemies":"Jaw Worm","floor":3.0,"turns":3.0},{"damage":36.0,"enemies":"Gremlin Nob","floor":7.0,"turns":5.0},{"damage":0.0,"enemies":"Large Slime","floor":10.0,"turns":5.0},{"damage":0.0,"enemies":"Exordium Thugs","floor":11.0,"turns":4.0},{"damage":7.0,"enemies":"3 Sentries","floor":12.0,"turns":6.0},{"damage":0.0,"enemies":"Looter","floor":14.0,"turns":4.0},{"damage":28.0,"enemies":"Hexaghost","floor":16.0,"turns":13.0},{"damage":0.0,"enemies":"Shell Parasite","floor":18.0,"turns":6.0},{"damage":4.0,"enemies":"2 Thieves","floor":20.0,"turns":4.0},{"damage":6.0,"enemies":"Book of Stabbing","floor":24.0,"turns":7.0},{"damage":0.0,"enemies":"Chosen and Byrds","floor":27.0,"turns":7.0},{"damage":0.0,"enemies":"Centurion and Healer","floor":31.0,"turns":5.0},{"damage":18.0,"enemies":"Collector","floor":33.0,"turns":11.0},{"damage":0.0,"enemies":"Orb Walker","floor":35.0,"turns":3.0},{"damage":11.0,"enemies":"3 Darklings","floor":36.0,"turns":7.0},{"damage":5.0,"enemies":"4 Shapes","floor":37.0,"turns":5.0},{"damage":22.0,"enemies":"2 Orb Walkers","floor":38.0,"turns":4.0},{"damage":9.0,"enemies":"Jaw Worm Horde","floor":39.0,"turns":4.0},{"damage":0.0,"enemies":"Maw","floor":41.0,"turns":8.0},{"damage":14,"enemies":"Reptomancer","floor":42,"turns":8},{"damage":0,"enemies":"Transient","floor":45,"turns":5},{"damage":1,"enemies":"3 Darklings","floor":47,"turns":4},{"damage":82,"enemies":"Awakened One","floor":50,"turns":12}],"seed_played":"-6541854940655557562","potions_obtained":[{"floor":1.0,"key":"SkillPotion"},{"floor":7.0,"key":"SpeedPotion"},{"floor":11.0,"key":"AttackPotion"},{"floor":14.0,"key":"Dexterity Potion"},{"floor":18.0,"key":"SkillPotion"},{"floor":20.0,"key":"AttackPotion"},{"floor":30.0,"key":"Weak Potion"},{"floor":30.0,"key":"SneckoOil"},{"floor":30.0,"key":"SpeedPotion"},{"floor":36.0,"key":"Ancient Potion"},{"floor":39.0,"key":"Energy Potion"},{"floor":41.0,"key":"Energy Potion"},{"floor":45,"key":"Energy Potion"}],"is_trial":false,"path_per_floor":["M","M","M","?","$","R","E","R","T","M","M","E","?","M","R","B",null,"M","?","M","$","T","R","E","R","T","M","?","R","?","M","R","B",null,"M","M","M","?","M","R","M","E","T","R","M","$","M","?","R","B"],"character_chosen":"THE_SILENT","items_purchased":["Accuracy","Mummified Hand","Blade Dance","Dash","Block Potion","OrangePellets"],"campfire_rested":5,"item_purchase_floors":[5,21,46,46,46,46],"current_hp_per_floor":[63,63,63,63,63,63,27,48,48,48,48,41,41,41,62,34,61,61,61,57,57,57,57,51,51,51,51,51,51,51,51,70,52,66,66,55,50,40,43,64,64,50,57,57,57,57,56,56,77,0],"gold":184,"neow_bonus":"RANDOM_COMMON_RELIC","is_prod":false,"is_daily":false,"chose_seed":false,"campfire_upgraded":5,"win_rate":0,"timestamp":1549838482,"path_taken":["M","M","M","?","?","R","E","R","T","M","M","E","?","M","R","BOSS","M","?","M","$","?","R","E","R","T","M","?","R","?","M","R","BOSS","M","M","?","?","M","R","M","E","T","R","M","$","M","?","R","BOSS"],"build_version":"2019-01-23","purchased_purges":0,"victory":false,"max_hp_per_floor":[70,70,70,70,70,70,70,70,70,70,70,70,70,70,70,70,70,70,70,70,70,70,70,70,70,70,70,70,70,70,70,70,70,70,70,70,70,70,70,70,70,70,77,77,77,77,77,77,77,77],"card_choices":[{"not_picked":["Flechettes","Underhanded Strike"],"picked":"Dagger Spray","floor":1.0},{"not_picked":["Bane","Bouncing Flask"],"picked":"Skewer","floor":2.0},{"not_picked":["Expertise","Distraction"],"picked":"Infinite Blades","floor":3.0},{"not_picked":["Quick Slash","Dagger Throw"],"picked":"Leg Sweep","floor":7.0},{"not_picked":["Dagger Spray","Bane"],"picked":"Deflect","floor":10.0},{"not_picked":["Dodge and Roll","Calculated Gamble"],"picked":"Flying Knee","floor":11.0},{"not_picked":["Expertise","Catalyst"],"picked":"Sucker Punch","floor":12.0},{"not_picked":["Bane","Wraith Form v2"],"picked":"Escape Plan","floor":14.0},{"not_picked":["Grand Finale","Venomology"],"picked":"Die Die Die","floor":16.0},{"not_picked":["Blade Dance","Calculated Gamble"],"picked":"Flying Knee","floor":18.0},{"not_picked":["Eviscerate","Poisoned Stab"],"picked":"Quick Slash+1","floor":20.0},{"not_picked":["Dagger Spray","Blade Dance+1"],"picked":"Well Laid Plans","floor":24.0},{"not_picked":["Acrobatics","Deadly Poison"],"picked":"Sucker Punch+1","floor":27.0},{"not_picked":["Quick Slash","Outmaneuver"],"picked":"Blade Dance+1","floor":31.0},{"not_picked":["Tools of the Trade","Doppelganger"],"picked":"Glass Knife","floor":33.0},{"not_picked":["Deflect","Sucker Punch"],"picked":"Finisher","floor":34.0},{"not_picked":["PiercingWail","Setup"],"picked":"Finisher+1","floor":34.0},{"not_picked":["Skewer+1","Slice"],"picked":"PiercingWail","floor":34.0},{"not_picked":["Expertise","Backflip"],"picked":"Escape Plan","floor":34.0},{"not_picked":["Sucker Punch","Deadly Poison+1"],"picked":"Prepared","floor":35.0},{"not_picked":["Flying Knee+1","Acrobatics"],"picked":"Prepared","floor":36.0},{"not_picked":["Deflect","Reflex"],"picked":"Heel Hook+1","floor":37.0},{"not_picked":["Dagger Throw","Prepared+1"],"picked":"Dash+1","floor":38.0},{"not_picked":["Reflex","Bane+1"],"picked":"Sucker Punch+1","floor":39.0},{"not_picked":["Predator+1","Setup+1"],"picked":"Blade Dance","floor":41.0},{"not_picked":["PiercingWail","Envenom"],"picked":"Prepared+1","floor":42},{"not_picked":["All Out Attack","Outmaneuver+1"],"picked":"Slice+1","floor":45},{"not_picked":["Dodge and Roll","Quick Slash"],"picked":"Slice","floor":47}],"player_experience":436050,"relics_obtained":[{"floor":7.0,"key":"Bottled Tornado"},{"floor":9.0,"key":"Bag of Preparation"},{"floor":12.0,"key":"Thread and Needle"},{"floor":22.0,"key":"Matryoshka"},{"floor":24.0,"key":"Oddly Smooth Stone"},{"floor":26.0,"key":"Meat on the Bone"},{"floor":26.0,"key":"Centennial Puzzle"},{"floor":38.0,"key":"Unceasing Top"},{"floor":42,"key":"Torii"},{"floor":43,"key":"Strawberry"},{"floor":43,"key":"Letter Opener"}],"event_choices":[{"damage_healed":0.0,"max_hp_gain":0.0,"max_hp_loss":0.0,"gold_gain":0.0,"event_name":"WeMeetAgain","player_choice":"Gave Potion","floor":4.0,"gold_loss":0.0,"damage_taken":0.0,"relics_obtained":["Ornamental Fan"]},{"damage_healed":0.0,"max_hp_gain":0.0,"max_hp_loss":0.0,"gold_gain":0.0,"event_name":"Big Fish","player_choice":"Box","floor":13.0,"gold_loss":0.0,"damage_taken":0.0,"relics_obtained":["Ancient Tea Set"],"cards_obtained":["Regret"]},{"damage_healed":0.0,"max_hp_gain":0.0,"max_hp_loss":0.0,"gold_gain":0.0,"event_name":"FaceTrader","player_choice":"Trade","floor":19.0,"gold_loss":0.0,"damage_taken":0.0,"relics_obtained":["GremlinMask"]},{"damage_healed":0.0,"max_hp_gain":0.0,"max_hp_loss":0.0,"gold_gain":0.0,"event_name":"Beggar","player_choice":"Ignored","floor":28.0,"gold_loss":0.0,"damage_taken":0.0},{"damage_healed":0.0,"max_hp_gain":0.0,"max_hp_loss":0.0,"gold_gain":0.0,"event_name":"Lab","player_choice":"Got Potions","floor":30.0,"gold_loss":0.0,"damage_taken":0.0},{"damage_healed":0.0,"max_hp_gain":0.0,"max_hp_loss":0.0,"gold_gain":0.0,"event_name":"Mysterious Sphere","player_choice":"Fight","floor":38.0,"gold_loss":0.0,"damage_taken":0.0},{"cards_removed":["Slice"],"damage_healed":0,"gold_gain":0,"player_choice":"Removed Attack","damage_taken":0,"max_hp_gain":0,"max_hp_loss":0,"event_name":"Falling","floor":48,"gold_loss":0}],"is_beta":false,"boss_relics":[{"not_picked":["Snecko Eye","Philosopher\u0027s Stone"],"picked":"Astrolabe"},{"not_picked":["Tiny House","Fusion Hammer"],"picked":"Orrery"}],"items_purged_floors":[],"is_endless":false,"potions_floor_spawned":[1,7,11,14,18,20,36,39,41,45],"killed_by":"Awakened One","ascension_level":7}