{"gold_per_floor":[109,122,139,150,170,200,200,211,211,211,227,247,39,49,49,126,126,139,16,28,98,114,141,153,115,115,149,149,59,88,104,104,178,178,198,213,230,230,95,120,120,70,70,90,90,40,65,85,85,85],"floor_reached":51,"playtime":5396,"items_purged":["Strike_G","Strike_G","Defend_G","Strike_G+1","Defend_G","Defend_G","Parasite"],"score":1656,"play_id":"876951af-03af-45f6-9e7a-9cc2795404b0","local_time":"20181125222314","is_ascension_mode":true,"campfire_choices":[{"data":"Catalyst","floor":7.0,"key":"SMITH"},{"floor":10.0,"key":"REST"},{"data":"Footwork","floor":15.0,"key":"SMITH"},{"data":"Calculated Gamble","floor":24.0,"key":"SMITH"},{"data":"Malaise","floor":28.0,"key":"SMITH"},{"data":"Acrobatics","floor":32.0,"key":"SMITH"},{"floor":41.0,"key":"REST"},{"floor":49,"key":"REST"}],"neow_cost":"NONE","seed_source_timestamp":453951548683967,"circlet_count":0,"master_deck":["AscendersBane","Defend_G","Survivor","Neutralize+1","Deflect+1","Corpse Explosion+1","Bullet Time+1","Calculated Gamble+1","Catalyst+1","Deadly Poison","Backflip","Prepared","Blur","Escape Plan","Acrobatics+1","Dodge and Roll","Backflip","Malaise+1","Footwork+1","Adrenaline","Noxious Fumes","Prepared+1","Footwork","Noxious Fumes","Tactician","Impatience","Backflip","Expertise+1"],"special_seed":0,"relics":["Astrolabe","Whetstone","Smiling Mask","Sozu","Letter Opener","MawBank","Mercury Hourglass","Blood Vial","Paper Crane","Fusion Hammer","Dodecahedron","Prayer Wheel","Centennial Puzzle"],"potions_floor_usage":[],"damage_taken":[{"damage":0.0,"enemies":"Cultist","floor":1.0,"turns":4.0},{"damage":0.0,"enemies":"2 Louse","floor":2.0,"turns":3.0},{"damage":2.0,"enemies":"Jaw Worm","floor":3.0,"turns":6.0},{"damage":0.0,"enemies":"Blue Slaver","floor":4.0,"turns":3.0},{"damage":9.0,"enemies":"Large Slime","floor":5.0,"turns":6.0},{"damage":12.0,"enemies":"Lagavulin","floor":6.0,"turns":7.0},{"damage":7.0,"enemies":"3 Louse","floor":8.0,"turns":3.0},{"damage":2.0,"enemies":"Gremlin Gang","floor":11.0,"turns":3.0},{"damage":1.0,"enemies":"Blue Slaver","floor":12.0,"turns":4.0},{"damage":0.0,"enemies":"Looter","floor":14.0,"turns":3.0},{"damage":2.0,"enemies":"Hexaghost","floor":16.0,"turns":9.0},{"damage":0.0,"enemies":"Spheric Guardian","floor":18.0,"turns":6.0},{"damage":0.0,"enemies":"3 Byrds","floor":20.0,"turns":2.0},{"damage":0.0,"enemies":"Snake Plant","floor":22.0,"turns":4.0},{"damage":17.0,"enemies":"Slavers","floor":23.0,"turns":2.0},{"damage":0.0,"enemies":"Book of Stabbing","floor":27.0,"turns":6.0},{"damage":7.0,"enemies":"Gremlin Leader","floor":30.0,"turns":5.0},{"damage":0.0,"enemies":"3 Cultists","floor":31.0,"turns":3.0},{"damage":0.0,"enemies":"Automaton","floor":33.0,"turns":12.0},{"damage":0.0,"enemies":"Orb Walker","floor":35.0,"turns":5.0},{"damage":0.0,"enemies":"3 Darklings","floor":36.0,"turns":3.0},{"damage":0.0,"enemies":"Sphere and 2 Shapes","floor":37.0,"turns":4.0},{"damage":0.0,"enemies":"Nemesis","floor":40.0,"turns":7.0},{"damage":0.0,"enemies":"Writhing Mass","floor":44.0,"turns":4.0},{"damage":0,"enemies":"Reptomancer","floor":47,"turns":5},{"damage":0,"enemies":"Maw","floor":48,"turns":6},{"damage":0,"enemies":"Donu and Deca","floor":50,"turns":7}],"seed_played":"-2895942823583318478","potions_obtained":[{"floor":2.0,"key":"Fire Potion"},{"floor":4.0,"key":"AttackPotion"},{"floor":6.0,"key":"LiquidBronze"},{"floor":12.0,"key":"SpeedPotion"}],"is_trial":false,"path_per_floor":["M","M","M","M","M","E","R","M","T","R","M","M","$","M","R","B",null,"M","$","M","T","M","E","R","$","T","E","R","$","E","M","R","B",null,"M","M","M","?","$","E","R","$","T","M","?","$","E","M","R","B",null],"character_chosen":"THE_SILENT","items_purchased":["Backflip","Malaise","Noxious Fumes","Noxious Fumes","Impatience"],"campfire_rested":3,"item_purchase_floors":[13,13,19,29,39],"current_hp_per_floor":[59,59,57,57,48,36,36,29,29,48,46,45,45,45,45,43,60,60,60,60,60,60,43,43,43,43,43,43,43,38,40,40,42,60,62,64,66,66,66,66,66,66,66,66,66,63,63,63,63,63],"gold":85,"neow_bonus":"BOSS_RELIC","is_prod":false,"is_daily":false,"chose_seed":false,"campfire_upgraded":5,"win_rate":0,"timestamp":1543213394,"path_taken":["M","M","M","M","M","E","R","M","T","R","M","M","$","M","R","BOSS","M","?","M","?","?","E","R","$","T","E","R","?","E","M","R","BOSS","M","M","M","?","$","E","R","$","T","M","?","?","E","M","R","BOSS"],"build_version":"2018-11-15","purchased_purges":7,"victory":true,"max_hp_per_floor":[66,66,66,66,66,66,66,66,66,66,66,66,66,66,66,66,66,66,66,66,66,66,66,66,66,66,66,66,66,66,66,66,66,66,66,66,66,66,66,66,66,66,66,66,66,63,63,63,63,63],"card_choices":[{"not_picked":["Flying Knee","Poisoned Stab"],"picked":"Calculated Gamble","floor":1.0},{"not_picked":["Outmaneuver","Finisher"],"picked":"Catalyst","floor":2.0},{"not_picked":["Deflect","Heel Hook"],"picked":"Deadly Poison","floor":3.0},{"not_picked":["Sucker Punch","Acrobatics"],"picked":"Backflip","floor":4.0},{"not_picked":["Flying Knee","Setup"],"picked":"Prepared","floor":5.0},{"not_picked":["Flying Knee","Infinite Blades"],"picked":"Blur","floor":6.0},{"not_picked":["Bane","Underhanded Strike"],"picked":"Escape Plan","floor":8.0},{"not_picked":["Choke","Poisoned Stab"],"picked":"Acrobatics","floor":11.0},{"not_picked":["Terror","Backstab"],"picked":"Dodge and Roll","floor":12.0},{"not_picked":["Dash","Deadly Poison"],"picked":"Footwork","floor":14.0},{"not_picked":["Storm of Steel","Night Terror"],"picked":"Adrenaline","floor":16.0},{"not_picked":["Concentrate","Quick Slash","Endless Agony"],"picked":"SKIP","floor":18.0},{"not_picked":["Underhanded Strike","Eviscerate","PiercingWail"],"picked":"SKIP","floor":20.0},{"not_picked":["Poisoned Stab","All Out Attack"],"picked":"Prepared+1","floor":22.0},{"not_picked":["Unload","Deadly Poison"],"picked":"Footwork","floor":23.0},{"not_picked":["Deadly Poison","PiercingWail","Prepared"],"picked":"SKIP","floor":27.0},{"not_picked":["Deadly Poison","PiercingWail","Prepared"],"picked":"SKIP","floor":27.0},{"not_picked":["Slice","Poisoned Stab","Phantasmal Killer"],"picked":"SKIP","floor":30.0},{"not_picked":["Calculated Gamble","Predator","Slice"],"picked":"SKIP","floor":31.0},{"not_picked":["Deflect","Outmaneuver"],"picked":"Tactician","floor":35.0},{"not_picked":["Quick Slash+1","Cloak And Dagger+1","Dagger Throw"],"picked":"SKIP","floor":36.0},{"not_picked":["Blade Dance","Quick Slash","Finisher+1"],"picked":"SKIP","floor":37.0},{"not_picked":["Die Die Die","Cloak And Dagger","PiercingWail"],"picked":"SKIP","floor":40.0},{"not_picked":["Leg Sweep","Crippling Poison"],"picked":"Backflip","floor":44.0},{"not_picked":["PiercingWail","Crippling Poison","Bouncing Flask"],"picked":"SKIP","floor":44.0},{"not_picked":["Caltrops","Flechettes+1"],"picked":"Expertise+1","floor":47},{"not_picked":["Bane","Prepared","Flying Knee"],"picked":"SKIP","floor":48},{"not_picked":["Poisoned Stab+1","Flying Knee","Deadly Poison"],"picked":"SKIP","floor":48}],"player_experience":149468,"relics_obtained":[{"floor":6.0,"key":"Whetstone"},{"floor":9.0,"key":"Smiling Mask"},{"floor":21.0,"key":"Letter Opener"},{"floor":23.0,"key":"MawBank"},{"floor":26.0,"key":"Mercury Hourglass"},{"floor":27.0,"key":"Blood Vial"},{"floor":30.0,"key":"Paper Crane"},{"floor":40.0,"key":"Dodecahedron"},{"floor":43.0,"key":"Prayer Wheel"},{"floor":47,"key":"Centennial Puzzle"}],"event_choices":[{"damage_healed":0.0,"max_hp_gain":0.0,"max_hp_loss":0.0,"gold_gain":0.0,"event_name":"Tomb of Lord Red Mask","player_choice":"Ignored","floor":38.0,"gold_loss":0.0,"damage_taken":0.0},{"damage_healed":0.0,"max_hp_gain":0.0,"max_hp_loss":0.0,"gold_gain":0.0,"event_name":"SensoryStone","player_choice":"Memory 1","floor":45.0,"gold_loss":0.0,"damage_taken":0.0}],"is_beta":false,"boss_relics":[{"not_picked":["WristBlade","Philosopher\u0027s Stone"],"picked":"Sozu"},{"not_picked":["Pandora\u0027s Box","Tiny House"],"picked":"Fusion Hammer"}],"items_purged_floors":[13,19,25,29,39,42,46],"is_endless":false,"potions_floor_spawned":[2,4,5,6,12,14,20,23,33,35,48],"ascension_level":15}