{"gold_per_floor":[114,39,39,56,71,71,86,86,86,118,118,135,153,186,186,261,261,273,273,252,252,252],"floor_reached":22,"playtime":1161,"items_purged":[],"score":363,"play_id":"ec0ef02b-821f-4971-a6f6-5a3cabbfa006","local_time":"20190204224114","is_ascension_mode":true,"campfire_choices":[{"data":"Zap","floor":6,"key":"SMITH"},{"data":"Darkness","floor":11,"key":"SMITH"},{"floor":15,"key":"REST"}],"neow_cost":"NONE","seed_source_timestamp":285590941783044,"circlet_count":0,"master_deck":["AscendersBane","Defend_B","Defend_B","Defend_B","Zap+1","Dualcast","Cold Snap","Darkness+1","Coolheaded","Gash","Cold Snap","Undo","Darkness","Machine Learning","Machine Learning","Compile Driver+1","Steam","Steam Power","Genetic Algorithm"],"relics":["Cracked Core","NeowsBlessing","Peace Pipe","Dead Branch","Ornamental Fan","Mummified Hand","Inserter"],"potions_floor_usage":[10,12],"damage_taken":[{"damage":0,"enemies":"Cultist","floor":1,"turns":1},{"damage":0,"enemies":"2 Louse","floor":4,"turns":1},{"damage":0,"enemies":"Jaw Worm","floor":5,"turns":1},{"damage":14,"enemies":"3 Louse","floor":7,"turns":3},{"damage":8,"enemies":"Gremlin Nob","floor":10,"turns":4},{"damage":0,"enemies":"Lots of Slimes","floor":12,"turns":5},{"damage":4,"enemies":"2 Fungi Beasts","floor":13,"turns":4},{"damage":11,"enemies":"Lagavulin","floor":14,"turns":6},{"damage":29,"enemies":"Slime Boss","floor":16,"turns":10},{"damage":22,"enemies":"Spheric Guardian","floor":18,"turns":7},{"damage":27,"enemies":"2 Thieves","floor":20,"turns":5},{"damage":10,"enemies":"Sentry and Sphere","floor":22,"turns":3}],"seed_played":"1252385288684071240","potions_obtained":[{"floor":4,"key":"Strength Potion"},{"floor":10,"key":"EssenceOfSteel"},{"floor":12,"key":"Dexterity Potion"},{"floor":14,"key":"LiquidBronze"}],"is_trial":false,"path_per_floor":["M","?","?","M","M","R","M","T","T","E","R","M","M","E","R","B",null,"M","?","M","?","M"],"character_chosen":"DEFECT","items_purchased":[],"campfire_rested":1,"item_purchase_floors":[],"current_hp_per_floor":[64,64,64,64,64,64,50,50,50,42,42,42,38,27,48,19,58,36,36,9,9,0],"gold":252,"neow_bonus":"THREE_ENEMY_KILL","is_prod":false,"is_daily":false,"chose_seed":false,"campfire_upgraded":2,"win_rate":0,"timestamp":1549348874,"path_taken":["M","?","?","?","M","R","M","?","T","E","R","M","M","E","R","BOSS","M","?","?","?","M"],"build_version":"2019-01-23","purchased_purges":0,"victory":false,"max_hp_per_floor":[71,71,71,71,71,71,71,71,71,71,71,71,71,71,71,71,71,71,71,71,71,71],"card_choices":[{"not_picked":["Turbo","Gash"],"picked":"Cold Snap","floor":1},{"not_picked":["Hello World","Turbo"],"picked":"Darkness","floor":4},{"not_picked":["Redo","Heatsinks"],"picked":"Coolheaded","floor":5},{"not_picked":["Leap","Steam Power"],"picked":"Gash","floor":7},{"not_picked":["Beam Cell","Rebound"],"picked":"Cold Snap","floor":10},{"not_picked":["Hologram","Lockon"],"picked":"Undo","floor":12},{"not_picked":["Redo","Ball Lightning"],"picked":"Darkness","floor":13},{"not_picked":["FTL","White Noise"],"picked":"Machine Learning","floor":14},{"not_picked":["Hyperbeam","Meteor Strike"],"picked":"Machine Learning","floor":16},{"not_picked":["Turbo","Cold Snap"],"picked":"Compile Driver+1","floor":18},{"not_picked":["Rebound","Ball Lightning"],"picked":"Steam","floor":20}],"player_experience":497778,"relics_obtained":[{"floor":8,"key":"Peace Pipe"},{"floor":9,"key":"Dead Branch"},{"floor":10,"key":"Ornamental Fan"},{"floor":14,"key":"Mummified Hand"}],"event_choices":[{"cards_removed":["Strike_B"],"damage_healed":0,"gold_gain":0,"player_choice":"Card Removal","damage_taken":0,"max_hp_gain":0,"max_hp_loss":0,"event_name":"The Cleric","floor":2,"gold_loss":75},{"cards_removed":["Strike_B"],"damage_healed":0,"gold_gain":0,"player_choice":"Card Removal","damage_taken":0,"max_hp_gain":0,"max_hp_loss":0,"event_name":"Wheel of Change","floor":3,"gold_loss":0},{"cards_removed":["Strike_B"],"damage_healed":0,"gold_gain":0,"player_choice":"Offered Basic","damage_taken":0,"max_hp_gain":0,"max_hp_loss":0,"event_name":"Bonfire Elementals","floor":19,"gold_loss":0},{"damage_healed":0,"gold_gain":0,"cards_transformed":["Strike_B","Defend_B"],"player_choice":"Became Test Subject","damage_taken":0,"max_hp_gain":0,"max_hp_loss":0,"event_name":"Drug Dealer","floor":21,"gold_loss":0,"cards_obtained":["Steam Power","Genetic Algorithm"]}],"is_beta":false,"boss_relics":[{"not_picked":["Busted Crown","Coffee Dripper"],"picked":"Inserter"}],"items_purged_floors":[],"is_endless":false,"potions_floor_spawned":[4,10,12,14],"killed_by":"Sentry and Sphere","ascension_level":17}