{"gold_per_floor":[109,109,12,12,12,12,12,48,48,81,6,24,24,38,38,134,134,98,58,108,127,41,41,41],"floor_reached":24,"playtime":1534,"items_purged":[],"score":488,"play_id":"3e9ee512-4808-420d-a49b-963257814c6e","local_time":"20190204102029","is_ascension_mode":true,"campfire_choices":[{"data":"Neutralize","floor":6,"key":"SMITH"},{"data":"Cloak And Dagger","floor":13,"key":"SMITH"},{"data":"Accuracy","floor":15,"key":"SMITH"},{"data":"Footwork","floor":23,"key":"SMITH"}],"neow_cost":"NONE","seed_source_timestamp":218972384765800,"circlet_count":0,"master_deck":["AscendersBane","Defend_G","Defend_G","Defend_G","Defend_G","Defend_G","Strike_G","Strike_G","Strike_G","Strike_G","Strike_G","Survivor","Neutralize+1","Dagger Spray","Infinite Blades","Cloak And Dagger+1","Infinite Blades","Accuracy+1","PiercingWail","Dodge and Roll","Envenom","Dodge and Roll","Footwork+1","Well Laid Plans"],"relics":["Ring of the Snake","NeowsBlessing","Golden Idol","Kunai","Incense Burner","Ninja Scroll"],"potions_floor_usage":[16,18,21],"damage_taken":[{"damage":0,"enemies":"2 Louse","floor":1,"turns":1},{"damage":0,"enemies":"Lagavulin","floor":8,"turns":1},{"damage":0,"enemies":"3 Sentries","floor":10,"turns":1},{"damage":0,"enemies":"Cultist","floor":12,"turns":3},{"damage":3,"enemies":"Jaw Worm","floor":14,"turns":2},{"damage":7,"enemies":"The Guardian","floor":16,"turns":13},{"damage":14,"enemies":"2 Thieves","floor":18,"turns":5},{"damage":12,"enemies":"Spheric Guardian","floor":21,"turns":6},{"damage":40,"enemies":"Shelled Parasite and Fungi","floor":24,"turns":4}],"seed_played":"-7789624020303137759","potions_obtained":[{"floor":2,"key":"SkillPotion"},{"floor":2,"key":"SkillPotion"},{"floor":12,"key":"SteroidPotion"},{"floor":18,"key":"GhostInAJar"}],"is_trial":false,"path_per_floor":["M","?","$","$","?","R","?","E","T","E","$","M","R","M","R","B",null,"M","$","?","M","$","R","M"],"character_chosen":"THE_SILENT","items_purchased":["Infinite Blades","Cloak And Dagger","Accuracy","Footwork","Well Laid Plans"],"campfire_rested":0,"item_purchase_floors":[3,3,11,19,22],"current_hp_per_floor":[59,59,59,59,59,59,59,59,59,59,59,59,59,56,56,49,57,43,43,43,31,31,31,0],"gold":41,"neow_bonus":"THREE_ENEMY_KILL","is_prod":false,"is_daily":false,"chose_seed":false,"campfire_upgraded":4,"win_rate":0,"timestamp":1549272029,"path_taken":["M","?","?","$","?","R","?","E","T","E","?","M","R","?","R","BOSS","M","?","?","M","$","R","M"],"build_version":"2019-01-23","purchased_purges":0,"victory":false,"max_hp_per_floor":[66,66,66,66,60,60,60,60,60,60,60,60,60,60,60,60,60,60,60,60,60,60,60,60],"card_choices":[{"not_picked":["Bane","Underhanded Strike"],"picked":"Dagger Spray","floor":1},{"not_picked":["Blur","Dodge and Roll"],"picked":"Infinite Blades","floor":8},{"not_picked":["Distraction","Catalyst","Endless Agony"],"picked":"SKIP","floor":10},{"not_picked":["Deflect","Dagger Spray"],"picked":"PiercingWail","floor":12},{"not_picked":["Flechettes","Underhanded Strike"],"picked":"Dodge and Roll","floor":14},{"not_picked":["Night Terror","Tools of the Trade"],"picked":"Envenom","floor":16},{"not_picked":["Bouncing Flask","PiercingWail"],"picked":"Dodge and Roll","floor":18},{"not_picked":["Quick Slash","Sucker Punch","Deadly Poison"],"picked":"SKIP","floor":21}],"player_experience":374454,"relics_obtained":[{"floor":8,"key":"Kunai"},{"floor":9,"key":"Incense Burner"},{"floor":10,"key":"Ninja Scroll"}],"event_choices":[{"damage_healed":0,"gold_gain":0,"player_choice":"Got Potions","damage_taken":0,"max_hp_gain":0,"max_hp_loss":0,"event_name":"Lab","floor":2,"gold_loss":0},{"damage_healed":0,"gold_gain":0,"player_choice":"Lose Max HP","damage_taken":0,"relics_obtained":["Golden Idol"],"max_hp_gain":0,"max_hp_loss":6,"event_name":"Golden Idol","floor":5,"gold_loss":0},{"damage_healed":0,"gold_gain":0,"player_choice":"Leave","damage_taken":0,"max_hp_gain":0,"max_hp_loss":0,"event_name":"The Cleric","floor":7,"gold_loss":0},{"damage_healed":0,"gold_gain":50,"player_choice":"Stole From Cult","damage_taken":0,"max_hp_gain":0,"max_hp_loss":0,"event_name":"Nest","floor":20,"gold_loss":0}],"is_beta":false,"boss_relics":[{"not_picked":["Coffee Dripper","Fusion Hammer","Calling Bell"]}],"items_purged_floors":[],"is_endless":false,"potions_floor_spawned":[12,14,18],"killed_by":"Shelled Parasite and Fungi","ascension_level":19}