{"gold_per_floor":[114,129,144,159,174,174,204,204,254,254,269,269],"floor_reached":12,"playtime":721,"items_purged":[],"score":132,"play_id":"ca0ab325-3095-47ba-91ee-2c6d73b9efcc","local_time":"20180703155502","daily_mods":["Specialized","Lethality","Hoarder"],"is_ascension_mode":false,"campfire_choices":[{"floor":6,"key":"REST"},{"floor":10,"key":"REST"}],"neow_cost":"","seed_source_timestamp":0,"circlet_count":0,"master_deck":["Defend_G","Defend_G","Defend_G","Defend_G","Defend_G","Strike_G","Strike_G","Strike_G+1","Strike_G","Strike_G","Survivor","Neutralize","Phantasmal Killer","Phantasmal Killer","Phantasmal Killer","Phantasmal Killer","Phantasmal Killer","Phantasmal Killer","Phantasmal Killer","Phantasmal Killer","Phantasmal Killer","Phantasmal Killer","Phantasmal Killer","Phantasmal Killer","Phantasmal Killer","Phantasmal Killer","Phantasmal Killer","Backflip","Backflip","Backflip","Dagger Spray+1","Dagger Spray","Dagger Spray","Terror","Terror","Terror","Deflect","Deflect","Deflect","PiercingWail","PiercingWail","PiercingWail","Dagger Throw","Dagger Throw","Dagger Throw","Calculated Gamble","Calculated Gamble","Calculated Gamble"],"special_seed":17715,"relics":["Ring of the Snake","Whetstone","Snake Skull"],"potions_floor_usage":[4,5,7],"damage_taken":[{"damage":8,"enemies":"Small Slimes","floor":1,"turns":4},{"damage":8,"enemies":"Cultist","floor":2,"turns":4},{"damage":6,"enemies":"Jaw Worm","floor":3,"turns":2},{"damage":0,"enemies":"Large Slime","floor":4,"turns":4},{"damage":6,"enemies":"2 Fungi Beasts","floor":5,"turns":2},{"damage":64,"enemies":"Lagavulin","floor":7,"turns":11},{"damage":5,"enemies":"Exordium Wildlife","floor":11,"turns":3},{"damage":30,"enemies":"Gremlin Nob","floor":12,"turns":3}],"seed_played":"-5295216616361332357","potions_obtained":[{"floor":2,"key":"Regen Potion"},{"floor":3,"key":"Block Potion"},{"floor":4,"key":"GamblersBrew"},{"floor":5,"key":"SpeedPotion"}],"is_trial":false,"path_per_floor":["M","M","M","M","M","R","E","?","T","R","M"],"character_chosen":"THE_SILENT","items_purchased":[],"campfire_rested":2,"item_purchase_floors":[],"current_hp_per_floor":[62,54,48,57,51,70,6,6,6,27,22,0],"gold":269,"neow_bonus":"","is_prod":false,"is_daily":true,"chose_seed":false,"campfire_upgraded":0,"win_rate":0,"timestamp":1530647702,"path_taken":["M","M","M","M","M","R","E","?","T","R","M","E"],"build_version":"2018-06-28","purchased_purges":0,"victory":false,"max_hp_per_floor":[70,70,70,70,70,70,70,70,70,70,70,70],"card_choices":[{"not_picked":["Endless Agony","Slice"],"picked":"Backflip","floor":1},{"not_picked":["Sucker Punch","Dash"],"picked":"Dagger Spray","floor":2},{"not_picked":["Grand Finale","Endless Agony"],"picked":"Terror","floor":3},{"not_picked":["Predator","Finisher"],"picked":"Deflect","floor":4},{"not_picked":["Deflect","Skewer"],"picked":"PiercingWail","floor":5},{"not_picked":["Acrobatics","Deadly Poison"],"picked":"Dagger Throw","floor":7},{"not_picked":["Backflip","Masterful Stab"],"picked":"Calculated Gamble","floor":11}],"player_experience":204178,"relics_obtained":[{"floor":7,"key":"Whetstone"},{"floor":9,"key":"Snake Skull"}],"event_choices":[{"event_name":"The Cleric","player_choice":"Leave","floor":8,"damage_taken":0}],"boss_relics":[],"items_purged_floors":[],"is_endless":false,"potions_floor_spawned":[2,3,4,5],"killed_by":"Gremlin Nob","ascension_level":0}