{"gold_per_floor":[111,111,111,9,19,47,47,76,76,87,87,14,14,14,14,118,118,129,146,12,29,29,29,29,29,29,29,46,46,56,56,56,156,156,172,172,183,196,206,235,235,335,335,335,355,375,375,89,89,89],"floor_reached":50,"playtime":2376,"items_purged":["Strike_G","Infinite Blades+1","Decay"],"score":478,"play_id":"1130caa3-2f45-49bf-aa37-998ad3f1ea23","local_time":"20190201000810","is_ascension_mode":false,"campfire_choices":[{"floor":7,"key":"REST"},{"data":"Infinite Blades","floor":11,"key":"SMITH"},{"floor":15,"key":"REST"},{"data":"Footwork","floor":23,"key":"SMITH"},{"data":"Footwork","floor":25,"key":"SMITH"},{"data":"Noxious Fumes","floor":27,"key":"SMITH"},{"data":"Corpse Explosion","floor":32,"key":"SMITH"},{"data":"Choke","floor":44,"key":"SMITH"},{"data":"Sucker Punch","floor":47,"key":"SMITH"},{"data":"Footwork","floor":49,"key":"SMITH"}],"neow_cost":"NONE","seed_source_timestamp":19077738021800,"circlet_count":0,"master_deck":["Defend_G","Defend_G","Defend_G","Defend_G+1","Strike_G","Strike_G","Strike_G","Strike_G","Survivor+1","Neutralize","Expertise","Flying Knee+1","Cloak And Dagger","Choke+1","Dagger Throw","Backflip","Sucker Punch+1","Corpse Explosion+1","Choke+1","Noxious Fumes+1","Footwork+1","Footwork+1","Flying Knee","Backflip","Die Die Die","Dagger Spray+1","Backflip","Escape Plan","Catalyst+1","Infinite Blades+1","Writhe","Dagger Spray+1","Footwork+1","Mind Blast+1"],"relics":["Ring of the Snake","Art of War","GremlinMask","Torii","Bronze Scales","Thread and Needle","Mercury Hourglass","Snecko Eye","Bottled Lightning","Cursed Key","Meat on the Bone","Incense Burner","Molten Egg 2"],"potions_floor_usage":[33,50,50,50],"damage_taken":[{"damage":1,"enemies":"Cultist","floor":1,"turns":4},{"damage":0,"enemies":"Small Slimes","floor":5,"turns":5},{"damage":47,"enemies":"Lagavulin","floor":6,"turns":11},{"damage":9,"enemies":"3 Sentries","floor":8,"turns":12},{"damage":0,"enemies":"2 Louse","floor":10,"turns":3},{"damage":35,"enemies":"The Guardian","floor":16,"turns":13},{"damage":0,"enemies":"Chosen","floor":18,"turns":4},{"damage":1,"enemies":"2 Thieves","floor":19,"turns":3},{"damage":14,"enemies":"Sentry and Sphere","floor":21,"turns":4},{"damage":0,"enemies":"3 Cultists","floor":28,"turns":3},{"damage":2,"enemies":"Snake Plant","floor":30,"turns":3},{"damage":41,"enemies":"Champ","floor":33,"turns":11},{"damage":3,"enemies":"Orb Walker","floor":35,"turns":5},{"damage":1,"enemies":"3 Darklings","floor":37,"turns":2},{"damage":13,"enemies":"Spire Growth","floor":38,"turns":6},{"damage":0,"enemies":"Maw","floor":39,"turns":7},{"damage":33,"enemies":"Reptomancer","floor":40,"turns":5},{"damage":2,"enemies":"Mind Bloom Boss Battle","floor":42,"turns":6},{"damage":10,"enemies":"4 Shapes","floor":45,"turns":3},{"damage":8,"enemies":"Jaw Worm Horde","floor":46,"turns":2},{"damage":98,"enemies":"Awakened One","floor":50,"turns":10}],"seed_played":"3699249747686549693","potions_obtained":[{"floor":5,"key":"Strength Potion"},{"floor":8,"key":"Regen Potion"},{"floor":10,"key":"SpeedPotion"},{"floor":33,"key":"FearPotion"},{"floor":35,"key":"Regen Potion"}],"is_trial":false,"path_per_floor":["M","?","?","$","M","E","R","E","T","M","R","$","T","?","R","B",null,"M","M","$","M","?","R","?","R","T","R","M","$","M","$","R","B",null,"M","?","M","M","M","E","?","?","T","R","M","M","R","$","R","B"],"character_chosen":"THE_SILENT","items_purchased":["Flying Knee","Backflip","Sucker Punch","Footwork","Footwork","Mind Blast+1"],"campfire_rested":2,"item_purchase_floors":[4,12,12,20,48,48],"current_hp_per_floor":[69,69,69,69,69,22,43,34,34,34,34,34,34,20,41,6,70,70,69,69,55,55,55,55,55,55,55,55,55,53,53,53,12,70,67,67,66,53,53,20,20,30,30,30,32,36,36,36,36,0],"gold":89,"neow_bonus":"RANDOM_COMMON_RELIC","is_prod":false,"is_daily":false,"chose_seed":false,"campfire_upgraded":8,"win_rate":0,"timestamp":1548950890,"path_taken":["M","?","?","$","M","E","R","E","T","?","R","$","?","?","R","BOSS","M","M","$","M","?","R","?","R","T","R","M","$","M","$","R","BOSS","M","?","M","?","M","E","?","?","T","R","M","M","R","$","R","BOSS"],"build_version":"2019-01-23","purchased_purges":3,"victory":false,"max_hp_per_floor":[70,70,70,70,70,70,70,70,70,70,70,70,70,70,70,70,70,70,70,70,70,70,70,70,70,70,70,70,70,70,70,70,70,70,70,70,70,70,70,70,70,70,70,70,70,70,70,70,70,70],"card_choices":[{"not_picked":["PiercingWail","Prepared"],"picked":"Expertise","floor":1},{"not_picked":["Predator","Outmaneuver"],"picked":"Cloak And Dagger","floor":5},{"not_picked":["Dash","Heel Hook"],"picked":"Infinite Blades","floor":6},{"not_picked":["Skewer","Slice"],"picked":"Choke","floor":8},{"not_picked":["Poisoned Stab","Flechettes"],"picked":"Dagger Throw","floor":10},{"not_picked":["Unload","Malaise"],"picked":"Corpse Explosion","floor":16},{"not_picked":["Underhanded Strike","Quick Slash"],"picked":"Choke+1","floor":18},{"not_picked":["Outmaneuver","Prepared+1"],"picked":"Noxious Fumes","floor":19},{"not_picked":["Cloak And Dagger+1","Flying Knee"],"picked":"Footwork","floor":21},{"not_picked":["Backflip","Dodge and Roll"],"picked":"Flying Knee","floor":28},{"not_picked":["Deflect","Choke"],"picked":"Backflip","floor":30},{"not_picked":["Doppelganger","Venomology"],"picked":"Die Die Die","floor":33},{"not_picked":["Cloak And Dagger","Flying Knee+1"],"picked":"Dagger Spray+1","floor":35},{"not_picked":["Poisoned Stab","Blade Dance+1"],"picked":"Backflip","floor":37},{"not_picked":["Deadly Poison+1","Acrobatics"],"picked":"Escape Plan","floor":38},{"not_picked":["Outmaneuver+1","Accuracy"],"picked":"Catalyst+1","floor":39},{"not_picked":["Doppelganger","Blade Dance","Deflect"],"picked":"SKIP","floor":40},{"not_picked":["Poisoned Stab+1","Deflect+1"],"picked":"Infinite Blades+1","floor":42},{"not_picked":["Endless Agony+1","Acrobatics"],"picked":"Dagger Spray+1","floor":45},{"not_picked":["Quick Slash+1","Escape Plan","Heel Hook+1"],"picked":"SKIP","floor":46}],"player_experience":156051,"relics_obtained":[{"floor":6,"key":"Torii"},{"floor":8,"key":"Bronze Scales"},{"floor":9,"key":"Thread and Needle"},{"floor":13,"key":"Mercury Hourglass"},{"floor":26,"key":"Bottled Lightning"},{"floor":40,"key":"Meat on the Bone"},{"floor":42,"key":"Incense Burner"},{"floor":43,"key":"Molten Egg 2"}],"event_choices":[{"damage_healed":0,"gold_gain":0,"player_choice":"Grow","damage_taken":0,"max_hp_gain":0,"max_hp_loss":0,"event_name":"Living Wall","floor":2,"gold_loss":0,"cards_upgraded":["Survivor"]},{"damage_healed":0,"gold_gain":0,"player_choice":"Trade","damage_taken":0,"relics_obtained":["GremlinMask"],"max_hp_gain":0,"max_hp_loss":0,"event_name":"FaceTrader","floor":3,"gold_loss":0},{"damage_healed":0,"gold_gain":0,"player_choice":"Entered Light","damage_taken":14,"max_hp_gain":0,"max_hp_loss":0,"event_name":"Shining Light","floor":14,"gold_loss":0,"cards_upgraded":["Flying Knee","Defend_G"]},{"damage_healed":0,"gold_gain":0,"player_choice":"Ignored","damage_taken":0,"max_hp_gain":0,"max_hp_loss":0,"event_name":"Beggar","floor":22,"gold_loss":0},{"damage_healed":0,"gold_gain":0,"player_choice":"Ignored","damage_taken":0,"max_hp_gain":0,"max_hp_loss":0,"event_name":"Vampires","floor":24,"gold_loss":0},{"damage_healed":0,"gold_gain":0,"player_choice":"Cursed","damage_taken":0,"max_hp_gain":0,"max_hp_loss":0,"event_name":"Wheel of Change","floor":36,"gold_loss":0,"cards_obtained":["Decay"]},{"cards_removed":["Defend_G"],"damage_healed":0,"gold_gain":0,"player_choice":"Removed Skill","damage_taken":0,"max_hp_gain":0,"max_hp_loss":0,"event_name":"Falling","floor":41,"gold_loss":0},{"damage_healed":0,"gold_gain":0,"player_choice":"Fight","damage_taken":0,"max_hp_gain":0,"max_hp_loss":0,"event_name":"MindBloom","floor":42,"gold_loss":0}],"is_beta":false,"boss_relics":[{"not_picked":["Coffee Dripper","Calling Bell"],"picked":"Snecko Eye"},{"not_picked":["Busted Crown","HoveringKite"],"picked":"Cursed Key"}],"items_purged_floors":[4,20,48],"is_endless":false,"potions_floor_spawned":[5,8,10,19,21,33,35,40,46],"killed_by":"Awakened One","ascension_level":0}