{"gold_per_floor":[116,116,131,146,146,176,176,202,274,274,306,19,34,61,61,159,159,172,183,45,45,145,180,180,180,251,265,265,300,317,333,333,429,429,448,448,472,89,89,89,107,123,123,123,143,143,163,176,176,176],"floor_reached":51,"playtime":6461,"items_purged":["Strike_B","Strike_B","Strike_B"],"score":740,"play_id":"db5970a9-19ae-4815-90bb-54d400d0e090","local_time":"20190206122841","is_ascension_mode":false,"campfire_choices":[{"data":"Fission","floor":7,"key":"SMITH"},{"data":"Zap","floor":10,"key":"SMITH"},{"data":"Hologram","floor":15,"key":"SMITH"},{"floor":24,"key":"REST"},{"data":"Darkness","floor":28,"key":"SMITH"},{"data":"Defragment","floor":32,"key":"SMITH"},{"data":"Echo Form","floor":40,"key":"SMITH"},{"data":"Echo Form","floor":44,"key":"SMITH"},{"data":"Loop","floor":46,"key":"SMITH"},{"data":"Defragment","floor":49,"key":"SMITH"}],"neow_cost":"NONE","seed_source_timestamp":88783535317100,"circlet_count":0,"master_deck":["Defend_B","Defend_B","Defend_B","Defend_B","Zap+1","Dualcast","Fission+1","Self Repair","Coolheaded","Compile Driver","Self Repair","Darkness+1","Stack","Defragment+1","Leap","Hologram+1","Doom and Gloom","Loop","Echo Form+1","Leap","Capacitor","Writhe","Reprogram+1","Stack+1","Stack","Leap","Loop+1","Echo Form+1","Cold Snap","Finesse","Cold Snap","Stack","Redo+1","Defragment+1"],"relics":["Cracked Core","Du-Vu Doll","Orichalcum","The Courier","Incense Burner","Blood Vial","Nuclear Battery","Ancient Tea Set","Mango","Bottled Lightning","Mummified Hand","Enchiridion","Pantograph","Art of War","Inserter","Lantern","Matryoshka","Pen Nib","Mercury Hourglass"],"potions_floor_usage":[6,16,27,50],"damage_taken":[{"damage":1,"enemies":"Cultist","floor":1,"turns":3},{"damage":5,"enemies":"Jaw Worm","floor":3,"turns":4},{"damage":5,"enemies":"2 Louse","floor":4,"turns":5},{"damage":19,"enemies":"Lagavulin","floor":6,"turns":8},{"damage":16,"enemies":"3 Sentries","floor":8,"turns":10},{"damage":14,"enemies":"Gremlin Nob","floor":11,"turns":4},{"damage":10,"enemies":"Large Slime","floor":13,"turns":6},{"damage":17,"enemies":"3 Sentries","floor":14,"turns":9},{"damage":0,"enemies":"Slime Boss","floor":16,"turns":5},{"damage":14,"enemies":"3 Byrds","floor":18,"turns":6},{"damage":11,"enemies":"Spheric Guardian","floor":19,"turns":5},{"damage":22,"enemies":"Colosseum Slavers","floor":22,"turns":6},{"damage":50,"enemies":"Colosseum Nobs","floor":22,"turns":6},{"damage":49,"enemies":"Slavers","floor":23,"turns":6},{"damage":7,"enemies":"Snake Plant","floor":27,"turns":4},{"damage":27,"enemies":"Gremlin Leader","floor":29,"turns":7},{"damage":0,"enemies":"Cultist and Chosen","floor":30,"turns":4},{"damage":2,"enemies":"Shelled Parasite and Fungi","floor":31,"turns":5},{"damage":22,"enemies":"Champ","floor":33,"turns":7},{"damage":13,"enemies":"3 Darklings","floor":35,"turns":5},{"damage":12,"enemies":"3 Shapes","floor":41,"turns":2},{"damage":12,"enemies":"Maw","floor":42,"turns":6},{"damage":13,"enemies":"Sphere and 2 Shapes","floor":45,"turns":6},{"damage":14,"enemies":"Jaw Worm Horde","floor":47,"turns":7},{"damage":40,"enemies":"Transient","floor":48,"turns":5},{"damage":2,"enemies":"Time Eater","floor":50,"turns":8}],"seed_played":"-7838617866236766083","potions_obtained":[{"floor":1,"key":"Regen Potion"},{"floor":6,"key":"GamblersBrew"},{"floor":8,"key":"Strength Potion"},{"floor":11,"key":"Swift Potion"},{"floor":27,"key":"Weak Potion"},{"floor":30,"key":"SteroidPotion"},{"floor":31,"key":"Block Potion"},{"floor":33,"key":"SpeedPotion"},{"floor":48,"key":"Block Potion"}],"is_trial":false,"path_per_floor":["M","?","M","M","?","E","R","E","T","R","E","$","M","E","R","B",null,"M","M","$","?","?","E","R","?","T","M","R","E","M","M","R","B",null,"M","?","T","$","?","R","M","M","T","R","M","R","M","M","R","B",null],"character_chosen":"DEFECT","items_purchased":["Defragment","Leap","Hologram","FocusPotion","Doom and Gloom","Capacitor","Matryoshka","Cold Snap","Finesse"],"campfire_rested":1,"item_purchase_floors":[12,12,12,12,12,20,38,38,38],"current_hp_per_floor":[74,79,80,80,73,70,70,68,68,68,68,68,72,69,69,78,80,80,80,80,80,58,25,53,37,37,60,60,49,79,93,93,86,94,94,84,84,84,84,84,81,85,85,85,88,88,89,70,70,89],"gold":176,"neow_bonus":"ONE_RANDOM_RARE_CARD","is_prod":false,"is_daily":false,"chose_seed":false,"campfire_upgraded":9,"win_rate":0.0,"timestamp":1549452521,"path_taken":["M","?","M","M","?","E","R","E","T","R","E","$","M","E","R","BOSS","M","M","$","?","?","E","R","?","T","M","R","E","?","M","R","BOSS","M","?","?","$","?","R","M","M","T","R","M","R","M","M","R","BOSS"],"build_version":"2019-01-23","purchased_purges":3,"victory":true,"max_hp_per_floor":[75,80,80,80,80,80,80,80,80,80,80,80,80,80,80,80,80,80,80,80,80,94,94,94,94,94,94,94,94,94,94,94,94,94,94,94,94,94,89,89,89,89,89,89,89,89,89,89,89,89],"card_choices":[{"not_picked":["Undo","Leap"],"picked":"Self Repair","floor":1},{"not_picked":["Sunder","Fusion"],"picked":"Coolheaded","floor":3},{"not_picked":["Cold Snap","Chaos"],"picked":"Compile Driver","floor":4},{"not_picked":["Heatsinks","Turbo"],"picked":"Self Repair","floor":6},{"not_picked":["Compile Driver","Ball Lightning"],"picked":"Darkness","floor":8},{"not_picked":["Doom and Gloom","Rainbow"],"picked":"Stack","floor":11},{"not_picked":["Beam Cell","Lockon","Sweeping Beam"],"picked":"SKIP","floor":13},{"not_picked":["Consume","Lockon"],"picked":"Loop","floor":14},{"not_picked":["Biased Cognition","Meteor Strike"],"picked":"Echo Form","floor":16},{"not_picked":["Rebound","White Noise+1"],"picked":"Leap","floor":18},{"not_picked":["Go for the Eyes","Undo+1","Sunder"],"picked":"SKIP","floor":19},{"not_picked":["BootSequence","Double Energy"],"picked":"Reprogram+1","floor":22},{"not_picked":["Compile Driver","Genetic Algorithm"],"picked":"Stack+1","floor":23},{"not_picked":["Barrage","Genetic Algorithm"],"picked":"Stack","floor":27},{"not_picked":["Redo","Tempest"],"picked":"Leap","floor":29},{"not_picked":["Tempest+1","Gash","Ball Lightning"],"picked":"SKIP","floor":30},{"not_picked":["Streamline+1","Conserve Battery"],"picked":"Loop","floor":31},{"not_picked":["Multi-Cast","Seek"],"picked":"Echo Form","floor":33},{"not_picked":["Gash","White Noise+1","Auto Shields"],"picked":"SKIP","floor":35},{"not_picked":["Streamline+1","Steam+1","Gash"],"picked":"SKIP","floor":41},{"not_picked":["Steam+1","Biased Cognition"],"picked":"Cold Snap","floor":42},{"not_picked":["Ball Lightning","Aggregate"],"picked":"Stack","floor":45},{"not_picked":["Turbo","Barrage+1"],"picked":"Redo+1","floor":47},{"not_picked":["Chaos","Storm+1"],"picked":"Defragment","floor":48}],"player_experience":437458,"relics_obtained":[{"floor":6,"key":"Du-Vu Doll"},{"floor":8,"key":"Orichalcum"},{"floor":9,"key":"The Courier"},{"floor":11,"key":"Incense Burner"},{"floor":14,"key":"Blood Vial"},{"floor":22,"key":"Mango"},{"floor":22,"key":"Bottled Lightning"},{"floor":23,"key":"Mummified Hand"},{"floor":25,"key":"Enchiridion"},{"floor":26,"key":"Pantograph"},{"floor":29,"key":"Art of War"},{"floor":37,"key":"Lantern"},{"floor":43,"key":"Pen Nib"},{"floor":43,"key":"Mercury Hourglass"}],"event_choices":[{"damage_healed":0,"gold_gain":0,"player_choice":"Donut","damage_taken":0,"max_hp_gain":5,"max_hp_loss":0,"event_name":"Big Fish","floor":2,"gold_loss":0},{"cards_removed":["Strike_B"],"damage_healed":0,"gold_gain":0,"player_choice":"Card Removal","damage_taken":7,"max_hp_gain":0,"max_hp_loss":0,"event_name":"Golden Wing","floor":5,"gold_loss":0},{"damage_healed":0,"gold_gain":0,"player_choice":"Opened","damage_taken":0,"relics_obtained":["Ancient Tea Set"],"max_hp_gain":0,"max_hp_loss":0,"event_name":"The Mausoleum","floor":21,"gold_loss":0,"cards_obtained":["Writhe"]},{"damage_healed":0,"gold_gain":0,"player_choice":"Fight","damage_taken":0,"max_hp_gain":0,"max_hp_loss":0,"event_name":"Colosseum","floor":22,"gold_loss":0},{"damage_healed":0,"gold_gain":0,"player_choice":"Fought Nobs","damage_taken":0,"max_hp_gain":0,"max_hp_loss":0,"event_name":"Colosseum","floor":22,"gold_loss":0},{"damage_healed":0,"gold_gain":0,"player_choice":"Obtained Book","damage_taken":16,"max_hp_gain":0,"max_hp_loss":0,"event_name":"Cursed Tome","floor":25,"gold_loss":0},{"damage_healed":0,"gold_gain":0,"player_choice":"Memory 3","damage_taken":10,"max_hp_gain":0,"max_hp_loss":0,"event_name":"SensoryStone","floor":36,"gold_loss":0},{"damage_healed":0,"gold_gain":0,"player_choice":"Max HP","damage_taken":0,"max_hp_gain":0,"max_hp_loss":5,"event_name":"Winding Halls","floor":39,"gold_loss":0}],"is_beta":false,"boss_relics":[{"not_picked":["Black Star","Runic Pyramid"],"picked":"Nuclear Battery"},{"not_picked":["Empty Cage","Cursed Key"],"picked":"Inserter"}],"items_purged_floors":[12,20,38],"is_endless":false,"potions_floor_spawned":[1,6,8,11,22,27,30,31,33,35,48],"ascension_level":0}