{"gold_per_floor":[114,114,124,144,144,144,179,179,179,211,228,280,5,16,16,16],"floor_reached":16,"playtime":565,"items_purged":[],"score":220,"play_id":"1cb279ac-1a43-434e-8f3f-1e684305329f","local_time":"20181227122758","is_ascension_mode":true,"campfire_choices":[{"data":"Dagger Spray","floor":6,"key":"SMITH"},{"floor":8,"key":"REST"},{"floor":15,"key":"REST"}],"neow_cost":"NONE","seed_source_timestamp":872254296304433,"circlet_count":0,"master_deck":["AscendersBane","Defend_G","Defend_G","Defend_G+1","Defend_G","Defend_G","Strike_G","Strike_G","Strike_G","Strike_G+1","Strike_G","Survivor","Neutralize","Sucker Punch","Quick Slash","Dagger Spray+1","Dodge and Roll","Dash","Backflip"],"relics":["Ring of the Snake","Mercury Hourglass","Pen Nib","Paper Crane","Ninja Scroll"],"potions_floor_usage":[10,16],"damage_taken":[{"damage":9,"enemies":"Cultist","floor":1,"turns":5},{"damage":0,"enemies":"2 Louse","floor":3,"turns":2},{"damage":0,"enemies":"Small Slimes","floor":4,"turns":3},{"damage":31,"enemies":"3 Sentries","floor":7,"turns":10},{"damage":20,"enemies":"Gremlin Nob","floor":10,"turns":4},{"damage":2,"enemies":"Blue Slaver","floor":11,"turns":4},{"damage":0,"enemies":"Lots of Slimes","floor":14,"turns":2},{"damage":25,"enemies":"Hexaghost","floor":16,"turns":13}],"seed_played":"347057825413089278","potions_obtained":[{"floor":3,"key":"EssenceOfSteel"},{"floor":7,"key":"Dexterity Potion"},{"floor":10,"key":"SpeedPotion"}],"is_trial":false,"path_per_floor":["M","?","M","M","?","R","E","R","T","E","M","?","$","M","R","B"],"character_chosen":"THE_SILENT","items_purchased":["Ninja Scroll"],"campfire_rested":2,"item_purchase_floors":[13],"current_hp_per_floor":[56,34,34,34,34,34,3,24,24,4,2,2,2,2,23,0],"gold":16,"neow_bonus":"TEN_PERCENT_HP_BONUS","is_prod":false,"is_daily":false,"chose_seed":false,"campfire_upgraded":1,"win_rate":0,"timestamp":1545942478,"path_taken":["M","?","M","M","?","R","E","R","T","E","M","?","$","M","R","BOSS"],"build_version":"2018-12-20","purchased_purges":0,"victory":false,"max_hp_per_floor":[72,72,72,72,72,72,72,72,72,72,72,72,72,72,72,72],"card_choices":[{"not_picked":["PiercingWail","Catalyst"],"picked":"Sucker Punch","floor":1},{"not_picked":["PiercingWail","Outmaneuver"],"picked":"Quick Slash","floor":3},{"not_picked":["Outmaneuver","Bane"],"picked":"Dagger Spray","floor":4},{"not_picked":["Distraction","Predator"],"picked":"Dodge and Roll","floor":7},{"not_picked":["Acrobatics","Bouncing Flask","Underhanded Strike"],"picked":"SKIP","floor":10},{"not_picked":["Prepared","Accuracy"],"picked":"Dash","floor":11},{"not_picked":["Outmaneuver","Choke"],"picked":"Backflip","floor":14}],"player_experience":228879,"relics_obtained":[{"floor":7,"key":"Mercury Hourglass"},{"floor":9,"key":"Pen Nib"},{"floor":10,"key":"Paper Crane"}],"event_choices":[{"damage_healed":0,"gold_gain":0,"player_choice":"Entered Light","damage_taken":22,"max_hp_gain":0,"max_hp_loss":0,"event_name":"Shining Light","floor":2,"gold_loss":0,"cards_upgraded":["Defend_G","Strike_G"]},{"damage_healed":0,"gold_gain":0,"player_choice":"Fled","damage_taken":0,"max_hp_gain":0,"max_hp_loss":0,"event_name":"Scrap Ooze","floor":5,"gold_loss":0},{"damage_healed":0,"gold_gain":52,"player_choice":"Gained Gold","damage_taken":0,"max_hp_gain":0,"max_hp_loss":0,"event_name":"Golden Wing","floor":12,"gold_loss":0}],"is_beta":false,"boss_relics":[],"items_purged_floors":[],"is_endless":false,"potions_floor_spawned":[3,7,10],"killed_by":"Hexaghost","ascension_level":20}