{"gold_per_floor":[110,110,110,110,185,213,213,67,93,93,93,136,136,170,170,170],"floor_reached":16,"playtime":720,"items_purged":["Strike_G"],"score":224,"play_id":"f3d311c8-2ffe-444a-bc43-8122b5503680","local_time":"20190125141629","is_ascension_mode":true,"campfire_choices":[{"data":"Neutralize","floor":7,"key":"SMITH"},{"data":"Footwork","floor":13,"key":"SMITH"},{"data":"Adrenaline","floor":15,"key":"SMITH"}],"neow_cost":"NONE","seed_source_timestamp":64562952440500,"circlet_count":0,"master_deck":["Defend_G","Defend_G","Defend_G+1","Defend_G","Defend_G","Strike_G+1","Strike_G","Strike_G+1","Survivor","Neutralize+1","Dagger Throw+1","Footwork+1","Adrenaline+1"],"relics":["Ring of the Snake","NeowsBlessing","Happy Flower","Bag of Marbles","Bag of Preparation","Golden Idol","Whetstone","Torii"],"potions_floor_usage":[16,16],"damage_taken":[{"damage":0,"enemies":"Jaw Worm","floor":1,"turns":1},{"damage":0,"enemies":"Gremlin Nob","floor":6,"turns":1},{"damage":0,"enemies":"Lagavulin","floor":12,"turns":1},{"damage":0,"enemies":"Gremlin Nob","floor":14,"turns":2},{"damage":20,"enemies":"Slime Boss","floor":16,"turns":7}],"seed_played":"8169591473295303933","potions_obtained":[{"floor":1,"key":"Explosive Potion"},{"floor":14,"key":"Energy Potion"}],"is_trial":false,"path_per_floor":["M","?","$","?","?","E","R","$","T","?","?","E","R","E","R","B"],"character_chosen":"THE_SILENT","items_purchased":["Footwork"],"campfire_rested":0,"item_purchase_floors":[8],"current_hp_per_floor":[70,56,56,38,27,27,27,27,27,27,20,20,20,20,20,0],"gold":170,"neow_bonus":"THREE_ENEMY_KILL","is_prod":false,"is_daily":false,"chose_seed":false,"campfire_upgraded":3,"win_rate":0,"timestamp":1548422189,"path_taken":["M","?","$","?","?","E","R","$","T","?","?","E","R","E","R","BOSS"],"build_version":"2019-01-23","purchased_purges":1,"victory":false,"max_hp_per_floor":[70,70,70,70,70,70,70,70,70,65,65,65,65,65,65,65],"card_choices":[{"not_picked":["Tactician","Setup","Endless Agony"],"picked":"SKIP","floor":1},{"not_picked":["Dodge and Roll","Cloak And Dagger"],"picked":"Dagger Throw","floor":6},{"not_picked":["Outmaneuver","Accuracy"],"picked":"Adrenaline","floor":12},{"not_picked":["Corpse Explosion","Poisoned Stab","Blade Dance"],"picked":"SKIP","floor":14}],"player_experience":83634,"relics_obtained":[{"floor":6,"key":"Bag of Marbles"},{"floor":9,"key":"Bag of Preparation"},{"floor":12,"key":"Whetstone"},{"floor":14,"key":"Torii"}],"event_choices":[{"damage_healed":0,"gold_gain":0,"player_choice":"Entered Light","damage_taken":14,"max_hp_gain":0,"max_hp_loss":0,"event_name":"Shining Light","floor":2,"gold_loss":0,"cards_upgraded":["Defend_G","Strike_G"]},{"damage_healed":0,"gold_gain":0,"player_choice":"Success","damage_taken":18,"relics_obtained":["Happy Flower"],"max_hp_gain":0,"max_hp_loss":0,"event_name":"Scrap Ooze","floor":4,"gold_loss":0},{"damage_healed":0,"gold_gain":75,"player_choice":"Gather Gold","damage_taken":11,"max_hp_gain":0,"max_hp_loss":0,"event_name":"World of Goop","floor":5,"gold_loss":0},{"damage_healed":0,"gold_gain":0,"player_choice":"Lose Max HP","damage_taken":0,"relics_obtained":["Golden Idol"],"max_hp_gain":0,"max_hp_loss":5,"event_name":"Golden Idol","floor":10,"gold_loss":0},{"cards_removed":["Strike_G"],"damage_healed":0,"gold_gain":0,"player_choice":"Card Removal","damage_taken":7,"max_hp_gain":0,"max_hp_loss":0,"event_name":"Golden Wing","floor":11,"gold_loss":0}],"is_beta":false,"boss_relics":[],"items_purged_floors":[8],"is_endless":false,"potions_floor_spawned":[1,14],"killed_by":"Slime Boss","ascension_level":4}