{"gold_per_floor":[117,131,131,29,29,29,49,78,124,149,149,20,20,38,38,139,139,153,172,172,182,82,82,107,107,132,147,147,176,91,91,91,186,186,197,212,12,12,12,12,39,39,39,67,81,92,42,61,61,61],"floor_reached":51,"playtime":4465,"items_purged":["Strike_R","Strike_R","Strike_R+1"],"score":1125,"play_id":"2664f7b2-53c4-4d99-8e6a-acb506c6dc24","local_time":"20190201060724","is_ascension_mode":true,"campfire_choices":[{"data":"Twin Strike","floor":6.0,"key":"SMITH"},{"data":"Immolate","floor":11.0,"key":"SMITH"},{"data":"True Grit","floor":13.0,"key":"SMITH"},{"data":"Armaments","floor":15.0,"key":"SMITH"},{"data":"Limit Break","floor":23.0,"key":"SMITH"},{"data":"Shockwave","floor":28.0,"key":"SMITH"},{"data":"Spot Weakness","floor":32.0,"key":"SMITH"},{"data":"Disarm","floor":40.0,"key":"SMITH"},{"data":"Reaper","floor":42.0,"key":"SMITH"},{"data":"Burning Pact","floor":49,"key":"SMITH"}],"neow_cost":"NONE","seed_source_timestamp":0,"circlet_count":0,"master_deck":["AscendersBane","Strike_R+1","Strike_R+1","Defend_R+1","Defend_R+1","Defend_R+1","Defend_R+1","Bash+1","Body Slam+1","Twin Strike+1","Twin Strike","Immolate+1","True Grit+1","Feel No Pain+1","Armaments+1","Limit Break+1","Spot Weakness+1","Corruption","Shockwave+1","Reaper","Carnage+1","Headbutt","Reaper+1","Battle Trance+1","Warcry+1","Disarm+1","Limit Break+1","Burning Pact+1","Body Slam+1","Flame Barrier","Sentinel+1"],"special_seed":0,"relics":["Burning Blood","Vajra","Regal Pillow","Boot","Snecko Eye","Question Card","Blood Vial","Potion Belt","Pear","Velvet Choker","Centennial Puzzle","Happy Flower","Du-Vu Doll"],"potions_floor_usage":[50],"damage_taken":[{"damage":3.0,"enemies":"Small Slimes","floor":1.0,"turns":4.0},{"damage":6.0,"enemies":"Cultist","floor":2.0,"turns":3.0},{"damage":2.0,"enemies":"2 Louse","floor":7.0,"turns":3.0},{"damage":45.0,"enemies":"3 Sentries","floor":8.0,"turns":10.0},{"damage":25.0,"enemies":"Lagavulin","floor":10.0,"turns":6.0},{"damage":0.0,"enemies":"Lots of Slimes","floor":14.0,"turns":1.0},{"damage":12.0,"enemies":"Slime Boss","floor":16.0,"turns":8.0},{"damage":17.0,"enemies":"2 Thieves","floor":18.0,"turns":2.0},{"damage":0.0,"enemies":"Shell Parasite","floor":19.0,"turns":1.0},{"damage":0.0,"enemies":"Snecko","floor":21.0,"turns":2.0},{"damage":11.0,"enemies":"Book of Stabbing","floor":24.0,"turns":4.0},{"damage":1.0,"enemies":"Cultist and Chosen","floor":27.0,"turns":4.0},{"damage":9.0,"enemies":"Slavers","floor":29.0,"turns":3.0},{"damage":56.0,"enemies":"Champ","floor":33.0,"turns":7.0},{"damage":16.0,"enemies":"3 Darklings","floor":35.0,"turns":5.0},{"damage":4.0,"enemies":"3 Shapes","floor":36.0,"turns":4.0},{"damage":36.0,"enemies":"Giant Head","floor":41.0,"turns":7.0},{"damage":8.0,"enemies":"Nemesis","floor":44.0,"turns":5.0},{"damage":32.0,"enemies":"Writhing Mass","floor":45.0,"turns":4.0},{"damage":10,"enemies":"Spire Growth","floor":46,"turns":3},{"damage":33,"enemies":"4 Shapes","floor":48,"turns":6},{"damage":24,"enemies":"Time Eater","floor":50,"turns":7}],"seed_played":"4771222839837786758","potions_obtained":[{"floor":7.0,"key":"Regen Potion"},{"floor":8.0,"key":"Explosive Potion"},{"floor":14.0,"key":"Energy Potion"},{"floor":18.0,"key":"SteroidPotion"},{"floor":19.0,"key":"Poison Potion"},{"floor":24.0,"key":"FearPotion"},{"floor":35.0,"key":"Poison Potion"},{"floor":41.0,"key":"SteroidPotion"},{"floor":45.0,"key":"SteroidPotion"},{"floor":46,"key":"GamblersBrew"}],"is_trial":false,"path_per_floor":["M","M","?","$","?","R","M","E","T","E","R","$","R","M","R","B",null,"M","M","$","M","$","R","E","?","T","M","R","E","?","?","R","B",null,"M","M","$","?","?","R","E","R","T","E","M","M","$","M","R","B",null],"character_chosen":"IRONCLAD","items_purchased":["Twin Strike","True Grit","Feel No Pain","Disarm","PowerPotion"],"campfire_rested":0,"item_purchase_floors":[4,12,12,37,47],"current_hp_per_floor":[83,83,83,83,83,83,87,63,63,44,44,44,44,50,50,44,77,66,72,72,78,78,78,73,73,73,88,88,85,95,95,95,98,98,98,98,98,93,93,93,63,63,63,93,93,93,93,93,93,91],"gold":61,"neow_bonus":"TEN_PERCENT_HP_BONUS","is_prod":false,"is_daily":false,"chose_seed":false,"campfire_upgraded":10,"win_rate":0,"timestamp":1548997644,"path_taken":["M","M","?","$","?","R","M","E","T","E","R","$","R","M","R","BOSS","M","M","?","M","$","R","E","?","T","M","R","E","?","?","R","BOSS","M","?","$","?","?","R","E","R","T","E","M","?","$","M","R","BOSS"],"build_version":"2019-01-23","purchased_purges":3,"victory":true,"max_hp_per_floor":[88,88,88,88,88,88,88,88,88,88,88,88,88,88,88,88,88,88,88,88,88,88,88,88,88,88,88,88,88,98,98,98,98,98,98,98,98,93,93,93,93,93,93,93,93,93,93,93,93,93],"card_choices":[{"not_picked":["Cleave","Clash"],"picked":"Body Slam","floor":1.0},{"not_picked":["Flex","Perfected Strike","Sentinel"],"picked":"SKIP","floor":2.0},{"not_picked":["Blood for Blood","Cleave"],"picked":"Twin Strike","floor":7.0},{"not_picked":["Sentinel","Clothesline"],"picked":"Immolate","floor":8.0},{"not_picked":["Headbutt","Wild Strike","Anger"],"picked":"SKIP","floor":10.0},{"not_picked":["Thunderclap","Clothesline"],"picked":"Armaments","floor":14.0},{"not_picked":["Immolate","Bludgeon"],"picked":"Limit Break","floor":16.0},{"not_picked":["Flex","Perfected Strike+1"],"picked":"Spot Weakness","floor":18.0},{"not_picked":["Havoc","Cleave"],"picked":"Corruption","floor":19.0},{"not_picked":["Flex","Uppercut"],"picked":"Shockwave","floor":21.0},{"not_picked":["Pummel+1","Entrench"],"picked":"Reaper","floor":24.0},{"not_picked":["Headbutt+1","Seeing Red","Rupture+1"],"picked":"Carnage+1","floor":27.0},{"not_picked":["Brutality","Seeing Red","Corruption"],"picked":"Headbutt","floor":29.0},{"not_picked":["Fiend Fire","Double Tap","Brutality"],"picked":"Reaper","floor":33.0},{"not_picked":["Flex+1","Inflame","Entrench+1"],"picked":"Battle Trance+1","floor":35.0},{"not_picked":["Twin Strike+1","Clash+1","Flex"],"picked":"Warcry+1","floor":36.0},{"not_picked":["Twin Strike+1","Immolate","Cleave+1","Dual Wield+1"],"picked":"SKIP","floor":41.0},{"not_picked":["Clash+1","Power Through","Clothesline"],"picked":"Burning Pact","floor":44.0},{"not_picked":["Thunderclap+1","Hemokinesis","Iron Wave+1"],"picked":"Body Slam+1","floor":45.0},{"not_picked":["Armaments+1","Flex+1","Clothesline"],"picked":"Flame Barrier","floor":46},{"not_picked":["Reckless Charge+1","Ghostly Armor","Wild Strike"],"picked":"Sentinel+1","floor":48}],"player_experience":233074,"relics_obtained":[{"floor":8.0,"key":"Vajra"},{"floor":9.0,"key":"Regal Pillow"},{"floor":10.0,"key":"Boot"},{"floor":24.0,"key":"Question Card"},{"floor":26.0,"key":"Blood Vial"},{"floor":29.0,"key":"Potion Belt"},{"floor":41.0,"key":"Centennial Puzzle"},{"floor":43.0,"key":"Happy Flower"},{"floor":44.0,"key":"Du-Vu Doll"}],"event_choices":[{"damage_healed":0.0,"max_hp_gain":0.0,"max_hp_loss":0.0,"gold_gain":0.0,"event_name":"Living Wall","player_choice":"Grow","floor":3.0,"gold_loss":0.0,"damage_taken":0.0,"cards_upgraded":["Body Slam"]},{"damage_healed":0.0,"max_hp_gain":0.0,"max_hp_loss":0.0,"gold_gain":0.0,"event_name":"Upgrade Shrine","player_choice":"Upgraded","floor":5.0,"gold_loss":0.0,"damage_taken":0.0,"cards_upgraded":["Bash"]},{"damage_healed":0.0,"max_hp_gain":0.0,"max_hp_loss":0.0,"gold_gain":0.0,"event_name":"Back to Basics","player_choice":"Simplicity","floor":25.0,"gold_loss":0.0,"damage_taken":0.0,"cards_upgraded":["Strike_R","Strike_R","Strike_R","Defend_R","Defend_R","Defend_R","Defend_R"]},{"damage_healed":0.0,"max_hp_gain":0.0,"max_hp_loss":0.0,"gold_gain":0.0,"event_name":"Addict","player_choice":"Obtained Relic","floor":30.0,"gold_loss":85.0,"damage_taken":0.0,"relics_obtained":["Pear"]},{"damage_healed":0.0,"max_hp_gain":0.0,"max_hp_loss":0.0,"gold_gain":0.0,"event_name":"Accursed Blacksmith","player_choice":"Forge","floor":31.0,"gold_loss":0.0,"damage_taken":0.0,"cards_upgraded":["Feel No Pain"]},{"damage_healed":0.0,"max_hp_gain":0.0,"max_hp_loss":5.0,"gold_gain":0.0,"event_name":"Winding Halls","player_choice":"Max HP","floor":38.0,"gold_loss":0.0,"damage_taken":0.0},{"damage_healed":0.0,"max_hp_gain":0.0,"max_hp_loss":0.0,"gold_gain":0.0,"event_name":"Duplicator","player_choice":"Copied","floor":39.0,"gold_loss":0.0,"damage_taken":0.0,"cards_obtained":["Limit Break"]}],"is_beta":false,"boss_relics":[{"not_picked":["Coffee Dripper","Cursed Key"],"picked":"Snecko Eye"},{"not_picked":["Calling Bell","White Beast Statue"],"picked":"Velvet Choker"}],"items_purged_floors":[4,22,37],"is_endless":false,"potions_floor_spawned":[7,8,14,18,19,24,35,41,45,46],"ascension_level":11}