{"gold_per_floor":[111,111,36,36,111,111,131,175,202,236,259,284,284,20,20,111,111,130,71,71,71,71,71,81,81,108,143,243,262,262,278,278,351,351,369,380,380,149,0,0,35,35,83,106,118,130,162,174,186,198],"floor_reached":51,"playtime":4675,"items_purged":["Writhe"],"score":1293,"play_id":"2293b524-d5ac-4a05-9282-ff95e3544ec8","local_time":"20190203030143","is_ascension_mode":true,"campfire_choices":[{"floor":6,"key":"REST"},{"data":"Neutralize","floor":13,"key":"SMITH"},{"floor":15,"key":"REST"},{"data":"Envenom","floor":23,"key":"SMITH"},{"data":"Dagger Spray","floor":25,"key":"SMITH"},{"data":"Well Laid Plans","floor":30,"key":"SMITH"},{"floor":32,"key":"REST"},{"data":"After Image","floor":40,"key":"SMITH"},{"data":"Malaise","floor":42,"key":"SMITH"},{"data":"Footwork","floor":46,"key":"SMITH"},{"data":"Crippling Poison","floor":49,"key":"SMITH"}],"neow_cost":"NONE","seed_source_timestamp":103095371562600,"circlet_count":0,"master_deck":["AscendersBane","Defend_G","Defend_G","Defend_G","Defend_G","Defend_G","Strike_G","Strike_G","Strike_G","Strike_G","Survivor","Neutralize+1","Poisoned Stab","Dash","PiercingWail","Dagger Spray+1","Infinite Blades","Envenom+1","Bane+1","Backflip","PiercingWail","Leg Sweep","Well Laid Plans+1","Malaise+1","After Image+1","Deadly Poison+1","Footwork+1","PiercingWail","Deadly Poison","Deadly Poison+1","Crippling Poison+1","Finesse"],"relics":["Ring of the Snake","NeowsBlessing","Bloody Idol","Snake Skull","Ninja Scroll","Anchor","Strawberry","Oddly Smooth Stone","Philosopher\u0027s Stone","FossilizedHelix","Omamori","Boot","Ginger","Meat on the Bone","Cursed Key","Red Mask","Bag of Preparation","MawBank","Blood Vial"],"potions_floor_usage":[10,10,16,16,18,27,33,33,50,50],"damage_taken":[{"damage":0,"enemies":"Jaw Worm","floor":1,"turns":1},{"damage":0,"enemies":"Small Slimes","floor":7,"turns":1},{"damage":0,"enemies":"Lagavulin","floor":8,"turns":1},{"damage":5,"enemies":"3 Sentries","floor":10,"turns":9},{"damage":0,"enemies":"2 Louse","floor":11,"turns":3},{"damage":15,"enemies":"Exordium Wildlife","floor":12,"turns":6},{"damage":34,"enemies":"Slime Boss","floor":16,"turns":11},{"damage":12,"enemies":"Shell Parasite","floor":18,"turns":5},{"damage":8,"enemies":"3 Byrds","floor":24,"turns":5},{"damage":0,"enemies":"Slavers","floor":27,"turns":6},{"damage":0,"enemies":"Colosseum Slavers","floor":28,"turns":5},{"damage":14,"enemies":"Colosseum Nobs","floor":28,"turns":7},{"damage":22,"enemies":"Snecko","floor":29,"turns":6},{"damage":27,"enemies":"Snake Plant","floor":31,"turns":4},{"damage":25,"enemies":"Collector","floor":33,"turns":10},{"damage":32,"enemies":"3 Darklings","floor":35,"turns":6},{"damage":0,"enemies":"3 Shapes","floor":36,"turns":8},{"damage":1,"enemies":"Nemesis","floor":41,"turns":7},{"damage":0,"enemies":"Jaw Worm Horde","floor":44,"turns":5},{"damage":0,"enemies":"Sphere and 2 Shapes","floor":47,"turns":7},{"damage":3,"enemies":"Awakened One","floor":50,"turns":15}],"seed_played":"7705896064695990457","potions_obtained":[{"floor":1,"key":"PowerPotion"},{"floor":7,"key":"Explosive Potion"},{"floor":10,"key":"EssenceOfSteel"},{"floor":16,"key":"FearPotion"},{"floor":18,"key":"FearPotion"},{"floor":28,"key":"Strength Potion"},{"floor":29,"key":"Weak Potion"},{"floor":33,"key":"Energy Potion"}],"is_trial":false,"path_per_floor":["M","?","?","?","?","R","M","E","T","E","M","M","R","$","R","B",null,"M","$","?","?","?","R","M","R","T","E","?","M","R","M","R","B",null,"M","M","?","$","?","R","E","R","T","M","T","R","M","?","R","B",null],"character_chosen":"THE_SILENT","items_purchased":["Infinite Blades","Oddly Smooth Stone","Poison Potion","Backflip","Footwork","Dexterity Potion","PiercingWail"],"campfire_rested":3,"item_purchase_floors":[14,14,14,19,38,38,38],"current_hp_per_floor":[59,59,59,33,22,40,40,40,40,42,42,27,27,27,47,13,54,42,42,42,42,42,42,39,39,44,49,40,35,35,25,45,37,60,45,50,50,50,50,50,54,54,59,67,67,67,67,57,62,64],"gold":210,"neow_bonus":"THREE_ENEMY_KILL","is_prod":false,"is_daily":false,"chose_seed":false,"campfire_upgraded":8,"win_rate":0,"timestamp":1549159303,"path_taken":["M","?","?","?","?","R","M","E","T","E","?","M","R","$","R","BOSS","M","$","?","?","?","R","?","R","T","E","?","M","R","M","R","BOSS","M","M","?","$","?","R","E","R","T","M","?","R","M","?","R","BOSS"],"build_version":"2019-01-23","purchased_purges":1,"victory":true,"max_hp_per_floor":[66,60,60,60,60,60,60,60,60,67,67,67,67,67,67,67,67,67,67,67,67,67,67,67,67,67,67,67,67,67,67,67,67,67,67,67,67,67,67,67,67,67,67,67,67,67,67,67,67,67],"card_choices":[{"not_picked":["Caltrops","Reflex"],"picked":"Poisoned Stab","floor":1},{"not_picked":["Setup","Outmaneuver"],"picked":"Dash","floor":7},{"not_picked":["Eviscerate","Deflect"],"picked":"PiercingWail","floor":8},{"not_picked":["Heel Hook","Sucker Punch","Caltrops"],"picked":"SKIP","floor":10},{"not_picked":["Heel Hook","Sucker Punch","Caltrops"],"picked":"SKIP","floor":10},{"not_picked":["Blade Dance","Prepared"],"picked":"Dagger Spray","floor":11},{"not_picked":["Choke","Acrobatics","Caltrops"],"picked":"SKIP","floor":12},{"not_picked":["Adrenaline","Venomology"],"picked":"Envenom","floor":16},{"not_picked":["Dagger Throw","Underhanded Strike"],"picked":"Bane+1","floor":18},{"not_picked":["Outmaneuver","Dagger Spray"],"picked":"PiercingWail","floor":24},{"not_picked":["Cloak And Dagger","Quick Slash"],"picked":"Leg Sweep","floor":27},{"not_picked":["Flying Knee","Dagger Throw"],"picked":"Well Laid Plans","floor":28},{"not_picked":["Distraction","Dagger Throw","Deflect"],"picked":"SKIP","floor":29},{"not_picked":["Underhanded Strike","Dagger Throw+1"],"picked":"Malaise","floor":31},{"not_picked":["Envenom","Burst"],"picked":"After Image","floor":33},{"not_picked":["Poisoned Stab","Dagger Throw"],"picked":"Deadly Poison+1","floor":35},{"not_picked":["Dagger Spray","Poisoned Stab","Unload"],"picked":"SKIP","floor":36},{"not_picked":["Flying Knee","Calculated Gamble"],"picked":"Deadly Poison","floor":41},{"not_picked":["Endless Agony","Flechettes+1"],"picked":"Deadly Poison+1","floor":44},{"not_picked":["Blade Dance","Infinite Blades"],"picked":"Crippling Poison","floor":47},{"not_picked":["Bandage Up","Dramatic Entrance"],"picked":"Finesse","floor":48}],"player_experience":338714,"relics_obtained":[{"floor":8,"key":"Ninja Scroll"},{"floor":9,"key":"Anchor"},{"floor":10,"key":"Strawberry"},{"floor":26,"key":"Omamori"},{"floor":27,"key":"Boot"},{"floor":28,"key":"Ginger"},{"floor":28,"key":"Meat on the Bone"},{"floor":41,"key":"Bag of Preparation"},{"floor":43,"key":"MawBank"},{"floor":45,"key":"Blood Vial"}],"event_choices":[{"damage_healed":0,"gold_gain":0,"player_choice":"Lose Max HP","damage_taken":0,"relics_obtained":["Golden Idol"],"max_hp_gain":0,"max_hp_loss":6,"event_name":"Golden Idol","floor":2,"gold_loss":0},{"cards_removed":["Strike_G"],"damage_healed":0,"gold_gain":0,"player_choice":"Card Removal","damage_taken":0,"max_hp_gain":0,"max_hp_loss":0,"event_name":"The Cleric","floor":3,"gold_loss":75},{"damage_healed":0,"gold_gain":0,"player_choice":"Success","damage_taken":26,"relics_obtained":["Snake Skull"],"max_hp_gain":0,"max_hp_loss":0,"event_name":"Scrap Ooze","floor":4,"gold_loss":0},{"damage_healed":0,"gold_gain":75,"player_choice":"Gather Gold","damage_taken":11,"max_hp_gain":0,"max_hp_loss":0,"event_name":"World of Goop","floor":5,"gold_loss":0},{"damage_healed":0,"gold_gain":0,"player_choice":"Opened","damage_taken":0,"relics_obtained":["FossilizedHelix"],"max_hp_gain":0,"max_hp_loss":0,"event_name":"The Mausoleum","floor":20,"gold_loss":0,"cards_obtained":["Writhe"]},{"damage_healed":0,"gold_gain":0,"player_choice":"Ignored","damage_taken":0,"max_hp_gain":0,"max_hp_loss":0,"event_name":"Beggar","floor":21,"gold_loss":0},{"damage_healed":0,"gold_gain":0,"player_choice":"Gave Idol","damage_taken":0,"relics_obtained":["Bloody Idol"],"max_hp_gain":0,"max_hp_loss":0,"event_name":"Forgotten Altar","floor":22,"relics_lost":["Golden Idol"],"gold_loss":0},{"damage_healed":0,"gold_gain":0,"player_choice":"Fight","damage_taken":0,"max_hp_gain":0,"max_hp_loss":0,"event_name":"Colosseum","floor":28,"gold_loss":0},{"damage_healed":0,"gold_gain":0,"player_choice":"Fought Nobs","damage_taken":0,"max_hp_gain":0,"max_hp_loss":0,"event_name":"Colosseum","floor":28,"gold_loss":0},{"damage_healed":0,"gold_gain":0,"player_choice":"Ignored","damage_taken":0,"max_hp_gain":0,"max_hp_loss":0,"event_name":"Mysterious Sphere","floor":37,"gold_loss":0},{"damage_healed":0,"gold_gain":0,"player_choice":"Paid","damage_taken":0,"relics_obtained":["Red Mask"],"max_hp_gain":0,"max_hp_loss":0,"event_name":"Tomb of Lord Red Mask","floor":39,"gold_loss":149},{"damage_healed":0,"gold_gain":0,"player_choice":"Memory 3","damage_taken":10,"max_hp_gain":0,"max_hp_loss":0,"event_name":"SensoryStone","floor":48,"gold_loss":0}],"is_beta":false,"boss_relics":[{"not_picked":["Busted Crown","Eternal Feather"],"picked":"Philosopher\u0027s Stone"},{"not_picked":["Black Star","Astrolabe"],"picked":"Cursed Key"}],"items_purged_floors":[38],"is_endless":false,"potions_floor_spawned":[1,7,10,16,18,28,29,33,41,44,47],"ascension_level":17}