{"gold_per_floor":[110,110,110,121,137,165,165,165],"floor_reached":8,"playtime":398,"items_purged":[],"score":109,"play_id":"e594218e-5b1d-41a2-81f9-64b8d877c8a8","local_time":"20190204091035","is_ascension_mode":true,"campfire_choices":[{"floor":7,"key":"REST"}],"neow_cost":"NONE","seed_source_timestamp":215915570888400,"circlet_count":0,"master_deck":["AscendersBane","Defend_G","Defend_G","Defend_G","Defend_G","Defend_G","Strike_G","Strike_G","Strike_G","Strike_G","Survivor","Neutralize","Finisher","PiercingWail","Cloak And Dagger","Dagger Throw"],"relics":["Ring of the Snake","NeowsBlessing","Potion Belt"],"potions_floor_usage":[6,8],"damage_taken":[{"damage":0,"enemies":"2 Louse","floor":1,"turns":1},{"damage":0,"enemies":"Jaw Worm","floor":4,"turns":1},{"damage":0,"enemies":"Small Slimes","floor":5,"turns":1},{"damage":47,"enemies":"3 Sentries","floor":6,"turns":16},{"damage":37,"enemies":"Gremlin Nob","floor":8,"turns":5}],"seed_played":"-6398786071457047670","potions_obtained":[{"floor":4,"key":"Strength Potion"},{"floor":6,"key":"Ancient Potion"}],"is_trial":false,"path_per_floor":["M","?","?","M","M","E","R","E"],"character_chosen":"THE_SILENT","items_purchased":[],"campfire_rested":1,"item_purchase_floors":[],"current_hp_per_floor":[59,52,52,52,52,5,24,0],"gold":165,"neow_bonus":"THREE_ENEMY_KILL","is_prod":false,"is_daily":false,"chose_seed":false,"campfire_upgraded":0,"win_rate":0,"timestamp":1549267835,"path_taken":["M","?","?","M","?","E","R","E"],"build_version":"2019-01-23","purchased_purges":0,"victory":false,"max_hp_per_floor":[66,66,66,66,66,66,66,66],"card_choices":[{"not_picked":["Acrobatics","Flying Knee"],"picked":"Finisher","floor":1},{"not_picked":["Tactician","Acrobatics"],"picked":"PiercingWail","floor":4},{"not_picked":["Choke","Backflip"],"picked":"Cloak And Dagger","floor":5},{"not_picked":["Eviscerate","Footwork"],"picked":"Dagger Throw","floor":6}],"player_experience":372189,"relics_obtained":[{"floor":6,"key":"Potion Belt"}],"event_choices":[{"cards_removed":["Strike_G"],"damage_healed":0,"gold_gain":0,"player_choice":"Card Removal","damage_taken":7,"max_hp_gain":0,"max_hp_loss":0,"event_name":"Golden Wing","floor":2,"gold_loss":0},{"damage_healed":0,"gold_gain":0,"player_choice":"Ignored","damage_taken":0,"max_hp_gain":0,"max_hp_loss":0,"event_name":"Liars Game","floor":3,"gold_loss":0}],"is_beta":false,"boss_relics":[],"items_purged_floors":[],"is_endless":false,"potions_floor_spawned":[4,6],"killed_by":"Gremlin Nob","ascension_level":19}