{"gold_per_floor":[113,38,55,75,75,75,102,102,184,195,245,245,259,287,287,361,361,375,290,290,190,207,207,240,252,320,351,351,351,351,371,371,450,450,461,461,461,117,135,135,155,155,179,197,47,47,66,85,85,85],"floor_reached":51,"playtime":4870,"items_purged":["Strike_R","Defend_R","Writhe","Defend_R"],"score":1206,"play_id":"aab18faf-703f-47d8-99cf-07e0cd76f6ef","local_time":"20190205125346","is_ascension_mode":true,"campfire_choices":[{"data":"Battle Trance","floor":8,"key":"SMITH"},{"data":"Flame Barrier","floor":12,"key":"SMITH"},{"data":"Bash","floor":15,"key":"SMITH"},{"data":"1","floor":23,"key":"LIFT"},{"data":"Demon Form","floor":28,"key":"SMITH"},{"data":"2","floor":30,"key":"LIFT"},{"floor":32,"key":"REST"},{"data":"Offering","floor":40,"key":"SMITH"},{"data":"Offering","floor":42,"key":"SMITH"},{"floor":49,"key":"REST"}],"neow_cost":"NONE","seed_source_timestamp":5479802447800,"circlet_count":0,"master_deck":["AscendersBane","Defend_R","Bash+1","Pommel Strike+1","Battle Trance+1","Flame Barrier+1","Dark Embrace","Twin Strike","Flame Barrier","Fiend Fire+1","Uppercut+1","Anger+1","Juggernaut+1","Havoc","Demon Form+1","Brutality","Warcry+1","Offering+1","Offering+1","Heavy Blade+1"],"relics":["Burning Blood","Pen Nib","Gremlin Horn","Charon\u0027s Ashes","Astrolabe","Girya","Nloth\u0027s Gift","Darkstone Periapt","Meat on the Bone","Mummified Hand","Molten Egg 2","Busted Crown","DollysMirror","Whetstone"],"potions_floor_usage":[14,16,24,24,33,39,50],"damage_taken":[{"damage":8,"enemies":"2 Louse","floor":1,"turns":4},{"damage":1,"enemies":"Cultist","floor":3,"turns":4},{"damage":0,"enemies":"Small Slimes","floor":4,"turns":4},{"damage":24,"enemies":"3 Sentries","floor":7,"turns":16},{"damage":1,"enemies":"2 Fungi Beasts","floor":10,"turns":4},{"damage":1,"enemies":"Exordium Thugs","floor":13,"turns":6},{"damage":14,"enemies":"Lagavulin","floor":14,"turns":8},{"damage":19,"enemies":"Slime Boss","floor":16,"turns":9},{"damage":0,"enemies":"Chosen","floor":18,"turns":2},{"damage":0,"enemies":"3 Byrds","floor":22,"turns":1},{"damage":13,"enemies":"Gremlin Leader","floor":24,"turns":5},{"damage":11,"enemies":"Centurion and Healer","floor":25,"turns":4},{"damage":33,"enemies":"Book of Stabbing","floor":27,"turns":4},{"damage":6,"enemies":"Shelled Parasite and Fungi","floor":31,"turns":2},{"damage":30,"enemies":"Champ","floor":33,"turns":6},{"damage":7,"enemies":"3 Darklings","floor":35,"turns":2},{"damage":30,"enemies":"3 Shapes","floor":39,"turns":5},{"damage":13,"enemies":"Sphere and 2 Shapes","floor":41,"turns":3},{"damage":17,"enemies":"Maw","floor":44,"turns":4},{"damage":14,"enemies":"4 Shapes","floor":47,"turns":3},{"damage":17,"enemies":"3 Darklings","floor":48,"turns":3},{"damage":57,"enemies":"Awakened One","floor":50,"turns":7}],"seed_played":"-4327716498615031626","potions_obtained":[{"floor":1,"key":"BloodPotion"},{"floor":7,"key":"Energy Potion"},{"floor":10,"key":"SpeedPotion"},{"floor":14,"key":"Fire Potion"},{"floor":18,"key":"EssenceOfSteel"},{"floor":25,"key":"Ancient Potion"},{"floor":27,"key":"Explosive Potion"},{"floor":33,"key":"PowerPotion"},{"floor":41,"key":"Dexterity Potion"},{"floor":44,"key":"PowerPotion"},{"floor":48,"key":"SpeedPotion"}],"is_trial":false,"path_per_floor":["M","$","M","M","?","?","E","R","T","M","?","R","M","E","R","B",null,"M","?","?","$","M","R","E","M","T","E","R","?","R","M","R","B",null,"M","?","?","$","M","R","M","R","T","M","$","?","M","M","R","B",null],"character_chosen":"IRONCLAD","items_purchased":["DollysMirror"],"campfire_rested":2,"item_purchase_floors":[38],"current_hp_per_floor":[66,66,71,75,75,75,57,57,57,62,55,55,60,52,52,39,66,72,72,72,72,75,75,68,63,63,48,48,54,54,54,78,54,74,73,63,63,63,51,51,56,56,56,57,57,57,49,50,73,34],"gold":85,"neow_bonus":"REMOVE_CARD","is_prod":false,"is_daily":false,"chose_seed":false,"campfire_upgraded":6,"win_rate":0,"timestamp":1549367626,"path_taken":["M","$","M","M","?","?","E","R","T","M","?","R","M","E","R","BOSS","M","?","?","$","?","R","E","M","T","E","R","?","R","M","R","BOSS","M","?","?","?","M","R","M","R","T","?","$","?","M","M","R","BOSS"],"build_version":"2019-01-23","purchased_purges":4,"victory":true,"max_hp_per_floor":[75,75,75,75,75,75,75,75,75,75,75,75,75,75,75,75,75,75,75,75,75,75,75,75,75,75,75,75,81,81,81,81,81,81,81,81,81,81,81,81,81,81,81,81,81,77,77,77,77,77],"card_choices":[{"not_picked":["Pummel","Armaments"],"picked":"Pommel Strike","floor":1},{"not_picked":["Whirlwind","Metallicize"],"picked":"Battle Trance","floor":3},{"not_picked":["Pommel Strike","Heavy Blade"],"picked":"Flame Barrier","floor":4},{"not_picked":["Shrug It Off","Dark Embrace"],"picked":"Twin Strike","floor":7},{"not_picked":["Rupture","Heavy Blade","Sword Boomerang"],"picked":"SKIP","floor":10},{"not_picked":["Sword Boomerang","Searing Blow","Rupture"],"picked":"SKIP","floor":13},{"not_picked":["Armaments","Sever Soul"],"picked":"Flame Barrier","floor":14},{"not_picked":["Reaper","Bludgeon"],"picked":"Fiend Fire","floor":16},{"not_picked":["Pommel Strike","Clash","Armaments"],"picked":"SKIP","floor":18},{"not_picked":["Searing Blow","Anger"],"picked":"Havoc","floor":22},{"not_picked":["Headbutt","Clash"],"picked":"Demon Form","floor":24},{"not_picked":["Armaments","Warcry","Clothesline"],"picked":"SKIP","floor":25},{"not_picked":["Pommel Strike","Clothesline"],"picked":"Brutality","floor":27},{"not_picked":["Heavy Blade+1","Sword Boomerang+1"],"picked":"Warcry+1","floor":31},{"not_picked":["Limit Break","Impervious"],"picked":"Offering","floor":33},{"not_picked":["Twin Strike+1"],"picked":"SKIP","floor":35},{"not_picked":["Warcry"],"picked":"SKIP","floor":39},{"not_picked":["Dual Wield"],"picked":"SKIP","floor":41},{"not_picked":["Clash+1"],"picked":"SKIP","floor":44},{"not_picked":[],"picked":"Heavy Blade+1","floor":47},{"not_picked":["Second Wind"],"picked":"SKIP","floor":48}],"player_experience":412226,"relics_obtained":[{"floor":7,"key":"Pen Nib"},{"floor":9,"key":"Gremlin Horn"},{"floor":14,"key":"Charon\u0027s Ashes"},{"floor":24,"key":"Darkstone Periapt"},{"floor":26,"key":"Meat on the Bone"},{"floor":27,"key":"Mummified Hand"},{"floor":43,"key":"Whetstone"}],"event_choices":[{"damage_healed":0,"gold_gain":0,"player_choice":"Gave Potion","damage_taken":0,"relics_obtained":["Juzu Bracelet"],"max_hp_gain":0,"max_hp_loss":0,"event_name":"WeMeetAgain","floor":5,"gold_loss":0},{"damage_healed":0,"gold_gain":0,"cards_transformed":["Strike_R"],"player_choice":"Transformed","damage_taken":0,"max_hp_gain":0,"max_hp_loss":0,"event_name":"Transmorgrifier","floor":6,"gold_loss":0,"cards_obtained":["Dark Embrace"]},{"damage_healed":0,"gold_gain":50,"player_choice":"Touch","damage_taken":7,"max_hp_gain":0,"max_hp_loss":0,"event_name":"FaceTrader","floor":11,"gold_loss":0},{"damage_healed":0,"gold_gain":0,"player_choice":"Obtained Relic","damage_taken":0,"relics_obtained":["Girya"],"max_hp_gain":0,"max_hp_loss":0,"event_name":"Addict","floor":19,"gold_loss":85},{"damage_healed":0,"gold_gain":0,"player_choice":"Traded Relic","damage_taken":0,"relics_obtained":["Nloth\u0027s Gift"],"max_hp_gain":0,"max_hp_loss":0,"event_name":"N\u0027loth","floor":20,"relics_lost":["Juzu Bracelet"],"gold_loss":0},{"damage_healed":0,"gold_gain":0,"player_choice":"Opened","damage_taken":0,"relics_obtained":["Molten Egg 2"],"max_hp_gain":0,"max_hp_loss":0,"event_name":"The Mausoleum","floor":29,"gold_loss":0,"cards_obtained":["Writhe"]},{"damage_healed":0,"gold_gain":0,"player_choice":"Memory 3","damage_taken":10,"max_hp_gain":0,"max_hp_loss":0,"event_name":"SensoryStone","floor":36,"gold_loss":0},{"damage_healed":0,"gold_gain":0,"player_choice":"Ignored","damage_taken":0,"max_hp_gain":0,"max_hp_loss":0,"event_name":"Tomb of Lord Red Mask","floor":37,"gold_loss":0},{"damage_healed":0,"gold_gain":0,"player_choice":"Max HP","damage_taken":0,"max_hp_gain":0,"max_hp_loss":4,"event_name":"Winding Halls","floor":46,"gold_loss":0}],"is_beta":false,"boss_relics":[{"not_picked":["Coffee Dripper","Pandora\u0027s Box"],"picked":"Astrolabe"},{"not_picked":["Lizard Tail","Tiny House"],"picked":"Busted Crown"}],"items_purged_floors":[2,21,38,45],"is_endless":false,"potions_floor_spawned":[1,7,10,14,18,25,27,33,41,44,48],"ascension_level":16}