{"gold_per_floor":[118,128,128,147,35,35,65,65,65,65,65,65,75,75,75,150,150,121,189,201,21,41,41,70,88,115,129,129,142,162,180,180,252,252,267,22,41,41],"floor_reached":38,"playtime":4154,"items_purged":["Strike_G","Strike_G"],"score":921,"play_id":"b68f9a9c-8959-4add-9607-2a798ca6dcfe","local_time":"20190210015802","is_ascension_mode":true,"campfire_choices":[{"data":"Poisoned Stab","floor":6,"key":"SMITH"},{"data":"Footwork","floor":8,"key":"SMITH"},{"data":"Calculated Gamble","floor":10,"key":"SMITH"},{"data":"Survivor","floor":12,"key":"SMITH"},{"data":"Well Laid Plans","floor":15,"key":"SMITH"},{"data":"A Thousand Cuts","floor":23,"key":"SMITH"},{"floor":28,"key":"REST"},{"floor":32,"key":"REST"}],"neow_cost":"NONE","seed_source_timestamp":398866340741900,"circlet_count":0,"master_deck":["AscendersBane","Defend_G","Defend_G","Defend_G","Defend_G","Defend_G","Strike_G","Strike_G","Survivor+1","Neutralize+1","Calculated Gamble+1","Well Laid Plans+1","Poisoned Stab+1","Footwork+1","PiercingWail","Blur+1","A Thousand Cuts+1","PiercingWail","After Image","PiercingWail","Glass Knife","Backstab","Terror","Adrenaline","After Image","Escape Plan","Calculated Gamble","PiercingWail","PiercingWail","Acrobatics","Noxious Fumes","Cloak And Dagger","Corpse Explosion"],"relics":["Ring of the Snake","The Specimen","Letter Opener","Sozu","Matryoshka","Vajra","Smiling Mask","Bag of Marbles","Orrery","Oddly Smooth Stone"],"potions_floor_usage":[7],"damage_taken":[{"damage":1,"enemies":"Small Slimes","floor":1,"turns":4},{"damage":0,"enemies":"2 Louse","floor":2,"turns":3},{"damage":0,"enemies":"Cultist","floor":4,"turns":4},{"damage":12,"enemies":"3 Sentries","floor":7,"turns":17},{"damage":6,"enemies":"Lots of Slimes","floor":13,"turns":4},{"damage":0,"enemies":"The Guardian","floor":16,"turns":14},{"damage":9,"enemies":"2 Thieves","floor":18,"turns":4},{"damage":5,"enemies":"Shell Parasite","floor":20,"turns":8},{"damage":8,"enemies":"Shelled Parasite and Fungi","floor":22,"turns":12},{"damage":14,"enemies":"Book of Stabbing","floor":24,"turns":9},{"damage":0,"enemies":"Centurion and Healer","floor":25,"turns":8},{"damage":6,"enemies":"3 Cultists","floor":27,"turns":6},{"damage":2,"enemies":"Snecko","floor":29,"turns":8},{"damage":0,"enemies":"Sentry and Sphere","floor":30,"turns":7},{"damage":0,"enemies":"Snake Plant","floor":31,"turns":4},{"damage":23,"enemies":"Champ","floor":33,"turns":17},{"damage":0,"enemies":"3 Darklings","floor":35,"turns":4},{"damage":30,"enemies":"Orb Walker","floor":37,"turns":4},{"damage":30,"enemies":"Spire Growth","floor":38,"turns":4}],"seed_played":"-4832093216154035928","potions_obtained":[{"floor":4,"key":"Dexterity Potion"}],"is_trial":false,"path_per_floor":["M","M","?","M","$","R","E","R","T","R","?","R","M","?","R","B",null,"M","T","M","$","M","R","E","M","T","M","R","M","M","M","R","B",null,"M","$","M","M"],"character_chosen":"THE_SILENT","items_purchased":["Footwork","After Image","Oddly Smooth Stone","Cloak And Dagger"],"campfire_rested":2,"item_purchase_floors":[5,21,36,36],"current_hp_per_floor":[58,58,58,58,58,58,46,46,46,46,46,46,40,40,40,40,60,51,51,46,46,38,38,24,24,24,18,37,35,35,35,54,31,57,57,57,27,0],"gold":41,"neow_bonus":"UPGRADE_CARD","is_prod":false,"is_daily":false,"chose_seed":false,"campfire_upgraded":6,"win_rate":0,"timestamp":1549760282,"path_taken":["M","M","?","M","$","R","E","R","T","R","?","R","M","?","R","BOSS","M","?","M","$","M","R","E","M","T","M","R","?","M","M","R","BOSS","M","$","M","M"],"build_version":"2019-01-23","purchased_purges":2,"victory":false,"max_hp_per_floor":[66,66,66,66,66,66,66,66,66,66,66,66,66,66,66,66,66,66,66,66,66,66,66,66,66,66,66,66,66,66,66,66,66,66,66,66,66,66],"card_choices":[{"not_picked":["Prepared","Masterful Stab"],"picked":"Calculated Gamble","floor":1},{"not_picked":["Riddle With Holes","Deflect"],"picked":"Well Laid Plans","floor":2},{"not_picked":["PiercingWail","All Out Attack"],"picked":"Poisoned Stab","floor":4},{"not_picked":["Acrobatics","Blade Dance"],"picked":"PiercingWail","floor":7},{"not_picked":["Choke","Deflect"],"picked":"Blur","floor":13},{"not_picked":["Tools of the Trade","Die Die Die"],"picked":"A Thousand Cuts","floor":16},{"not_picked":["Deadly Poison","Underhanded Strike","Calculated Gamble"],"picked":"SKIP","floor":18},{"not_picked":["Heel Hook","Slice"],"picked":"PiercingWail","floor":20},{"not_picked":["Dagger Throw","Heel Hook"],"picked":"PiercingWail","floor":22},{"not_picked":["Expertise","Slice+1"],"picked":"Glass Knife","floor":24},{"not_picked":["Outmaneuver","Prepared","Dagger Spray"],"picked":"SKIP","floor":25},{"not_picked":["Bouncing Flask","All Out Attack+1"],"picked":"Backstab","floor":27},{"not_picked":["Quick Slash+1","Dagger Throw"],"picked":"Terror","floor":29},{"not_picked":["Eviscerate+1","Slice","Poisoned Stab"],"picked":"SKIP","floor":30},{"not_picked":["Blade Dance+1","Underhanded Strike"],"picked":"Adrenaline","floor":31},{"not_picked":["Glass Knife","Unload"],"picked":"After Image","floor":33},{"not_picked":["Bane","Expertise"],"picked":"Escape Plan","floor":34},{"not_picked":["Eviscerate","Heel Hook"],"picked":"Calculated Gamble","floor":34},{"not_picked":["Poisoned Stab","Outmaneuver"],"picked":"PiercingWail","floor":34},{"not_picked":["Terror","Sucker Punch"],"picked":"PiercingWail","floor":34},{"not_picked":["Caltrops","Dagger Spray+1"],"picked":"Acrobatics","floor":34},{"not_picked":["Riddle With Holes+1","Quick Slash"],"picked":"Noxious Fumes","floor":35},{"not_picked":["Accuracy","Predator"],"picked":"Corpse Explosion","floor":37}],"player_experience":517983,"relics_obtained":[{"floor":7,"key":"The Specimen"},{"floor":9,"key":"Letter Opener"},{"floor":19,"key":"Matryoshka"},{"floor":24,"key":"Vajra"},{"floor":26,"key":"Smiling Mask"},{"floor":26,"key":"Bag of Marbles"}],"event_choices":[{"cards_removed":["Strike_G"],"damage_healed":0,"gold_gain":0,"player_choice":"Forget","damage_taken":0,"max_hp_gain":0,"max_hp_loss":0,"event_name":"Living Wall","floor":3,"gold_loss":0},{"damage_healed":0,"gold_gain":0,"player_choice":"Leave","damage_taken":0,"max_hp_gain":0,"max_hp_loss":0,"event_name":"The Cleric","floor":11,"gold_loss":0},{"damage_healed":0,"gold_gain":0,"player_choice":"Forge","damage_taken":0,"max_hp_gain":0,"max_hp_loss":0,"event_name":"Accursed Blacksmith","floor":14,"gold_loss":0,"cards_upgraded":["Blur"]}],"is_beta":false,"boss_relics":[{"not_picked":["Busted Crown","Ectoplasm"],"picked":"Sozu"},{"not_picked":["Snecko Eye","Calling Bell"],"picked":"Orrery"}],"items_purged_floors":[5,36],"is_endless":false,"potions_floor_spawned":[4,18,25,27,29,30,35],"killed_by":"Spire Growth","ascension_level":20}