{"gold_per_floor":[369,13,88,105,105,133,65,99,99,114,141,158,158,174,174,272,272,282,207,225,225,237,237,237],"floor_reached":24,"playtime":1531,"items_purged":["Injury"],"score":313,"play_id":"9e8f59a5-c15b-4eef-be23-c53dd68d1141","local_time":"20190120203156","is_ascension_mode":true,"campfire_choices":[{"data":"Fusion","floor":13,"key":"SMITH"},{"data":"Capacitor","floor":15,"key":"SMITH"},{"floor":23,"key":"REST"}],"neow_cost":"CURSE","seed_source_timestamp":902520750731774,"circlet_count":0,"master_deck":["Defend_B","Defend_B","Defend_B","Defend_B","Zap","Dualcast","Rip and Tear","Sunder+1","Self Repair","Capacitor+1","Reinforced Body","Cold Snap","Ball Lightning","Fusion+1","Conserve Battery","Biased Cognition","FTL+1","Static Discharge+1","Loop+1","Conserve Battery","Barrage+1","Writhe"],"relics":["Cracked Core","Sling","Girya","Pen Nib","Turnip","Lantern","Astrolabe","Ancient Tea Set"],"potions_floor_usage":[4],"damage_taken":[{"damage":5,"enemies":"Small Slimes","floor":1,"turns":3},{"damage":7,"enemies":"2 Louse","floor":4,"turns":7},{"damage":10,"enemies":"3 Sentries","floor":6,"turns":5},{"damage":30,"enemies":"Lagavulin","floor":8,"turns":7},{"damage":2,"enemies":"Jaw Worm","floor":10,"turns":3},{"damage":2,"enemies":"Gremlin Nob","floor":11,"turns":3},{"damage":0,"enemies":"Blue Slaver","floor":12,"turns":3},{"damage":0,"enemies":"Large Slime","floor":14,"turns":4},{"damage":32,"enemies":"The Guardian","floor":16,"turns":10},{"damage":11,"enemies":"Shell Parasite","floor":18,"turns":4},{"damage":20,"enemies":"Spheric Guardian","floor":20,"turns":4},{"damage":24,"enemies":"Shelled Parasite and Fungi","floor":22,"turns":6},{"damage":33,"enemies":"Colosseum Slavers","floor":24,"turns":6},{"damage":29,"enemies":"Colosseum Nobs","floor":24,"turns":3}],"seed_played":"9078240023865403520","potions_obtained":[{"floor":1,"key":"Explosive Potion"},{"floor":4,"key":"Swift Potion"},{"floor":11,"key":"SpeedPotion"},{"floor":14,"key":"FocusPotion"},{"floor":20,"key":"FocusPotion"}],"is_trial":false,"path_per_floor":["M","$","?","M","?","E","$","E","T","M","E","M","R","M","R","B",null,"M","?","M","?","M","R","?"],"character_chosen":"DEFECT","items_purchased":["Sling","Regen Potion","Capacitor"],"campfire_rested":1,"item_purchase_floors":[2,2,7],"current_hp_per_floor":[63,63,52,60,60,50,50,27,27,32,30,37,37,44,44,19,61,57,57,44,44,27,49,0],"gold":237,"neow_bonus":"TWO_FIFTY_GOLD","is_prod":false,"is_daily":false,"chose_seed":false,"campfire_upgraded":2,"win_rate":0,"timestamp":1548045116,"path_taken":["M","$","?","M","?","E","?","E","T","M","E","M","R","M","R","BOSS","M","?","M","?","M","R","?"],"build_version":"2019-01-17v2","purchased_purges":1,"victory":false,"max_hp_per_floor":[75,75,75,75,75,75,75,75,75,75,75,75,75,75,75,75,75,75,75,75,75,75,75,75],"card_choices":[{"not_picked":["Compile Driver","Cold Snap"],"picked":"Rip and Tear","floor":1},{"not_picked":["Cold Snap","Conserve Battery"],"picked":"Sunder","floor":4},{"not_picked":["Auto Shields","Conserve Battery"],"picked":"Self Repair","floor":6},{"not_picked":["Chaos","White Noise"],"picked":"Reinforced Body","floor":8},{"not_picked":["Leap","Turbo"],"picked":"Cold Snap","floor":10},{"not_picked":["Leap","Barrage"],"picked":"Ball Lightning","floor":11},{"not_picked":["Tempest","Capacitor"],"picked":"Fusion","floor":12},{"not_picked":["Steam","Meteor Strike"],"picked":"Conserve Battery","floor":14},{"not_picked":["Rainbow","Seek"],"picked":"Biased Cognition","floor":16},{"not_picked":["Go for the Eyes","Chill+1"],"picked":"Conserve Battery","floor":18},{"not_picked":["Compile Driver","Rip and Tear"],"picked":"Barrage+1","floor":20},{"not_picked":["Reboot","Static Discharge+1","Sweeping Beam+1"],"picked":"SKIP","floor":22}],"player_experience":434208,"relics_obtained":[{"floor":6,"key":"Girya"},{"floor":8,"key":"Pen Nib"},{"floor":9,"key":"Turnip"},{"floor":11,"key":"Lantern"}],"event_choices":[{"damage_healed":0,"gold_gain":75,"player_choice":"Gather Gold","damage_taken":11,"max_hp_gain":0,"max_hp_loss":0,"event_name":"World of Goop","floor":3,"gold_loss":0},{"damage_healed":0,"gold_gain":0,"player_choice":"Grow","damage_taken":0,"max_hp_gain":0,"max_hp_loss":0,"event_name":"Living Wall","floor":5,"gold_loss":0,"cards_upgraded":["Sunder"]},{"cards_removed":["Strike_B"],"damage_healed":0,"gold_gain":0,"player_choice":"Gave Gold","damage_taken":0,"max_hp_gain":0,"max_hp_loss":0,"event_name":"Beggar","floor":19,"gold_loss":75},{"damage_healed":0,"gold_gain":0,"player_choice":"Opened","damage_taken":0,"relics_obtained":["Ancient Tea Set"],"max_hp_gain":0,"max_hp_loss":0,"event_name":"The Mausoleum","floor":21,"gold_loss":0,"cards_obtained":["Writhe"]},{"damage_healed":0,"gold_gain":0,"player_choice":"Fight","damage_taken":0,"max_hp_gain":0,"max_hp_loss":0,"event_name":"Colosseum","floor":24,"gold_loss":0},{"damage_healed":0,"gold_gain":0,"player_choice":"Fought Nobs","damage_taken":0,"max_hp_gain":0,"max_hp_loss":0,"event_name":"Colosseum","floor":24,"gold_loss":0}],"is_beta":false,"boss_relics":[{"not_picked":["Black Star","Sozu"],"picked":"Astrolabe"}],"items_purged_floors":[2],"is_endless":false,"potions_floor_spawned":[1,4,11,14,20],"killed_by":"Colosseum Nobs","ascension_level":9}