{"gold_per_floor":[115,40,40,215,45,79,79,105,128,146,156,156,56,56,56,154,154,174,191,191,202,0,0,29,29,29,29,29,45,45,55,55,156,156,173,12,31,31,31,358,104,104,104,124,124,155,155,173,173,173,173,173,9,37,37],"floor_reached":56,"playtime":2431,"items_purged":["Strike_R","Doubt","Strike_R"],"score":1663,"play_id":"d00bbf48-8eee-4114-bef6-5ef17b55fc30","local_time":"20190207230408","is_ascension_mode":true,"campfire_choices":[{"data":"Armaments","floor":7,"key":"SMITH"},{"data":"Barricade","floor":12,"key":"SMITH"},{"data":"Body Slam","floor":15,"key":"SMITH"},{"data":"Bloodletting","floor":23,"key":"SMITH"},{"data":"Rage","floor":27,"key":"SMITH"},{"data":"Bash","floor":30,"key":"SMITH"},{"floor":32,"key":"REST"},{"floor":45,"key":"RECALL"},{"data":"Impervious","floor":47,"key":"SMITH"},{"data":"Demon Form","floor":49,"key":"SMITH"},{"floor":52,"key":"REST"}],"neow_cost":"NONE","seed_source_timestamp":172168141023063,"circlet_count":0,"master_deck":["Strike_R","Defend_R+1","Defend_R+1","Defend_R+1","Defend_R","Bash+1","Body Slam+1","Armaments+1","Barricade+1","Rage+1","Demon Form+1","Evolve","Bloodletting+1","Offering","Pommel Strike+1","Metallicize+1","Battle Trance","Iron Wave+1","Impervious+1","Rupture+1","Impervious+1"],"relics":["Burning Blood","NeowsBlessing","Bag of Preparation","Oddly Smooth Stone","Blood Vial","Ancient Tea Set","Cursed Key","Sundial","Frozen Egg 2","Runic Dome","Old Coin","Bottled Tornado","Paper Frog","War Paint"],"potions_floor_usage":[16,29,29,33,44,54,55,55,55,55,55],"damage_taken":[{"damage":0,"enemies":"Cultist","floor":1,"turns":1},{"damage":0,"enemies":"3 Sentries","floor":6,"turns":1},{"damage":0,"enemies":"Gremlin Nob","floor":8,"turns":1},{"damage":10,"enemies":"Small Slimes","floor":10,"turns":4},{"damage":7,"enemies":"Jaw Worm","floor":11,"turns":4},{"damage":35,"enemies":"Slime Boss","floor":16,"turns":13},{"damage":6,"enemies":"Chosen","floor":18,"turns":4},{"damage":15,"enemies":"Shell Parasite","floor":19,"turns":6},{"damage":15,"enemies":"Snake Plant","floor":21,"turns":6},{"damage":25,"enemies":"Gremlin Leader","floor":24,"turns":8},{"damage":0,"enemies":"3 Cultists","floor":29,"turns":6},{"damage":0,"enemies":"Cultist and Chosen","floor":31,"turns":4},{"damage":30,"enemies":"Automaton","floor":33,"turns":13},{"damage":6,"enemies":"3 Shapes","floor":35,"turns":5},{"damage":12,"enemies":"3 Darklings","floor":37,"turns":10},{"damage":9,"enemies":"Nemesis","floor":40,"turns":5},{"damage":9,"enemies":"Sphere and 2 Shapes","floor":44,"turns":6},{"damage":6,"enemies":"Giant Head","floor":46,"turns":4},{"damage":6,"enemies":"Spire Growth","floor":48,"turns":4},{"damage":28,"enemies":"Time Eater","floor":50,"turns":9},{"damage":28,"enemies":"Shield and Spear","floor":54,"turns":5},{"damage":64,"enemies":"The Heart","floor":55,"turns":8}],"seed_played":"-3042358541227094610","potions_obtained":[{"floor":11,"key":"Energy Potion"},{"floor":16,"key":"Weak Potion"},{"floor":18,"key":"Dexterity Potion"},{"floor":24,"key":"Energy Potion"},{"floor":29,"key":"GamblersBrew"},{"floor":35,"key":"Fire Potion"},{"floor":37,"key":"EssenceOfSteel"},{"floor":46,"key":"EntropicBrew"}],"is_trial":false,"path_per_floor":["M","$","?","?","$","E","R","E","T","M","M","R","$","?","R","B",null,"M","M","?","M","?","R","E","?","T","R","?","M","R","M","R","B",null,"M","$","M","?","$","E","$","?","T","M","R","E","R","M","R","B",null,"R","$","E","B",null],"character_chosen":"IRONCLAD","items_purchased":["Oddly Smooth Stone","Armaments","Metallicize+1","Bottled Tornado","Impervious"],"campfire_rested":2,"item_purchase_floors":[5,5,36,41,53],"current_hp_per_floor":[78,78,71,71,71,77,77,80,80,76,77,77,77,61,61,34,69,71,64,64,57,57,57,40,40,40,40,40,48,48,56,80,56,74,76,76,72,72,72,71,71,71,71,70,70,72,72,74,74,54,74,80,80,58,17],"gold":37,"neow_bonus":"THREE_ENEMY_KILL","is_prod":false,"is_daily":false,"chose_seed":false,"campfire_upgraded":8,"win_rate":0,"timestamp":1549548248,"path_taken":["M","$","?","?","?","E","R","E","T","M","M","R","$","?","R","BOSS","M","M","?","?","?","R","E","?","T","R","?","M","R","M","R","BOSS","M","$","M","?","?","E","$","?","T","?","R","E","R","M","R","BOSS","R","$","E","BOSS"],"build_version":"2019-01-23","purchased_purges":3,"victory":true,"max_hp_per_floor":[80,80,80,80,80,80,80,80,80,80,80,80,80,80,80,80,80,80,80,80,80,80,80,80,80,80,80,80,80,80,80,80,80,80,80,80,80,80,80,80,80,80,80,80,80,80,80,80,80,80,80,80,80,80,80],"card_choices":[{"not_picked":["Warcry","Anger"],"picked":"Body Slam","floor":1},{"not_picked":["Bludgeon","Thunderclap","Cleave"],"picked":"SKIP","floor":6},{"not_picked":["Wild Strike","Ghostly Armor"],"picked":"Barricade","floor":8},{"not_picked":["Feel No Pain","Rampage"],"picked":"Rage","floor":10},{"not_picked":["Spot Weakness","Thunderclap","Perfected Strike"],"picked":"SKIP","floor":11},{"not_picked":["Fiend Fire","Reaper"],"picked":"Demon Form","floor":16},{"not_picked":["Cleave","Iron Wave+1"],"picked":"Evolve","floor":18},{"not_picked":["Combust","Pommel Strike","Second Wind"],"picked":"SKIP","floor":19},{"not_picked":["Heavy Blade","Second Wind"],"picked":"Bloodletting","floor":21},{"not_picked":["Thunderclap","Infernal Blade+1","Evolve"],"picked":"SKIP","floor":24},{"not_picked":["Clothesline","Body Slam","Wild Strike"],"picked":"SKIP","floor":29},{"not_picked":["Cleave","Twin Strike","Searing Blow"],"picked":"SKIP","floor":31},{"not_picked":["Dark Embrace+1","Double Tap"],"picked":"Offering","floor":33},{"not_picked":["Armaments+1","Sword Boomerang"],"picked":"Pommel Strike+1","floor":35},{"not_picked":["Clothesline","Wild Strike+1"],"picked":"Battle Trance","floor":37},{"not_picked":["Corruption+1","Body Slam+1"],"picked":"Iron Wave+1","floor":40},{"not_picked":["Havoc","Fiend Fire","Combust+1"],"picked":"SKIP","floor":44},{"not_picked":["Wild Strike","Twin Strike","Corruption+1"],"picked":"SKIP","floor":46},{"not_picked":["Disarm+1","Shockwave+1"],"picked":"Rupture+1","floor":48},{"not_picked":["Inflame+1","Hemokinesis","Blood for Blood+1"],"picked":"SKIP","floor":54}],"player_experience":831319,"relics_obtained":[{"floor":6,"key":"Blood Vial"},{"floor":8,"key":"Ancient Tea Set"},{"floor":24,"key":"Sundial"},{"floor":26,"key":"Frozen Egg 2"},{"floor":40,"key":"Old Coin"},{"floor":46,"key":"Paper Frog"},{"floor":54,"key":"War Paint"}],"event_choices":[{"damage_healed":0,"gold_gain":0,"player_choice":"Success","damage_taken":7,"relics_obtained":["Bag of Preparation"],"max_hp_gain":0,"max_hp_loss":0,"event_name":"Scrap Ooze","floor":3,"gold_loss":0},{"damage_healed":0,"gold_gain":175,"player_choice":"AGREE","damage_taken":0,"max_hp_gain":0,"max_hp_loss":0,"event_name":"Liars Game","floor":4,"gold_loss":0,"cards_obtained":["Doubt"]},{"damage_healed":0,"gold_gain":0,"player_choice":"Entered Light","damage_taken":16,"max_hp_gain":0,"max_hp_loss":0,"event_name":"Shining Light","floor":14,"gold_loss":0,"cards_upgraded":["Defend_R","Defend_R"]},{"cards_removed":["Strike_R"],"damage_healed":0,"gold_gain":0,"player_choice":"Purged","damage_taken":0,"max_hp_gain":0,"max_hp_loss":0,"event_name":"Purifier","floor":20,"gold_loss":0},{"damage_healed":0,"gold_gain":0,"player_choice":"Paid Fearfully","damage_taken":0,"max_hp_gain":0,"max_hp_loss":0,"event_name":"Masked Bandits","floor":22,"gold_loss":202},{"damage_healed":0,"gold_gain":0,"player_choice":"Ignored","damage_taken":0,"max_hp_gain":0,"max_hp_loss":0,"event_name":"Ghosts","floor":25,"gold_loss":0},{"cards_removed":["Writhe"],"damage_healed":0,"gold_gain":0,"player_choice":"Elegance","damage_taken":0,"max_hp_gain":0,"max_hp_loss":0,"event_name":"Back to Basics","floor":28,"gold_loss":0},{"cards_removed":["Strike_R"],"damage_healed":0,"gold_gain":0,"player_choice":"Offered Basic","damage_taken":0,"max_hp_gain":0,"max_hp_loss":0,"event_name":"Bonfire Elementals","floor":38,"gold_loss":0},{"damage_healed":0,"gold_gain":0,"player_choice":"1 cards matched","damage_taken":0,"max_hp_gain":0,"max_hp_loss":0,"event_name":"Match and Keep!","floor":42,"gold_loss":0,"cards_obtained":["Impervious"]}],"is_beta":false,"boss_relics":[{"not_picked":["Orrery","Empty Cage"],"picked":"Cursed Key"},{"not_picked":["Calling Bell","Velvet Choker"],"picked":"Runic Dome"}],"items_purged_floors":[2,13,36],"is_endless":false,"potions_floor_spawned":[11,16,18,24,29,35,37,46],"ascension_level":6}