{"gold_per_floor":[216,234,73,93,93,126,126,161,161,161,161,175,75,85,85,85],"floor_reached":16,"playtime":1588,"items_purged":["Strike_R","Strike_R"],"score":132,"play_id":"62c7b1f2-21ea-4c46-a0a8-8176433192c5","local_time":"20190123080543","is_ascension_mode":true,"campfire_choices":[{"data":"Searing Blow","floor":7,"key":"SMITH"},{"data":"Searing Blow+1","floor":10,"key":"SMITH"},{"floor":15,"key":"REST"}],"neow_cost":"NONE","seed_source_timestamp":31411909682600,"circlet_count":0,"master_deck":["Strike_R","Strike_R","Strike_R","Defend_R","Defend_R","Defend_R","Defend_R","Bash","Battle Trance","Heavy Blade","Searing Blow+2","Shrug It Off","True Grit","Cleave","Metallicize"],"relics":["Burning Blood","Darkstone Periapt","Matryoshka","Juzu Bracelet","Bottled Lightning"],"potions_floor_usage":[6,6,14],"damage_taken":[{"damage":6,"enemies":"Cultist","floor":1,"turns":3},{"damage":8,"enemies":"Small Slimes","floor":2,"turns":5},{"damage":13,"enemies":"Jaw Worm","floor":4,"turns":5},{"damage":50,"enemies":"Lagavulin","floor":6,"turns":9},{"damage":36,"enemies":"Gremlin Nob","floor":8,"turns":5},{"damage":2,"enemies":"Red Slaver","floor":12,"turns":3},{"damage":2,"enemies":"Large Slime","floor":14,"turns":12},{"damage":47,"enemies":"Hexaghost","floor":16,"turns":11}],"seed_played":"-1321529307403433935","potions_obtained":[{"floor":1,"key":"Regen Potion"},{"floor":4,"key":"Fire Potion"},{"floor":8,"key":"Energy Potion"}],"is_trial":false,"path_per_floor":["M","M","$","M","$","E","R","E","T","R","$","M","$","M","R","B"],"character_chosen":"IRONCLAD","items_purchased":["Searing Blow","Shrug It Off"],"campfire_rested":1,"item_purchase_floors":[3,3],"current_hp_per_floor":[80,78,78,71,71,42,42,12,12,12,12,16,16,20,44,0],"gold":85,"neow_bonus":"HUNDRED_GOLD","is_prod":false,"is_daily":false,"chose_seed":false,"campfire_upgraded":2,"win_rate":0,"timestamp":1548227143,"path_taken":["M","M","$","M","?","E","R","E","T","R","$","M","$","M","R","BOSS"],"build_version":"2019-01-17v2","purchased_purges":2,"victory":false,"max_hp_per_floor":[80,80,80,80,80,80,80,80,80,80,80,80,80,80,80,80],"card_choices":[{"not_picked":["Blood for Blood","Infernal Blade"],"picked":"Battle Trance","floor":1},{"not_picked":["True Grit","Perfected Strike"],"picked":"Heavy Blade","floor":2},{"not_picked":["Body Slam","Havoc"],"picked":"True Grit","floor":4},{"not_picked":["Seeing Red","Bloodletting","Body Slam"],"picked":"SKIP","floor":6},{"not_picked":["Seeing Red","Flex"],"picked":"Cleave","floor":8},{"not_picked":["Juggernaut","Rampage"],"picked":"Metallicize","floor":12},{"not_picked":["Spot Weakness","Pommel Strike","Thunderclap"],"picked":"SKIP","floor":14}],"player_experience":26415,"relics_obtained":[{"floor":6,"key":"Darkstone Periapt"},{"floor":8,"key":"Matryoshka"},{"floor":9,"key":"Juzu Bracelet"},{"floor":9,"key":"Bottled Lightning"}],"event_choices":[],"is_beta":false,"boss_relics":[],"items_purged_floors":[3,13],"is_endless":false,"potions_floor_spawned":[1,4,8],"killed_by":"Hexaghost","ascension_level":4}