{"gold_per_floor":[117,42,60,75,250,250,273,292,318,378,343,343,343,362,362,467,467,481,481,431,451,102,102,116,116,116,116,141,175,175,189,189,284,284,303,303,315,71,86,86,0,0,0,16,16,32,32,50,50,50],"floor_reached":50,"playtime":1523,"items_purged":["Injury","Strike_R","Strike_R","Strike_R"],"score":475,"play_id":"4426d31e-6091-48a1-ad3a-759bae75c6fb","local_time":"20190122123426","is_ascension_mode":false,"campfire_choices":[{"data":"Bash","floor":6,"key":"SMITH"},{"data":"Whirlwind","floor":12,"key":"SMITH"},{"data":"Inflame","floor":15,"key":"SMITH"},{"floor":23,"key":"REST"},{"floor":25,"key":"REST"},{"floor":27,"key":"REST"},{"floor":30,"key":"REST"},{"floor":32,"key":"REST"},{"floor":40,"key":"REST"},{"floor":42,"key":"REST"},{"floor":49,"key":"REST"}],"neow_cost":"CURSE","seed_source_timestamp":142368158159028,"circlet_count":0,"master_deck":["Defend_R","Defend_R","Defend_R","Bash+1","Inflame+1","Pommel Strike","Whirlwind+1","Iron Wave","Armaments","Impervious","Twin Strike","Flame Barrier+1","Limit Break+1","Brutality+1","Fiend Fire+1","Shockwave+1","Flex","True Grit+1","Mayhem","Spot Weakness+1","Shrug It Off+1","Rupture+1"],"relics":["Burning Blood","Dead Branch","Blood Vial","Omamori","Smiling Mask","Fusion Hammer","Champion Belt","Bottled Tornado","Art of War","Centennial Puzzle","Astrolabe","Red Mask","Molten Egg 2"],"potions_floor_usage":[10,10,33,33,33,50,50],"damage_taken":[{"damage":11,"enemies":"Jaw Worm","floor":1,"turns":4},{"damage":5,"enemies":"2 Louse","floor":3,"turns":4},{"damage":5,"enemies":"Small Slimes","floor":4,"turns":4},{"damage":12,"enemies":"3 Louse","floor":8,"turns":2},{"damage":50,"enemies":"Lagavulin Event","floor":10,"turns":6},{"damage":0,"enemies":"Lots of Slimes","floor":14,"turns":1},{"damage":46,"enemies":"Slime Boss","floor":16,"turns":8},{"damage":4,"enemies":"Chosen","floor":18,"turns":5},{"damage":25,"enemies":"2 Thieves","floor":21,"turns":3},{"damage":51,"enemies":"Shelled Parasite and Fungi","floor":24,"turns":7},{"damage":49,"enemies":"Book of Stabbing","floor":29,"turns":7},{"damage":13,"enemies":"Centurion and Healer","floor":31,"turns":7},{"damage":66,"enemies":"Automaton","floor":33,"turns":12},{"damage":13,"enemies":"3 Darklings","floor":35,"turns":2},{"damage":19,"enemies":"3 Shapes","floor":37,"turns":3},{"damage":12,"enemies":"Sphere and 2 Shapes","floor":39,"turns":3},{"damage":28,"enemies":"Transient","floor":44,"turns":5},{"damage":30,"enemies":"4 Shapes","floor":46,"turns":2},{"damage":33,"enemies":"Jaw Worm Horde","floor":48,"turns":5},{"damage":49,"enemies":"Donu and Deca","floor":50,"turns":4}],"seed_played":"-2561608803633402714","potions_obtained":[{"floor":1,"key":"Strength Potion"},{"floor":3,"key":"Ancient Potion"},{"floor":16,"key":"PowerPotion"},{"floor":18,"key":"Poison Potion"},{"floor":19,"key":"PowerPotion"},{"floor":19,"key":"SteroidPotion"},{"floor":37,"key":"EssenceOfSteel"},{"floor":39,"key":"SpeedPotion"},{"floor":44,"key":"AttackPotion"}],"is_trial":false,"path_per_floor":["M","$","M","M","?","R","T","M","T","?","?","R","?","M","R","B",null,"M","?","$","M","$","R","M","R","T","R","T","E","R","M","R","B",null,"M","?","M","$","M","R","?","R","T","M","$","M","?","M","R","B"],"character_chosen":"IRONCLAD","items_purchased":["Champion Belt","Mayhem"],"campfire_rested":8,"item_purchase_floors":[22,38],"current_hp_per_floor":[75,75,76,77,77,77,77,73,73,31,51,51,51,59,59,21,80,80,80,80,61,61,80,35,59,59,80,80,37,61,56,80,20,80,73,80,67,67,63,80,80,80,80,58,58,36,36,11,35,0],"gold":50,"neow_bonus":"ONE_RARE_RELIC","is_prod":false,"is_daily":false,"chose_seed":false,"campfire_upgraded":3,"win_rate":0,"timestamp":1548131666,"path_taken":["M","$","M","M","?","R","?","M","T","?","?","R","?","?","R","BOSS","M","?","$","M","$","R","?","R","T","R","?","E","R","M","R","BOSS","M","?","?","$","M","R","?","R","T","M","?","M","?","?","R","BOSS"],"build_version":"2019-01-17v2","purchased_purges":4,"victory":false,"max_hp_per_floor":[80,80,80,80,80,80,80,80,80,80,80,80,80,80,80,80,80,80,80,80,80,80,80,80,80,80,80,80,80,80,80,80,80,80,80,80,80,80,80,80,80,80,80,80,80,80,80,80,80,80],"card_choices":[{"not_picked":["Rampage","Flame Barrier"],"picked":"Inflame","floor":1},{"not_picked":["Clothesline","Corruption"],"picked":"Pommel Strike","floor":3},{"not_picked":["Cleave","Corruption"],"picked":"Whirlwind","floor":4},{"not_picked":["Perfected Strike","Wild Strike","Headbutt"],"picked":"SKIP","floor":8},{"not_picked":["Fire Breathing","Armaments"],"picked":"Iron Wave","floor":10},{"not_picked":["Anger","Warcry"],"picked":"Armaments","floor":14},{"not_picked":["Double Tap","Offering"],"picked":"Impervious","floor":16},{"not_picked":["Body Slam","Clash+1"],"picked":"Twin Strike","floor":18},{"not_picked":["Wild Strike+1","Bloodletting","Flex"],"picked":"SKIP","floor":21},{"not_picked":["Corruption","Spot Weakness","Sword Boomerang"],"picked":"SKIP","floor":24},{"not_picked":["Rupture","Power Through","Rage"],"picked":"SKIP","floor":29},{"not_picked":["Body Slam","Cleave"],"picked":"Flame Barrier+1","floor":31},{"not_picked":["Berserk","Fiend Fire"],"picked":"Limit Break","floor":33},{"not_picked":["Metallicize","Clothesline+1"],"picked":"Flex","floor":35},{"not_picked":["Sword Boomerang","Shockwave+1"],"picked":"True Grit+1","floor":37},{"not_picked":["Thunderclap","True Grit"],"picked":"Spot Weakness+1","floor":39},{"not_picked":["Battle Trance+1","Havoc","Clash+1"],"picked":"SKIP","floor":44},{"not_picked":["Flex+1","Entrench"],"picked":"Shrug It Off+1","floor":46},{"not_picked":["Clothesline+1","Power Through"],"picked":"Rupture+1","floor":48}],"player_experience":120870,"relics_obtained":[{"floor":7,"key":"Blood Vial"},{"floor":9,"key":"Omamori"},{"floor":26,"key":"Bottled Tornado"},{"floor":28,"key":"Art of War"},{"floor":29,"key":"Centennial Puzzle"},{"floor":43,"key":"Molten Egg 2"}],"event_choices":[{"damage_healed":0,"gold_gain":175,"player_choice":"AGREE","damage_taken":0,"max_hp_gain":0,"max_hp_loss":0,"event_name":"Liars Game","floor":5,"gold_loss":0,"cards_obtained":["Doubt"]},{"damage_healed":0,"gold_gain":0,"player_choice":"Searched \u00272\u0027 times","damage_taken":0,"relics_obtained":["Smiling Mask"],"max_hp_gain":0,"max_hp_loss":0,"event_name":"Dead Adventurer","floor":10,"gold_loss":0},{"damage_healed":20,"gold_gain":0,"player_choice":"Healed","damage_taken":0,"max_hp_gain":0,"max_hp_loss":0,"event_name":"The Cleric","floor":11,"gold_loss":35},{"cards_removed":["Doubt"],"damage_healed":0,"gold_gain":0,"player_choice":"Purged","damage_taken":0,"max_hp_gain":0,"max_hp_loss":0,"event_name":"Purifier","floor":13,"gold_loss":0},{"damage_healed":0,"gold_gain":0,"player_choice":"Got Potions","damage_taken":0,"max_hp_gain":0,"max_hp_loss":0,"event_name":"Lab","floor":19,"gold_loss":0},{"damage_healed":7,"gold_gain":0,"player_choice":"Full Heal","damage_taken":0,"max_hp_gain":0,"max_hp_loss":0,"event_name":"Wheel of Change","floor":36,"gold_loss":0},{"damage_healed":0,"gold_gain":0,"player_choice":"Paid","damage_taken":0,"relics_obtained":["Red Mask"],"max_hp_gain":0,"max_hp_loss":0,"event_name":"Tomb of Lord Red Mask","floor":41,"gold_loss":86},{"damage_healed":0,"gold_gain":0,"player_choice":"Upgraded","damage_taken":0,"max_hp_gain":0,"max_hp_loss":0,"event_name":"Upgrade Shrine","floor":47,"gold_loss":0,"cards_upgraded":["Limit Break"]}],"is_beta":false,"boss_relics":[{"not_picked":["Busted Crown","Snecko Eye"],"picked":"Fusion Hammer"},{"not_picked":["Black Star","White Beast Statue"],"picked":"Astrolabe"}],"items_purged_floors":[2,20,22,38],"is_endless":false,"potions_floor_spawned":[1,3,16,18,31,37,39,44,46],"killed_by":"Donu and Deca","ascension_level":0}