{"path_per_floor":["M","M","M","?","M","R","E","R","T","R","?","E","M","?","R","B",null,"M","?","M","?","?","R","E","M","T","E","R","$","M","?","R","B",null,"M","?","M","?","M","R","E","R","T","R","E","$","R","E","R","B"],"character_chosen":"THE_SILENT","items_purchased":["Singing Bowl","Whetstone","Flash of Steel","Secret Weapon"],"gold_per_floor":[19,32,51,126,143,143,177,177,177,177,207,241,251,251,251,353,353,368,368,386,386,386,386,420,437,437,468,468,236,253,253,253,351,351,370,470,485,531,550,550,579,579,579,579,607,54,54,81,81,81],"floor_reached":51,"campfire_rested":7,"playtime":5237,"item_purchase_floors":[],"current_hp_per_floor":[69,69,65,54,29,50,10,31,31,52,52,42,39,39,60,14,70,53,53,49,49,49,49,42,40,40,37,70,70,71,71,71,38,74,67,67,66,58,55,55,43,43,43,78,62,62,62,47,80,68],"items_purged":["Strike_G","Strike_G"],"gold":81,"score":802,"play_id":"002e6113-05a6-4ac8-ae91-43b3c0a65a2a","local_time":"20180613192933","is_prod":false,"is_daily":false,"chose_seed":false,"is_ascension_mode":true,"campfire_upgraded":5,"win_rate":0,"timestamp":1528914573,"campfire_choices":[{"floor":6.0,"key":"REST"},{"floor":8.0,"key":"REST"},{"floor":10.0,"key":"REST"},{"floor":15.0,"key":"REST"},{"data":"After Image","floor":23.0,"key":"SMITH"},{"floor":28.0,"key":"REST"},{"data":"Noxious Fumes","floor":32.0,"key":"SMITH"},{"data":"A Thousand Cuts","floor":40.0,"key":"SMITH"},{"data":"Bouncing Flask","floor":42.0,"key":"SMITH"},{"floor":44.0,"key":"REST"},{"data":"Leg Sweep","floor":47,"key":"SMITH"},{"floor":49,"key":"REST"}],"path_taken":["M","?","M","?","M","R","E","R","T","R","?","E","M","?","R","BOSS","M","?","M","?","?","R","E","M","T","E","R","$","?","?","R","BOSS","M","?","M","?","?","R","E","R","T","R","E","$","R","E","R","BOSS"],"build_version":"2018-06-07v3","seed_source_timestamp":0,"purchased_purges":2,"victory":true,"master_deck":["Defend_G","Defend_G","Defend_G","Defend_G","Strike_G+1","Strike_G","Survivor","Neutralize+1","Deflect","Reflex","Bouncing Flask+1","Dagger Throw","Flying Knee","Footwork","Backflip","Noxious Fumes+1","After Image+1","A Thousand Cuts+1","After Image","Crippling Poison+1","Dagger Throw+1","Leg Sweep+1","Bane+1","Noxious Fumes+1","Prepared+1","Crippling Poison+1","Catalyst+1","Flash of Steel","Secret Weapon","Tools of the Trade"],"max_hp_per_floor":[70,70,70,70,70,70,70,70,70,70,70,70,70,70,70,70,70,70,70,70,70,70,70,70,70,70,70,70,70,72,72,72,74,74,74,74,76,76,78,78,78,78,78,78,78,78,78,78,80,80],"relics":["Ring of the Snake","Centennial Puzzle","Mummified Hand","Busted Crown","Pen Nib","Regal Pillow","Shuriken","Singing Bowl","Sozu","Du-Vu Doll","Sundial","Meat on the Bone","Dream Catcher","Whetstone","Boot"],"card_choices":[{"not_picked":["Concentrate","Expertise"],"picked":"Bouncing Flask","floor":1.0},{"not_picked":["Prepared","Outmaneuver"],"picked":"Dagger Throw","floor":2.0},{"not_picked":["Prepared","Concentrate"],"picked":"Flying Knee","floor":3.0},{"not_picked":["Outmaneuver","Bouncing Flask"],"picked":"Footwork","floor":5.0},{"not_picked":["Slice","Bane"],"picked":"Backflip","floor":7.0},{"not_picked":["Dagger Throw","Dodge and Roll"],"picked":"Noxious Fumes","floor":12.0},{"not_picked":["Underhanded Strike","Predator"],"picked":"After Image","floor":13.0},{"not_picked":["Corpse Explosion","Doppelganger"],"picked":"A Thousand Cuts","floor":16.0},{"not_picked":["Deadly Poison"],"picked":"SKIP","floor":18.0},{"not_picked":[],"picked":"Crippling Poison+1","floor":20.0},{"not_picked":[],"picked":"Dagger Throw+1","floor":24.0},{"not_picked":[],"picked":"Leg Sweep","floor":25.0},{"not_picked":[],"picked":"Bane+1","floor":27.0},{"not_picked":["Malaise"],"picked":"Singing Bowl","floor":30.0},{"not_picked":["Bullet Time"],"picked":"Singing Bowl","floor":33.0},{"not_picked":[],"picked":"Noxious Fumes+1","floor":35.0},{"not_picked":["Slice"],"picked":"Singing Bowl","floor":37.0},{"not_picked":[],"picked":"Prepared+1","floor":38.0},{"not_picked":["Distraction"],"picked":"Singing Bowl","floor":39.0},{"not_picked":[],"picked":"Crippling Poison+1","floor":41.0},{"not_picked":[],"picked":"Catalyst+1","floor":45.0},{"not_picked":[],"picked":"Tools of the Trade","floor":48},{"not_picked":["Cloak And Dagger+1"],"picked":"Singing Bowl","floor":49}],"player_experience":351993,"potions_floor_usage":[50],"damage_taken":[{"damage":1.0,"enemies":"Cultist","floor":1.0,"turns":4.0},{"damage":0.0,"enemies":"2 Louse","floor":2.0,"turns":3.0},{"damage":4.0,"enemies":"Small Slimes","floor":3.0,"turns":3.0},{"damage":25.0,"enemies":"Exordium Thugs","floor":5.0,"turns":5.0},{"damage":40.0,"enemies":"Gremlin Nob","floor":7.0,"turns":5.0},{"damage":10.0,"enemies":"Lagavulin","floor":12.0,"turns":7.0},{"damage":3.0,"enemies":"Blue Slaver","floor":13.0,"turns":3.0},{"damage":46.0,"enemies":"Slime Boss","floor":16.0,"turns":13.0},{"damage":17.0,"enemies":"2 Thieves","floor":18.0,"turns":4.0},{"damage":4.0,"enemies":"3 Byrds","floor":20.0,"turns":4.0},{"damage":7.0,"enemies":"Slavers","floor":24.0,"turns":6.0},{"damage":2.0,"enemies":"Snake Plant","floor":25.0,"turns":4.0},{"damage":3.0,"enemies":"Book of Stabbing","floor":27.0,"turns":6.0},{"damage":1.0,"enemies":"Slaver and Parasite","floor":30.0,"turns":5.0},{"damage":35.0,"enemies":"Collector","floor":33.0,"turns":9.0},{"damage":7.0,"enemies":"3 Shapes","floor":35.0,"turns":5.0},{"damage":3.0,"enemies":"Orb Walker","floor":37.0,"turns":3.0},{"damage":8.0,"floor":38.0,"turns":5.0},{"damage":5.0,"enemies":"3 Darklings","floor":39.0,"turns":4.0},{"damage":12.0,"enemies":"Giant Head","floor":41.0,"turns":8.0},{"damage":16.0,"enemies":"Nemesis","floor":45.0,"turns":7.0},{"damage":15,"enemies":"2 Orb Walkers","floor":48,"turns":4},{"damage":12,"enemies":"Donu and Deca","floor":50,"turns":7}],"relics_obtained":[{"floor":7.0,"key":"Centennial Puzzle"},{"floor":9.0,"key":"Mummified Hand"},{"floor":24.0,"key":"Pen Nib"},{"floor":26.0,"key":"Regal Pillow"},{"floor":27.0,"key":"Shuriken"},{"floor":38.0,"key":"Du-Vu Doll"},{"floor":41.0,"key":"Sundial"},{"floor":43.0,"key":"Meat on the Bone"},{"floor":45.0,"key":"Dream Catcher"},{"floor":48,"key":"Boot"}],"event_choices":[{"event_name":"World of Goop","player_choice":"Gather Gold","floor":4.0,"damage_taken":0.0},{"event_name":"Dead Adventurer","player_choice":"Searched \u00272\u0027 times","floor":11.0,"damage_taken":0.0},{"event_name":"The Woman in Blue","player_choice":"Bought 0 Potions","floor":14.0,"damage_taken":0.0},{"event_name":"Duplicator","player_choice":"One dupe","floor":19.0,"damage_taken":0.0},{"event_name":"Drug Dealer","player_choice":"Ignored","floor":21.0,"damage_taken":0.0},{"event_name":"Vampires","player_choice":"Ignored","floor":22.0,"damage_taken":0.0},{"event_name":"N\u0027loth","player_choice":"Ignored","floor":31.0,"damage_taken":0.0},{"event_name":"Golden Shrine","player_choice":"Pray","floor":36.0,"damage_taken":0.0},{"event_name":"Mysterious Sphere","player_choice":"Fight","floor":38.0,"damage_taken":0.0}],"boss_relics":[{"not_picked":["Velvet Choker","Black Star"],"picked":"Busted Crown"},{"not_picked":["Orrery","Calling Bell"],"picked":"Sozu"}],"items_purged_floors":[],"potions_floor_spawned":[1,2,7,12,13,18,24,27,33,37,38,41,45],"seed_played":"-7596214984495971440","ascension_level":2,"potions_obtained":[{"floor":1.0,"key":"Strength Potion"},{"floor":2.0,"key":"Dexterity Potion"},{"floor":7.0,"key":"Swift Potion"},{"floor":12.0,"key":"Poison Potion"},{"floor":13.0,"key":"Weak Potion"},{"floor":24.0,"key":"Strength Potion"},{"floor":33.0,"key":"FairyPotion"}],"is_trial":false}