{"gold_per_floor":[116,131,150,225,225,225,247,247,247,247,247,247,267,297,297,370,370,390,410,8,8,8,43,43,54,54,65,65,82,95,95,95,95],"floor_reached":33,"playtime":1665,"items_purged":[],"score":477,"play_id":"29a2efc3-55ef-4332-a784-e3385bda9ab5","local_time":"20190111003039","is_ascension_mode":true,"campfire_choices":[{"floor":6,"key":"REST"},{"data":"1","floor":8,"key":"LIFT"},{"floor":10,"key":"REST"},{"data":"2","floor":12,"key":"LIFT"},{"data":"3","floor":15,"key":"LIFT"},{"data":"Go for the Eyes","floor":24,"key":"SMITH"},{"floor":28,"key":"REST"},{"floor":32,"key":"REST"}],"neow_cost":"PERCENT_DAMAGE","seed_source_timestamp":90411374745400,"circlet_count":0,"master_deck":["AscendersBane","Zap","Dualcast","Auto Shields","Gash+1","Hologram","Coolheaded","Seek","Multi-Cast","Storm","White Noise","Heatsinks","Steam","Meteor Strike+1","Rebound","Streamline","Gash","Skim+1","Go for the Eyes+1","Pain","Sweeping Beam+1","Turbo","Chill+1","Seek"],"relics":["Cracked Core","Girya","Oddly Smooth Stone","Odd Mushroom","Anchor","Dead Branch","Pandora\u0027s Box","Lee\u0027s Waffle","Whetstone","WarpedTongs","Centennial Puzzle","Shuriken"],"potions_floor_usage":[14,16,18,33,33],"damage_taken":[{"damage":3,"enemies":"2 Louse","floor":1,"turns":3},{"damage":16,"enemies":"Small Slimes","floor":2,"turns":4},{"damage":1,"enemies":"Cultist","floor":3,"turns":3},{"damage":15,"enemies":"The Mushroom Lair","floor":7,"turns":6},{"damage":0,"enemies":"Looter","floor":13,"turns":3},{"damage":8,"enemies":"3 Sentries","floor":14,"turns":10},{"damage":18,"enemies":"Hexaghost","floor":16,"turns":13},{"damage":23,"enemies":"2 Thieves","floor":18,"turns":3},{"damage":21,"enemies":"Shell Parasite","floor":19,"turns":6},{"damage":41,"enemies":"Gremlin Leader","floor":23,"turns":6},{"damage":19,"enemies":"Sentry and Sphere","floor":25,"turns":4},{"damage":8,"enemies":"Centurion and Healer","floor":27,"turns":5},{"damage":6,"enemies":"Snake Plant","floor":29,"turns":4},{"damage":10,"enemies":"Snecko","floor":30,"turns":2},{"damage":55,"enemies":"Collector","floor":33,"turns":8}],"seed_played":"-5364048713396437248","potions_obtained":[{"floor":1,"key":"Weak Potion"},{"floor":3,"key":"SneckoOil"},{"floor":7,"key":"Strength Potion"},{"floor":16,"key":"Explosive Potion"},{"floor":25,"key":"Explosive Potion"},{"floor":29,"key":"Weak Potion"}],"is_trial":false,"path_per_floor":["M","M","M","?","?","R","?","R","T","R","?","R","M","E","R","B",null,"M","M","$","?","?","E","R","M","T","M","R","M","M","?","R","B"],"character_chosen":"DEFECT","items_purchased":["Lee\u0027s Waffle","Whetstone","Go for the Eyes"],"campfire_rested":4,"item_purchase_floors":[20,20,20],"current_hp_per_floor":[43,27,26,15,4,25,10,10,10,31,31,31,31,23,23,5,55,32,11,78,78,78,37,37,18,18,10,33,27,17,17,40,0],"gold":95,"neow_bonus":"ONE_RARE_RELIC","is_prod":false,"is_daily":false,"chose_seed":false,"campfire_upgraded":1,"win_rate":0,"timestamp":1547195439,"path_taken":["M","M","M","?","?","R","?","R","T","R","?","R","M","E","R","BOSS","M","?","$","?","?","E","R","M","T","M","R","?","?","?","R","BOSS"],"build_version":"2019-01-10","purchased_purges":0,"victory":false,"max_hp_per_floor":[71,71,71,71,71,71,71,71,71,71,71,71,71,71,71,71,71,71,71,78,78,78,78,78,78,78,78,78,78,78,78,78,78],"card_choices":[{"not_picked":["Conserve Battery","Coolheaded"],"picked":"Auto Shields","floor":1},{"not_picked":["Consume","Auto Shields"],"picked":"Gash","floor":2},{"not_picked":["Barrage","Turbo"],"picked":"Hologram","floor":3},{"not_picked":["Streamline","Doom and Gloom"],"picked":"Coolheaded","floor":7},{"not_picked":["Hologram","Beam Cell","Reinforced Body"],"picked":"SKIP","floor":13},{"not_picked":["Defragment","Go for the Eyes"],"picked":"Seek","floor":14},{"not_picked":["Amplify","Rainbow"],"picked":"Multi-Cast","floor":16},{"not_picked":["Go for the Eyes","Redo"],"picked":"Gash","floor":18},{"not_picked":["Ball Lightning","Lockon+1"],"picked":"Skim+1","floor":19},{"not_picked":["Force Field","Turbo"],"picked":"Sweeping Beam+1","floor":23},{"not_picked":["Hologram","Ball Lightning"],"picked":"Turbo","floor":25},{"not_picked":["Stack","Compile Driver","Consume"],"picked":"SKIP","floor":27},{"not_picked":["Stack","Force Field+1","Heatsinks"],"picked":"SKIP","floor":29},{"not_picked":["Steam+1","Ball Lightning"],"picked":"Chill+1","floor":30}],"player_experience":1060286,"relics_obtained":[{"floor":7,"key":"Odd Mushroom"},{"floor":9,"key":"Anchor"},{"floor":14,"key":"Dead Branch"},{"floor":23,"key":"Centennial Puzzle"},{"floor":26,"key":"Shuriken"}],"event_choices":[{"damage_healed":0,"gold_gain":75,"player_choice":"Gather Gold","damage_taken":11,"max_hp_gain":0,"max_hp_loss":0,"event_name":"World of Goop","floor":4,"gold_loss":0},{"damage_healed":0,"gold_gain":0,"player_choice":"Success","damage_taken":11,"relics_obtained":["Oddly Smooth Stone"],"max_hp_gain":0,"max_hp_loss":0,"event_name":"Scrap Ooze","floor":5,"gold_loss":0},{"damage_healed":0,"gold_gain":0,"player_choice":"Fought Mushrooms","damage_taken":0,"max_hp_gain":0,"max_hp_loss":0,"event_name":"Mushrooms","floor":7,"gold_loss":0},{"cards_removed":["Strike_B"],"damage_healed":0,"gold_gain":0,"player_choice":"Purged","damage_taken":0,"max_hp_gain":0,"max_hp_loss":0,"event_name":"Purifier","floor":11,"gold_loss":0},{"damage_healed":0,"gold_gain":0,"player_choice":"Ignored","damage_taken":0,"max_hp_gain":0,"max_hp_loss":0,"event_name":"Ghosts","floor":21,"gold_loss":0},{"damage_healed":0,"gold_gain":0,"player_choice":"Rummage","damage_taken":0,"relics_obtained":["WarpedTongs"],"max_hp_gain":0,"max_hp_loss":0,"event_name":"Accursed Blacksmith","floor":22,"gold_loss":0,"cards_obtained":["Pain"]},{"damage_healed":0,"gold_gain":0,"player_choice":"Copied","damage_taken":0,"max_hp_gain":0,"max_hp_loss":0,"event_name":"Duplicator","floor":31,"gold_loss":0,"cards_obtained":["Seek"]}],"is_beta":false,"boss_relics":[{"not_picked":["Orrery","Nuclear Battery"],"picked":"Pandora\u0027s Box"}],"items_purged_floors":[],"is_endless":false,"potions_floor_spawned":[1,3,7,16,25,29],"killed_by":"Collector","ascension_level":16}