{"gold_per_floor":[115,40,40,61,85,121,121,137,163,263,279,279,108,141,141,261,261,284,284,159,172,90,90,108,149,149,149,167,167],"floor_reached":29,"playtime":1333,"items_purged":["Strike_R","Strike_R","Strike_R"],"score":266,"play_id":"07ca05a6-77aa-4cc3-9316-27b3b261ae5e","local_time":"20181010011203","is_ascension_mode":true,"campfire_choices":[{"data":"Bash","floor":7,"key":"SMITH"},{"floor":12,"key":"REST"},{"floor":15,"key":"REST"},{"data":"True Grit","floor":23,"key":"SMITH"},{"data":"True Grit","floor":27,"key":"SMITH"}],"neow_cost":"NONE","seed_source_timestamp":1498018908608083,"circlet_count":0,"master_deck":["Strike_R+1","Strike_R+1","Defend_R","Defend_R","Defend_R","Defend_R","Bash+1","Shrug It Off","True Grit+1","True Grit+1","Clothesline","Battle Trance","Carnage","Inflame","Armaments","Juggernaut","Iron Wave","Shrug It Off+1","Whirlwind","Armaments+1"],"relics":["Burning Blood","Golden Idol","Whetstone","Centennial Puzzle","Bag of Preparation","Coffee Dripper","MutagenicStrength","Regal Pillow","Pantograph"],"potions_floor_usage":[6,14,16,25,25],"damage_taken":[{"damage":7,"enemies":"Small Slimes","floor":1,"turns":4},{"damage":0,"enemies":"Cultist","floor":4,"turns":3},{"damage":0,"enemies":"2 Louse","floor":5,"turns":4},{"damage":38,"enemies":"Gremlin Nob","floor":6,"turns":6},{"damage":19,"enemies":"Large Slime","floor":8,"turns":7},{"damage":6,"enemies":"Blue Slaver","floor":11,"turns":4},{"damage":26,"enemies":"Lagavulin","floor":14,"turns":5},{"damage":62,"enemies":"The Guardian","floor":16,"turns":17},{"damage":11,"enemies":"Spheric Guardian","floor":18,"turns":4},{"damage":18,"enemies":"Shell Parasite","floor":21,"turns":6},{"damage":28,"enemies":"Centurion and Healer","floor":24,"turns":6},{"damage":21,"enemies":"Book of Stabbing","floor":25,"turns":6},{"damage":24,"enemies":"Sentry and Sphere","floor":28,"turns":6},{"damage":16,"enemies":"Snecko","floor":29,"turns":6}],"seed_played":"5307331973733907258","potions_obtained":[{"floor":5,"key":"Poison Potion"},{"floor":6,"key":"Block Potion"},{"floor":8,"key":"SteroidPotion"},{"floor":11,"key":"FearPotion"},{"floor":24,"key":"Poison Potion"},{"floor":25,"key":"SteroidPotion"},{"floor":28,"key":"Block Potion"}],"is_trial":false,"path_per_floor":["M","$","?","M","M","E","R","M","T","?","M","R","$","E","R","B",null,"M","?","$","M","$","R","M","E","T","R","M"],"character_chosen":"IRONCLAD","items_purchased":["Inflame","Whirlwind"],"campfire_rested":2,"item_purchase_floors":[13,22],"current_hp_per_floor":[87,87,65,71,77,45,45,32,32,32,32,58,58,38,64,8,88,83,83,83,71,71,71,49,34,34,34,16,0],"gold":167,"neow_bonus":"TEN_PERCENT_HP_BONUS","is_prod":false,"is_daily":false,"chose_seed":false,"campfire_upgraded":3,"win_rate":0,"timestamp":1539105123,"path_taken":["M","$","?","M","M","E","R","M","T","?","M","R","$","E","R","BOSS","M","?","$","M","$","R","M","E","T","R","M","M"],"build_version":"2018-10-04v2","purchased_purges":3,"victory":false,"max_hp_per_floor":[88,88,88,88,88,88,88,88,88,88,88,88,88,88,88,88,88,88,88,88,88,88,88,88,88,88,88,88,88],"card_choices":[{"not_picked":["Cleave","Armaments"],"picked":"Shrug It Off","floor":1},{"not_picked":["Perfected Strike","Rampage"],"picked":"True Grit","floor":4},{"not_picked":["Perfected Strike","Corruption"],"picked":"True Grit","floor":5},{"not_picked":["Hemokinesis","Infernal Blade"],"picked":"Clothesline","floor":6},{"not_picked":["Perfected Strike","Sever Soul"],"picked":"Battle Trance","floor":8},{"not_picked":["Bloodletting","Shrug It Off"],"picked":"Carnage","floor":11},{"not_picked":["Seeing Red","Flex"],"picked":"Armaments","floor":14},{"not_picked":["Impervious","Offering"],"picked":"Juggernaut","floor":16},{"not_picked":["Thunderclap","Infernal Blade+1"],"picked":"Iron Wave","floor":18},{"not_picked":["Rage","Armaments"],"picked":"Shrug It Off+1","floor":21},{"not_picked":["Clash+1","Bloodletting","Entrench+1"],"picked":"SKIP","floor":24},{"not_picked":["Clothesline","Twin Strike","Flex+1"],"picked":"SKIP","floor":25},{"not_picked":["Carnage","Heavy Blade+1"],"picked":"Armaments+1","floor":28}],"player_experience":28515,"relics_obtained":[{"floor":6,"key":"Whetstone"},{"floor":9,"key":"Centennial Puzzle"},{"floor":14,"key":"Bag of Preparation"},{"floor":25,"key":"Regal Pillow"},{"floor":26,"key":"Pantograph"}],"event_choices":[{"event_name":"Golden Idol","player_choice":"Take Damage","floor":3,"damage_taken":0},{"event_name":"Golden Shrine","player_choice":"Pray","floor":10,"damage_taken":0},{"event_name":"Drug Dealer","player_choice":"Inject Mutagens","floor":19,"damage_taken":0}],"is_beta":false,"boss_relics":[{"not_picked":["Runic Dome","Fusion Hammer"],"picked":"Coffee Dripper"}],"items_purged_floors":[2,13,20],"is_endless":false,"potions_floor_spawned":[5,6,8,11,24,25,28],"killed_by":"Snecko","ascension_level":1}