{"gold_per_floor":[112,112,112,131,56,56,89,107,107,121,165,165,179,179,179,179],"floor_reached":16,"playtime":631,"items_purged":["Strike_B"],"score":204,"play_id":"a0a68312-6537-4add-846a-1873cabe9ff6","local_time":"20190210080545","is_ascension_mode":true,"campfire_choices":[{"data":"Zap","floor":6,"key":"SMITH"},{"floor":15,"key":"REST"}],"neow_cost":"NONE","seed_source_timestamp":171487697505100,"circlet_count":0,"master_deck":["AscendersBane","Strike_B","Strike_B","Defend_B","Defend_B","Defend_B","Defend_B","Zap+1","Dualcast","Self Repair","Cold Snap","Reboot","Go for the Eyes","Biased Cognition","Hologram+1"],"relics":["Cracked Core","Golden Idol","Mango","Shuriken","Darkstone Periapt"],"potions_floor_usage":[7,11,16],"damage_taken":[{"damage":11,"enemies":"2 Louse","floor":1,"turns":2},{"damage":9,"enemies":"Small Slimes","floor":4,"turns":4},{"damage":38,"enemies":"3 Sentries","floor":7,"turns":12},{"damage":5,"enemies":"Jaw Worm","floor":8,"turns":2},{"damage":16,"enemies":"Lots of Slimes","floor":10,"turns":4},{"damage":29,"enemies":"Gremlin Nob","floor":11,"turns":4},{"damage":0,"enemies":"2 Fungi Beasts","floor":13,"turns":3},{"damage":48,"enemies":"Slime Boss","floor":16,"turns":8}],"seed_played":"8114235256166156011","potions_obtained":[{"floor":4,"key":"Regen Potion"},{"floor":10,"key":"Strength Potion"},{"floor":11,"key":"Swift Potion"}],"is_trial":false,"path_per_floor":["M","?","?","M","$","R","E","M","T","M","E","?","M","?","R","B"],"character_chosen":"DEFECT","items_purchased":[],"campfire_rested":1,"item_purchase_floors":[],"current_hp_per_floor":[60,60,60,58,58,58,56,58,58,49,27,20,20,20,45,0],"gold":179,"neow_bonus":"TEN_PERCENT_HP_BONUS","is_prod":false,"is_daily":false,"chose_seed":false,"campfire_upgraded":1,"win_rate":0,"timestamp":1549814745,"path_taken":["M","?","?","M","$","R","E","M","T","M","E","?","M","?","R","BOSS"],"build_version":"2019-01-23","purchased_purges":1,"victory":false,"max_hp_per_floor":[78,78,71,71,71,71,85,85,85,85,85,85,85,85,85,85],"card_choices":[{"not_picked":["Gash","Turbo"],"picked":"Self Repair","floor":1},{"not_picked":["Sweeping Beam","Compile Driver"],"picked":"Cold Snap","floor":4},{"not_picked":["Self Repair","Scrape"],"picked":"Reboot","floor":7},{"not_picked":["Steam","Melter","Gash"],"picked":"SKIP","floor":8},{"not_picked":["Lockon","Cold Snap"],"picked":"Go for the Eyes","floor":10},{"not_picked":["Conserve Battery","Genetic Algorithm"],"picked":"Biased Cognition","floor":11},{"not_picked":["Self Repair","Turbo"],"picked":"Hologram","floor":13}],"player_experience":1235917,"relics_obtained":[{"floor":7,"key":"Mango"},{"floor":9,"key":"Shuriken"},{"floor":11,"key":"Darkstone Periapt"}],"event_choices":[{"damage_healed":0,"gold_gain":0,"player_choice":"Ignored","damage_taken":0,"max_hp_gain":0,"max_hp_loss":0,"event_name":"Liars Game","floor":2,"gold_loss":0},{"damage_healed":0,"gold_gain":0,"player_choice":"Lose Max HP","damage_taken":0,"relics_obtained":["Golden Idol"],"max_hp_gain":0,"max_hp_loss":7,"event_name":"Golden Idol","floor":3,"gold_loss":0},{"cards_removed":["Strike_B"],"damage_healed":0,"gold_gain":0,"player_choice":"Card Removal","damage_taken":7,"max_hp_gain":0,"max_hp_loss":0,"event_name":"Golden Wing","floor":12,"gold_loss":0},{"damage_healed":0,"gold_gain":0,"player_choice":"Grow","damage_taken":0,"max_hp_gain":0,"max_hp_loss":0,"event_name":"Living Wall","floor":14,"gold_loss":0,"cards_upgraded":["Hologram"]}],"is_beta":false,"boss_relics":[],"items_purged_floors":[5],"is_endless":false,"potions_floor_spawned":[4,10,11],"killed_by":"Slime Boss","ascension_level":17}