{"gold_per_floor":[109,109,123,142,142,142,167,182,208,234,234,253,253,284,284,361,361,377,652,669,684,559,559,579,607,619,631],"floor_reached":27,"playtime":2139,"items_purged":["Strike_R"],"score":514,"play_id":"19ac8957-c6d5-429e-9086-407428fea722","local_time":"20190210080957","is_ascension_mode":true,"campfire_choices":[{"data":"Pommel Strike","floor":6,"key":"SMITH"},{"data":"Uppercut","floor":11,"key":"SMITH"},{"data":"Hemokinesis","floor":13,"key":"SMITH"},{"data":"Shockwave","floor":15,"key":"SMITH"},{"data":"Feel No Pain","floor":23,"key":"SMITH"}],"neow_cost":"NONE","seed_source_timestamp":423197800625400,"circlet_count":0,"master_deck":["AscendersBane","Strike_R","Strike_R","Strike_R","Strike_R","Defend_R","Defend_R+1","Defend_R","Defend_R+1","Bash+1","Pommel Strike+1","Body Slam+1","Shockwave+1","Hemokinesis+1","Armaments","Uppercut+1","Corruption","Fiend Fire","Offering","Regret","Burning Pact+1","Feel No Pain+1","Juggernaut"],"relics":["Burning Blood","NeowsBlessing","PreservedInsect","Smiling Mask","War Paint","Meat on the Bone","Sozu","MawBank","Question Card"],"potions_floor_usage":[7,7,12,27],"damage_taken":[{"damage":0,"enemies":"2 Louse","floor":1,"turns":1},{"damage":0,"enemies":"Cultist","floor":3,"turns":1},{"damage":0,"enemies":"Small Slimes","floor":4,"turns":2},{"damage":10,"enemies":"Gremlin Nob","floor":7,"turns":3},{"damage":15,"enemies":"Exordium Wildlife","floor":8,"turns":5},{"damage":13,"enemies":"3 Sentries","floor":10,"turns":7},{"damage":2,"enemies":"Gremlin Gang","floor":12,"turns":3},{"damage":2,"enemies":"Gremlin Nob","floor":14,"turns":2},{"damage":48,"enemies":"The Guardian","floor":16,"turns":12},{"damage":29,"enemies":"2 Thieves","floor":18,"turns":4},{"damage":19,"enemies":"3 Byrds","floor":20,"turns":5},{"damage":16,"enemies":"Snecko","floor":21,"turns":4},{"damage":27,"enemies":"3 Cultists","floor":24,"turns":5},{"damage":45,"enemies":"Slavers","floor":25,"turns":7},{"damage":24,"enemies":"Snake Plant","floor":27,"turns":3}],"seed_played":"9063606753982252659","potions_obtained":[{"floor":3,"key":"Poison Potion"},{"floor":4,"key":"FearPotion"},{"floor":10,"key":"PowerPotion"},{"floor":16,"key":"Weak Potion"}],"is_trial":false,"path_per_floor":["M","?","M","M","?","R","E","M","T","E","R","M","R","E","R","B",null,"M","?","M","M","$","R","M","E","T","M"],"character_chosen":"IRONCLAD","items_purchased":["Feel No Pain"],"campfire_rested":0,"item_purchase_floors":[22],"current_hp_per_floor":[74,74,75,75,75,75,71,62,62,55,55,59,59,63,63,33,65,54,54,53,55,55,55,46,19,19,0],"gold":631,"neow_bonus":"THREE_ENEMY_KILL","is_prod":false,"is_daily":false,"chose_seed":false,"campfire_upgraded":5,"win_rate":0,"timestamp":1549782597,"path_taken":["M","?","?","M","?","R","E","M","T","E","R","M","R","E","R","BOSS","M","?","M","?","$","R","M","E","T","M"],"build_version":"2019-01-23","purchased_purges":1,"victory":false,"max_hp_per_floor":[75,75,75,75,75,75,75,75,75,75,75,75,75,75,75,75,75,75,75,75,75,75,75,75,75,75,75],"card_choices":[{"not_picked":["Flex","Warcry"],"picked":"Pommel Strike","floor":1},{"not_picked":["True Grit","Second Wind"],"picked":"Body Slam","floor":3},{"not_picked":["Cleave","Iron Wave"],"picked":"Shockwave","floor":4},{"not_picked":["Pummel","Perfected Strike"],"picked":"Hemokinesis","floor":7},{"not_picked":["Perfected Strike","Wild Strike"],"picked":"Armaments","floor":8},{"not_picked":["Headbutt","Body Slam"],"picked":"Uppercut","floor":10},{"not_picked":["Cleave","Warcry"],"picked":"Corruption","floor":12},{"not_picked":["Carnage","Anger"],"picked":"Fiend Fire","floor":14},{"not_picked":["Juggernaut","Barricade"],"picked":"Offering","floor":16},{"not_picked":["Searing Blow","Heavy Blade","Warcry"],"picked":"SKIP","floor":18},{"not_picked":["Metallicize","Armaments"],"picked":"Burning Pact+1","floor":20},{"not_picked":["Sword Boomerang","Second Wind","Clothesline"],"picked":"SKIP","floor":21},{"not_picked":["Perfected Strike","Headbutt","Pommel Strike"],"picked":"SKIP","floor":24},{"not_picked":["Havoc","Cleave"],"picked":"Juggernaut","floor":25}],"player_experience":539541,"relics_obtained":[{"floor":7,"key":"PreservedInsect"},{"floor":9,"key":"Smiling Mask"},{"floor":10,"key":"War Paint"},{"floor":14,"key":"Meat on the Bone"},{"floor":25,"key":"MawBank"},{"floor":26,"key":"Question Card"}],"event_choices":[{"damage_healed":0,"gold_gain":0,"player_choice":"Upgraded","damage_taken":0,"max_hp_gain":0,"max_hp_loss":0,"event_name":"Upgrade Shrine","floor":2,"gold_loss":0,"cards_upgraded":["Bash"]},{"damage_healed":0,"gold_gain":0,"player_choice":"Forge","damage_taken":0,"max_hp_gain":0,"max_hp_loss":0,"event_name":"Accursed Blacksmith","floor":5,"gold_loss":0,"cards_upgraded":["Body Slam"]},{"damage_healed":0,"gold_gain":275,"player_choice":"Desecrate","damage_taken":0,"max_hp_gain":0,"max_hp_loss":0,"event_name":"Golden Shrine","floor":19,"gold_loss":0,"cards_obtained":["Regret"]}],"is_beta":false,"boss_relics":[{"not_picked":["Orrery","Fusion Hammer"],"picked":"Sozu"}],"items_purged_floors":[22],"is_endless":false,"potions_floor_spawned":[3,4,10,16,24],"killed_by":"Snake Plant","ascension_level":17}