{"gold_per_floor":[217,229,21,36,50,77,77,106,106,12,30,89,89,89,89,189,189,206,206,224,164,164,164,175,175,202,202,3,102,113,124,124,226,226,246,246,106,106,106,106,106,106,106,65,65,77,77,93,93,93],"floor_reached":51,"playtime":1531,"items_purged":["Strike_B","Defend_B","Strike_B"],"score":776,"play_id":"cd0627bc-343d-4d41-92fa-74e0a28a7aa3","local_time":"20190206205529","is_ascension_mode":false,"campfire_choices":[{"data":"Defragment","floor":7.0,"key":"SMITH"},{"data":"Fusion","floor":13.0,"key":"SMITH"},{"data":"Dualcast","floor":15.0,"key":"SMITH"},{"data":"Echo Form","floor":23.0,"key":"SMITH"},{"data":"Buffer","floor":25.0,"key":"SMITH"},{"data":"Go for the Eyes","floor":27.0,"key":"SMITH"},{"data":"Zap","floor":32.0,"key":"SMITH"},{"floor":41,"key":"RECALL"},{"data":"Mayhem","floor":45,"key":"SMITH"}],"neow_cost":"NONE","seed_source_timestamp":3805165124447823,"circlet_count":0,"master_deck":["Strike_B+1","Defend_B+1","Defend_B+1","Zap+1","Dualcast+1","Ball Lightning+1","Undo+1","Defragment+1","Chill+1","Conserve Battery+1","BootSequence+1","Fusion+1","Echo Form+1","Go for the Eyes+1","Coolheaded+1","Buffer+1","Ball Lightning+1","Echo Form+1","Conserve Battery+1","Mayhem+1","Steam+1"],"special_seed":0,"relics":["Cracked Core","Runic Capacitor","The Courier","Strawberry","Mercury Hourglass","Mango","Nuclear Battery","Blood Vial","DataDisk","Coffee Dripper","Mark of the Bloom","Lantern"],"potions_floor_usage":[50],"damage_taken":[{"damage":1.0,"enemies":"Cultist","floor":1.0,"turns":3.0},{"damage":2.0,"enemies":"Jaw Worm","floor":2.0,"turns":3.0},{"damage":0.0,"enemies":"Small Slimes","floor":4.0,"turns":2.0},{"damage":10.0,"enemies":"Looter","floor":5.0,"turns":3.0},{"damage":5.0,"enemies":"Lagavulin","floor":6.0,"turns":5.0},{"damage":2.0,"enemies":"3 Sentries","floor":8.0,"turns":6.0},{"damage":0.0,"enemies":"Exordium Thugs","floor":11.0,"turns":4.0},{"damage":21.0,"enemies":"Gremlin Nob","floor":12.0,"turns":4.0},{"damage":6.0,"enemies":"The Guardian","floor":16.0,"turns":9.0},{"damage":6.0,"enemies":"3 Byrds","floor":18.0,"turns":4.0},{"damage":0.0,"enemies":"Spheric Guardian","floor":20.0,"turns":4.0},{"damage":0.0,"enemies":"Snecko","floor":24.0,"turns":6.0},{"damage":0.0,"enemies":"Centurion and Healer","floor":30.0,"turns":7.0},{"damage":0.0,"enemies":"3 Cultists","floor":31.0,"turns":5.0},{"damage":0.0,"enemies":"Automaton","floor":33.0,"turns":8.0},{"damage":9.0,"enemies":"3 Darklings","floor":35.0,"turns":5.0},{"damage":0,"enemies":"Orb Walker","floor":46,"turns":4},{"damage":0,"enemies":"Transient","floor":48,"turns":5},{"damage":0,"enemies":"Donu and Deca","floor":50,"turns":13}],"seed_played":"-6362895676918009340","potions_obtained":[{"floor":1.0,"key":"GamblersBrew"},{"floor":4.0,"key":"Block Potion"},{"floor":6.0,"key":"SteroidPotion"},{"floor":46,"key":"SkillPotion"}],"is_trial":false,"path_per_floor":["M","M","$","M","M","E","R","E","T","$","M","?","R","?","R","B",null,"M","?","M","$","?","R","M","R","T","R","$","?","M","M","R","B",null,"M","?","$","?","?","?","R","?","T","$","R","M","R","M","R","B",null],"character_chosen":"DEFECT","items_purchased":["Runic Capacitor","BootSequence","Fusion","DataDisk","Conserve Battery","Block Potion"],"campfire_rested":0,"item_purchase_floors":[3,10,10,28,37,44],"current_hp_per_floor":[74,72,72,72,62,57,57,62,62,62,62,55,55,36,36,30,96,90,90,90,90,90,90,90,90,90,90,90,90,92,94,94,96,96,87,87,87,87,87,87,87,87,87,87,87,87,87,87,87,87],"gold":93,"neow_bonus":"HUNDRED_GOLD","is_prod":false,"is_daily":false,"chose_seed":false,"campfire_upgraded":8,"win_rate":0,"timestamp":1549486529,"path_taken":["M","M","?","M","?","E","R","E","T","$","M","?","R","?","R","BOSS","M","?","M","$","?","R","M","R","T","R","$","?","M","M","R","BOSS","BOSS","M","?","$","?","?","?","R","?","T","?","R","M","R","M","R","BOSS"],"build_version":"2019-01-23","purchased_purges":3,"victory":true,"max_hp_per_floor":[75,75,75,75,75,75,75,82,82,82,82,96,96,96,96,96,96,96,96,96,96,96,96,96,96,96,96,96,96,96,96,96,96,96,96,96,96,96,96,96,96,96,96,96,96,96,96,96,96,96],"card_choices":[{"not_picked":["Recycle","Steam"],"picked":"Ball Lightning","floor":1.0},{"not_picked":["Beam Cell","Cold Snap"],"picked":"Undo","floor":2.0},{"not_picked":["Streamline","Cold Snap"],"picked":"Defragment","floor":4.0},{"not_picked":["Go for the Eyes","Scrape"],"picked":"Chill","floor":5.0},{"not_picked":["Streamline","Gash"],"picked":"Conserve Battery","floor":6.0},{"not_picked":["Redo","Sweeping Beam","Barrage"],"picked":"SKIP","floor":8.0},{"not_picked":["Loop","Sweeping Beam"],"picked":"Cold Snap","floor":11.0},{"not_picked":["Fission","Machine Learning"],"picked":"Echo Form","floor":16.0},{"not_picked":["Leap","Blizzard"],"picked":"Go for the Eyes","floor":18.0},{"not_picked":["Consume","Darkness","Fusion"],"picked":"SKIP","floor":20.0},{"not_picked":["Go for the Eyes","Streamline","Static Discharge"],"picked":"SKIP","floor":24.0},{"not_picked":["Double Energy","Redo","Conserve Battery"],"picked":"SKIP","floor":30.0},{"not_picked":["Cold Snap","Compile Driver+1"],"picked":"Ball Lightning+1","floor":31.0},{"not_picked":["Core Surge","Thunder Strike"],"picked":"Echo Form","floor":33.0},{"not_picked":["Turbo+1","Genetic Algorithm+1","Ball Lightning+1"],"picked":"SKIP","floor":35.0},{"not_picked":["Violence","Enlightenment"],"picked":"Mayhem","floor":42},{"not_picked":["Barrage","Storm+1"],"picked":"Steam+1","floor":46},{"not_picked":["Rebound+1","Blizzard","Compile Driver"],"picked":"SKIP","floor":48}],"player_experience":1019850,"relics_obtained":[{"floor":6.0,"key":"The Courier"},{"floor":8.0,"key":"Strawberry"},{"floor":9.0,"key":"Mercury Hourglass"},{"floor":26.0,"key":"Blood Vial"},{"floor":43,"key":"Lantern"}],"event_choices":[{"damage_healed":0.0,"max_hp_gain":0.0,"max_hp_loss":0.0,"gold_gain":0.0,"event_name":"Dead Adventurer","player_choice":"Searched \u00272\u0027 times","floor":12.0,"gold_loss":0.0,"damage_taken":0.0,"relics_obtained":["Mango"]},{"damage_healed":0.0,"max_hp_gain":0.0,"max_hp_loss":0.0,"gold_gain":0.0,"event_name":"Shining Light","player_choice":"Entered Light","floor":14.0,"gold_loss":0.0,"damage_taken":19.0,"cards_upgraded":["Strike_B","Ball Lightning"]},{"damage_healed":0.0,"max_hp_gain":0.0,"max_hp_loss":0.0,"gold_gain":0.0,"cards_transformed":["Strike_B","Defend_B"],"event_name":"Drug Dealer","player_choice":"Became Test Subject","floor":19.0,"gold_loss":0.0,"damage_taken":0.0,"cards_obtained":["Coolheaded","Buffer"]},{"damage_healed":0.0,"max_hp_gain":0.0,"max_hp_loss":0.0,"gold_gain":0.0,"event_name":"Vampires","player_choice":"Ignored","floor":22.0,"gold_loss":0.0,"damage_taken":0.0},{"damage_healed":0.0,"max_hp_gain":0.0,"max_hp_loss":0.0,"gold_gain":99.0,"event_name":"Nest","player_choice":"Stole From Cult","floor":29.0,"gold_loss":0.0,"damage_taken":0.0},{"cards_removed":["Cold Snap"],"damage_healed":0.0,"max_hp_gain":0.0,"max_hp_loss":0.0,"gold_gain":0.0,"event_name":"Falling","player_choice":"Removed Attack","floor":36.0,"gold_loss":0.0,"damage_taken":0.0},{"damage_healed":0.0,"max_hp_gain":0.0,"max_hp_loss":0.0,"gold_gain":0.0,"event_name":"Mysterious Sphere","player_choice":"Ignored","floor":38.0,"gold_loss":0.0,"damage_taken":0.0},{"damage_healed":0,"gold_gain":0,"player_choice":"Upgrade","damage_taken":0,"relics_obtained":["Mark of the Bloom"],"max_hp_gain":0,"max_hp_loss":0,"event_name":"MindBloom","floor":39,"gold_loss":0,"cards_upgraded":["Defend_B","Defend_B","Undo","Chill","Conserve Battery","BootSequence","Coolheaded","Echo Form","Conserve Battery"]},{"damage_healed":0,"gold_gain":0,"player_choice":"Ignored","damage_taken":0,"max_hp_gain":0,"max_hp_loss":0,"event_name":"Tomb of Lord Red Mask","floor":40,"gold_loss":0},{"damage_healed":0,"gold_gain":0,"player_choice":"Memory 1","damage_taken":0,"max_hp_gain":0,"max_hp_loss":0,"event_name":"SensoryStone","floor":42,"gold_loss":0}],"is_beta":false,"boss_relics":[{"not_picked":["Snecko Eye","Lizard Tail"],"picked":"Nuclear Battery"},{"not_picked":["Philosopher\u0027s Stone","Runic Dome"],"picked":"Coffee Dripper"}],"items_purged_floors":[21,28,37],"is_endless":false,"potions_floor_spawned":[1,4,6,18,20,46],"ascension_level":0}