{"gold_per_floor":[114,133,150,167,178,178,204,221,269,286,48,68,68,68,68,142,142,161,107,125,125,125],"floor_reached":22,"playtime":1006,"items_purged":["Strike_G"],"score":361,"play_id":"37f082c2-86a5-4dd0-a15c-9b8694699662","local_time":"20181220185353","is_ascension_mode":true,"campfire_choices":[{"floor":6,"key":"REST"},{"floor":13,"key":"REST"},{"floor":15,"key":"REST"}],"neow_cost":"NONE","seed_source_timestamp":290164173276898,"circlet_count":0,"master_deck":["AscendersBane","Defend_G","Defend_G","Defend_G","Defend_G","Defend_G","Strike_G","Survivor","Neutralize","Endless Agony","Cloak And Dagger","Dagger Spray","Infinite Blades","Slice","Quick Slash+1","Backflip","Quick Slash+1","Doppelganger+1","Envenom","Slice+1","Blade Dance","Endless Agony+1"],"relics":["WristBlade","Molten Egg 2","Strawberry","Vajra","Empty Cage"],"potions_floor_usage":[],"damage_taken":[{"damage":7,"enemies":"Small Slimes","floor":1,"turns":7},{"damage":5,"enemies":"2 Louse","floor":2,"turns":3},{"damage":0,"enemies":"Cultist","floor":3,"turns":4},{"damage":7,"enemies":"Large Slime","floor":4,"turns":6},{"damage":12,"enemies":"Red Slaver","floor":5,"turns":4},{"damage":20,"enemies":"3 Sentries","floor":7,"turns":6},{"damage":15,"enemies":"3 Louse","floor":8,"turns":2},{"damage":2,"enemies":"2 Fungi Beasts","floor":10,"turns":3},{"damage":1,"enemies":"Exordium Thugs","floor":12,"turns":4},{"damage":50,"enemies":"Hexaghost","floor":16,"turns":10},{"damage":34,"enemies":"Shell Parasite","floor":18,"turns":5},{"damage":1,"enemies":"Spheric Guardian","floor":20,"turns":3},{"damage":31,"enemies":"Shelled Parasite and Fungi","floor":22,"turns":1}],"seed_played":"-2316394837993135949","potions_obtained":[{"floor":1,"key":"GhostInAJar"},{"floor":4,"key":"Dexterity Potion"}],"is_trial":false,"path_per_floor":["M","M","M","M","M","R","E","M","T","M","$","M","R","?","R","B",null,"M","$","M","?","M"],"character_chosen":"THE_SILENT","items_purchased":["Vajra","Blade Dance"],"campfire_rested":3,"item_purchase_floors":[11,19],"current_hp_per_floor":[52,47,47,40,28,47,27,12,19,17,17,16,37,37,58,8,57,23,23,22,22,0],"gold":125,"neow_bonus":"BOSS_RELIC","is_prod":false,"is_daily":false,"chose_seed":false,"campfire_upgraded":0,"win_rate":0,"timestamp":1545360833,"path_taken":["M","M","M","M","M","R","E","M","T","M","$","M","R","?","R","BOSS","M","$","M","?","M"],"build_version":"2018-12-20","purchased_purges":1,"victory":false,"max_hp_per_floor":[66,66,66,66,66,66,66,66,73,73,73,73,73,73,73,73,73,73,73,73,73,73],"card_choices":[{"not_picked":["Prepared","Slice"],"picked":"Endless Agony","floor":1},{"not_picked":["Deflect","Blade Dance"],"picked":"Cloak And Dagger","floor":2},{"not_picked":["Dodge and Roll","PiercingWail"],"picked":"Dagger Spray","floor":3},{"not_picked":["Backflip","Deflect"],"picked":"Infinite Blades","floor":4},{"not_picked":["Burst","Bane"],"picked":"Slice","floor":5},{"not_picked":["Skewer","Blade Dance"],"picked":"Quick Slash","floor":7},{"not_picked":["Acrobatics","Tools of the Trade"],"picked":"Backflip","floor":8},{"not_picked":["Backflip","Dodge and Roll"],"picked":"Quick Slash+1","floor":10},{"not_picked":["Deflect","Deadly Poison","Dagger Throw+1"],"picked":"SKIP","floor":12},{"not_picked":["Burst","Doppelganger"],"picked":"Envenom","floor":16},{"not_picked":["Flying Knee+1","Reflex+1"],"picked":"Slice+1","floor":18},{"not_picked":["Eviscerate+1","Sucker Punch+1"],"picked":"Endless Agony+1","floor":20}],"player_experience":177651,"relics_obtained":[{"floor":7,"key":"Molten Egg 2"},{"floor":9,"key":"Strawberry"}],"event_choices":[{"damage_healed":0,"gold_gain":0,"cards_transformed":["Strike_G"],"player_choice":"Change","damage_taken":0,"max_hp_gain":0,"max_hp_loss":0,"event_name":"Living Wall","floor":14,"gold_loss":0,"cards_obtained":["Doppelganger"]},{"damage_healed":0,"gold_gain":0,"player_choice":"Forge","damage_taken":0,"max_hp_gain":0,"max_hp_loss":0,"event_name":"Accursed Blacksmith","floor":21,"gold_loss":0,"cards_upgraded":["Doppelganger"]}],"is_beta":false,"boss_relics":[{"not_picked":["Tiny House","Philosopher\u0027s Stone"],"picked":"Empty Cage"}],"items_purged_floors":[11],"is_endless":false,"potions_floor_spawned":[1,4,7,16],"killed_by":"Shelled Parasite and Fungi","ascension_level":18}