{"gold_per_floor":[365,382,398,212,228,228,253,253,253,271,271],"floor_reached":11,"playtime":668,"items_purged":[],"score":150,"play_id":"11aeccd2-9d61-4591-a1bc-c6699ae1bd70","local_time":"20190113164423","is_ascension_mode":true,"campfire_choices":[{"data":"Dagger Spray","floor":6.0,"key":"SMITH"}],"neow_cost":"PERCENT_DAMAGE","seed_source_timestamp":284894940254786,"circlet_count":0,"master_deck":["AscendersBane","Defend_G","Defend_G","Defend_G","Defend_G","Defend_G","Strike_G","Strike_G","Strike_G","Strike_G","Survivor","Neutralize","Footwork","Dagger Spray+1","Dodge and Roll","Well Laid Plans","Well Laid Plans","Quick Slash"],"special_seed":0,"relics":["Ring of the Snake","Centennial Puzzle","Unceasing Top","Pocketwatch"],"potions_floor_usage":[],"damage_taken":[{"damage":2.0,"enemies":"Small Slimes","floor":1.0,"turns":5.0},{"damage":2.0,"enemies":"Cultist","floor":2.0,"turns":6.0},{"damage":6.0,"enemies":"2 Louse","floor":3.0,"turns":3.0},{"damage":8.0,"enemies":"Red Slaver","floor":5.0,"turns":6.0},{"damage":16.0,"enemies":"Lagavulin","floor":7.0,"turns":6.0},{"damage":1.0,"enemies":"Large Slime","floor":10.0,"turns":6.0},{"damage":15,"enemies":"Gremlin Gang","floor":11,"turns":1}],"seed_played":"-5481689988813647485","potions_obtained":[{"floor":1.0,"key":"Fire Potion"},{"floor":2.0,"key":"Strength Potion"},{"floor":7.0,"key":"GamblersBrew"}],"is_trial":false,"path_per_floor":["M","M","M","$","M","R","E","?","T","M","M"],"character_chosen":"THE_SILENT","items_purchased":["Centennial Puzzle","Dodge and Roll"],"campfire_rested":0,"item_purchase_floors":[4,4],"current_hp_per_floor":[42,40,34,34,26,26,10,10,10,9,0],"gold":271,"neow_bonus":"TWO_FIFTY_GOLD","is_prod":false,"is_daily":false,"chose_seed":false,"campfire_upgraded":1,"win_rate":0,"timestamp":1547426663,"path_taken":["M","M","M","$","M","R","E","?","T","M","M"],"build_version":"2019-01-10","purchased_purges":0,"victory":false,"max_hp_per_floor":[66,66,66,66,66,66,66,66,66,66,66],"card_choices":[{"not_picked":["Bane","Crippling Poison"],"picked":"Footwork","floor":1.0},{"not_picked":["Flechettes","Blade Dance"],"picked":"Dagger Spray","floor":2.0},{"not_picked":["Underhanded Strike","Flying Knee","Outmaneuver"],"picked":"SKIP","floor":3.0},{"not_picked":["Blade Dance","Catalyst"],"picked":"Well Laid Plans","floor":5.0},{"not_picked":["Venomology","Outmaneuver"],"picked":"Well Laid Plans","floor":7.0},{"not_picked":["Expertise","Deadly Poison"],"picked":"Quick Slash","floor":10.0}],"player_experience":391627,"relics_obtained":[{"floor":7.0,"key":"Unceasing Top"},{"floor":9.0,"key":"Pocketwatch"}],"event_choices":[{"cards_removed":["Strike_G"],"damage_healed":0.0,"max_hp_gain":0.0,"max_hp_loss":0.0,"gold_gain":0.0,"event_name":"Bonfire Elementals","player_choice":"Offered Basic","floor":8.0,"gold_loss":0.0,"damage_taken":0.0}],"is_beta":false,"boss_relics":[],"items_purged_floors":[],"is_endless":false,"potions_floor_spawned":[1,2,7],"killed_by":"Gremlin Gang","ascension_level":20}