{"gold_per_floor":[17,17,17,27,43,43,72,3,55,55,88,105,120,133,133,212,212,224,239,96,96,106,132,162,162,162,162,212,240,255,282,282,356,356,366,380,380,280,280,280,308,308,308,338,369,387,12,30,30,30],"floor_reached":51,"playtime":5913,"items_purged":["Strike_G","Strike_G"],"score":1887,"play_id":"2d848734-6f3a-48ea-80d2-99c9f0d6c358","local_time":"20190129120335","is_ascension_mode":true,"campfire_choices":[{"data":"Neutralize","floor":6,"key":"SMITH"},{"data":"Noxious Fumes","floor":10,"key":"SMITH"},{"data":"Dodge and Roll","floor":15,"key":"SMITH"},{"data":"Noxious Fumes","floor":25,"key":"SMITH"},{"data":"Catalyst","floor":27,"key":"SMITH"},{"data":"Well Laid Plans","floor":32,"key":"SMITH"},{"data":"After Image","floor":40,"key":"SMITH"},{"data":"Adrenaline","floor":42,"key":"SMITH"},{"data":"Apotheosis","floor":49,"key":"SMITH"}],"neow_cost":"NO_GOLD","seed_source_timestamp":127627518600800,"circlet_count":0,"master_deck":["AscendersBane","Defend_G","Defend_G","Defend_G","Defend_G","Defend_G","Strike_G","Survivor","Neutralize+1","Crippling Poison+1","Backflip","Deadly Poison","Dodge and Roll+1","Noxious Fumes+1","Backstab","Dagger Spray","All Out Attack","Adrenaline+1","Noxious Fumes+1","Catalyst+1","After Image+1","Well Laid Plans+1","After Image","Panache","Acrobatics+1","Crippling Poison+1","Backflip","Escape Plan+1","Apotheosis+1","Backflip"],"relics":["Ring of the Snake","Ancient Tea Set","Strawberry","Meat on the Bone","Philosopher\u0027s Stone","Nilry\u0027s Codex","Mummified Hand","Red Mask","FossilizedHelix","WingedGreaves","Tough Bandages","White Beast Statue","Art of War","Ninja Scroll","Bottled Flame","PreservedInsect","Happy Flower"],"potions_floor_usage":[7,16,16,23,30,31,41,41,50,50],"damage_taken":[{"damage":1,"enemies":"Small Slimes","floor":1,"turns":5},{"damage":0,"enemies":"Cultist","floor":4,"turns":4},{"damage":0,"enemies":"Jaw Worm","floor":5,"turns":4},{"damage":13,"enemies":"Gremlin Nob","floor":7,"turns":4},{"damage":6,"enemies":"Lagavulin","floor":11,"turns":6},{"damage":0,"enemies":"Gremlin Gang","floor":12,"turns":4},{"damage":0,"enemies":"Exordium Wildlife","floor":13,"turns":5},{"damage":0,"enemies":"Large Slime","floor":14,"turns":4},{"damage":0,"enemies":"Slime Boss","floor":16,"turns":8},{"damage":4,"enemies":"Chosen","floor":18,"turns":4},{"damage":16,"enemies":"Spheric Guardian","floor":19,"turns":4},{"damage":10,"enemies":"Chosen and Byrds","floor":22,"turns":6},{"damage":8,"enemies":"Gremlin Leader","floor":23,"turns":6},{"damage":4,"enemies":"Masked Bandits","floor":24,"turns":3},{"damage":9,"enemies":"Book of Stabbing","floor":29,"turns":6},{"damage":0,"enemies":"Snake Plant","floor":30,"turns":4},{"damage":0,"enemies":"Gremlin Leader","floor":31,"turns":5},{"damage":0,"enemies":"Automaton","floor":33,"turns":10},{"damage":10,"enemies":"3 Darklings","floor":35,"turns":4},{"damage":4,"enemies":"Orb Walker","floor":36,"turns":4},{"damage":0,"enemies":"Reptomancer","floor":41,"turns":5},{"damage":0,"enemies":"Giant Head","floor":44,"turns":7},{"damage":0,"enemies":"Nemesis","floor":45,"turns":7},{"damage":0,"enemies":"Jaw Worm Horde","floor":46,"turns":2},{"damage":0,"enemies":"Transient","floor":48,"turns":5},{"damage":0,"enemies":"Donu and Deca","floor":50,"turns":5}],"seed_played":"-2367467788598346538","potions_obtained":[{"floor":1,"key":"SteroidPotion"},{"floor":7,"key":"Strength Potion"},{"floor":12,"key":"Poison Potion"},{"floor":16,"key":"Ancient Potion"},{"floor":18,"key":"Explosive Potion"},{"floor":23,"key":"Poison Potion"},{"floor":24,"key":"Energy Potion"},{"floor":35,"key":"GhostInAJar"},{"floor":36,"key":"EssenceOfSteel"},{"floor":41,"key":"GamblersBrew"},{"floor":44,"key":"SteroidPotion"},{"floor":45,"key":"PowerPotion"}],"is_trial":false,"path_per_floor":["M","?","$","M","M","R","E","$","T","R","E","M","M","M","R","B",null,"M","M","$","?","M","E","?","R","T","R","?","E","M","E","R","B",null,"M","M","?","$","?","R","E","R","T","E","E","M","$","M","R","B",null],"character_chosen":"THE_SILENT","items_purchased":["Noxious Fumes","Catalyst","Happy Flower","Apotheosis","Backflip"],"campfire_rested":0,"item_purchase_floors":[8,20,47,47,47],"current_hp_per_floor":[58,58,58,58,58,58,45,45,52,52,46,46,46,46,46,46,66,62,46,46,25,27,31,39,39,39,39,39,42,42,42,42,42,65,55,51,41,41,41,41,41,41,41,41,41,41,41,41,41,41],"gold":30,"neow_bonus":"REMOVE_TWO","is_prod":false,"is_daily":false,"chose_seed":false,"campfire_upgraded":9,"win_rate":0,"timestamp":1548759815,"path_taken":["M","?","$","M","M","R","E","?","T","R","E","?","?","M","R","BOSS","M","M","$","?","M","E","?","R","T","R","?","E","?","E","R","BOSS","M","M","?","$","?","R","E","R","T","E","E","M","$","M","R","BOSS"],"build_version":"2019-01-23","purchased_purges":2,"victory":true,"max_hp_per_floor":[66,66,66,66,66,66,66,66,73,73,73,73,73,73,73,73,73,73,73,73,73,73,73,73,73,73,73,73,73,73,73,73,73,73,73,73,73,73,69,69,69,69,69,69,69,69,69,69,69,69],"card_choices":[{"not_picked":["Well Laid Plans","Acrobatics"],"picked":"Crippling Poison","floor":1},{"not_picked":["PiercingWail","Underhanded Strike"],"picked":"Backflip","floor":4},{"not_picked":["Skewer","Bane"],"picked":"Deadly Poison","floor":5},{"not_picked":["Outmaneuver","Glass Knife"],"picked":"Dodge and Roll","floor":7},{"not_picked":["Bane","Bullet Time"],"picked":"Backstab","floor":11},{"not_picked":["Outmaneuver","Sucker Punch","Quick Slash"],"picked":"SKIP","floor":12},{"not_picked":["Cloak And Dagger","Skewer"],"picked":"Dagger Spray","floor":13},{"not_picked":["Slice","Acrobatics"],"picked":"All Out Attack","floor":14},{"not_picked":["A Thousand Cuts","Envenom"],"picked":"Adrenaline","floor":16},{"not_picked":["Sucker Punch","Caltrops"],"picked":"Noxious Fumes","floor":18},{"not_picked":["Heel Hook","Dagger Spray","Flying Knee"],"picked":"SKIP","floor":19},{"not_picked":["Sucker Punch","Backstab","Underhanded Strike"],"picked":"SKIP","floor":22},{"not_picked":["Tactician","Blur"],"picked":"After Image","floor":23},{"not_picked":["Outmaneuver+1","Cloak And Dagger","Tactician"],"picked":"SKIP","floor":29},{"not_picked":["Masterful Stab","Concentrate","Riddle With Holes"],"picked":"SKIP","floor":30},{"not_picked":["Heel Hook","Backstab+1"],"picked":"Well Laid Plans","floor":31},{"not_picked":["A Thousand Cuts","Glass Knife"],"picked":"After Image","floor":33},{"not_picked":["Flechettes","Dagger Throw+1","Blade Dance"],"picked":"SKIP","floor":35},{"not_picked":["Poisoned Stab","Deflect","Finisher+1"],"picked":"SKIP","floor":36},{"not_picked":["Purity","Jack Of All Trades"],"picked":"Panache","floor":37},{"not_picked":["Malaise","Dagger Throw+1"],"picked":"Acrobatics+1","floor":41},{"not_picked":["Cloak And Dagger","Sucker Punch"],"picked":"Crippling Poison+1","floor":44},{"not_picked":["Acrobatics+1","Bane"],"picked":"Backflip","floor":45},{"not_picked":["Deflect","Predator"],"picked":"Escape Plan+1","floor":46},{"not_picked":["Dagger Throw","Deflect","Setup"],"picked":"SKIP","floor":48}],"player_experience":177144,"relics_obtained":[{"floor":7,"key":"Ancient Tea Set"},{"floor":9,"key":"Strawberry"},{"floor":11,"key":"Meat on the Bone"},{"floor":21,"key":"Nilry\u0027s Codex"},{"floor":23,"key":"Mummified Hand"},{"floor":24,"key":"Red Mask"},{"floor":26,"key":"FossilizedHelix"},{"floor":29,"key":"WingedGreaves"},{"floor":31,"key":"Tough Bandages"},{"floor":41,"key":"Art of War"},{"floor":43,"key":"Ninja Scroll"},{"floor":44,"key":"Bottled Flame"},{"floor":45,"key":"PreservedInsect"}],"event_choices":[{"damage_healed":0,"gold_gain":0,"player_choice":"Forge","damage_taken":0,"max_hp_gain":0,"max_hp_loss":0,"event_name":"Accursed Blacksmith","floor":2,"gold_loss":0,"cards_upgraded":["Crippling Poison"]},{"damage_healed":0,"gold_gain":0,"player_choice":"Obtained Book","damage_taken":21,"max_hp_gain":0,"max_hp_loss":0,"event_name":"Cursed Tome","floor":21,"gold_loss":0},{"damage_healed":0,"gold_gain":0,"player_choice":"Fought Bandits","damage_taken":0,"max_hp_gain":0,"max_hp_loss":0,"event_name":"Masked Bandits","floor":24,"gold_loss":0},{"damage_healed":0,"gold_gain":50,"player_choice":"Stole From Cult","damage_taken":0,"max_hp_gain":0,"max_hp_loss":0,"event_name":"Nest","floor":28,"gold_loss":0},{"damage_healed":0,"gold_gain":0,"player_choice":"Memory 3","damage_taken":10,"max_hp_gain":0,"max_hp_loss":0,"event_name":"SensoryStone","floor":37,"gold_loss":0},{"damage_healed":0,"gold_gain":0,"player_choice":"Max HP","damage_taken":0,"max_hp_gain":0,"max_hp_loss":4,"event_name":"Winding Halls","floor":39,"gold_loss":0}],"is_beta":false,"boss_relics":[{"not_picked":["Busted Crown","Runic Pyramid"],"picked":"Philosopher\u0027s Stone"},{"not_picked":["Tiny House","Snecko Eye"],"picked":"White Beast Statue"}],"items_purged_floors":[20,38],"is_endless":false,"potions_floor_spawned":[1,7,12,16,18,23,24,35,36,41,44,45,46,48],"ascension_level":15}