{"gold_per_floor":[114,114,132,142,161,194,194,38,64,85,85,35,63,77,77,181,181,197,147,147,147,162,162,175,175,175,193,193,193,218,245,245,343,343,360,372,372,322,333,333,353,11,38,49,49,67,81,81,81,81],"floor_reached":51,"playtime":1595,"items_purged":["Strike_R","Strike_R","Strike_R"],"score":1066,"play_id":"36e7d878-5dd3-4543-adb2-6b1aeb416528","local_time":"20190210041311","is_ascension_mode":true,"campfire_choices":[{"data":"Sword Boomerang","floor":7,"key":"SMITH"},{"data":"Demon Form","floor":11,"key":"SMITH"},{"data":"Twin Strike","floor":15,"key":"SMITH"},{"data":"Shrug It Off","floor":23,"key":"SMITH"},{"data":"Impervious","floor":25,"key":"SMITH"},{"floor":29,"key":"REST"},{"data":"Offering","floor":32,"key":"SMITH"},{"floor":40,"key":"REST"},{"floor":45,"key":"REST"},{"floor":49,"key":"RECALL"}],"neow_cost":"NONE","seed_source_timestamp":47608732148300,"circlet_count":0,"master_deck":["AscendersBane","Strike_R","Defend_R","Defend_R","Defend_R","Defend_R","Bash+1","Twin Strike+1","Sword Boomerang+1","Demon Form+1","Seeing Red","Reaper","Pummel","Shrug It Off+1","Offering+1","Cleave+1","Impervious+1","Battle Trance+1","Shrug It Off+1","Demon Form+1"],"relics":["Burning Blood","Red Skull","PreservedInsect","Regal Pillow","Odd Mushroom","Smiling Mask","Sozu","Enchiridion","Bag of Preparation","MutagenicStrength","Bronze Scales","Ancient Tea Set","Fusion Hammer","Oddly Smooth Stone","DollysMirror","Happy Flower"],"potions_floor_usage":[6,16,50,50,50],"damage_taken":[{"damage":3,"enemies":"Small Slimes","floor":1,"turns":3},{"damage":1,"enemies":"Cultist","floor":3,"turns":3},{"damage":3,"enemies":"Jaw Worm","floor":4,"turns":4},{"damage":7,"enemies":"2 Fungi Beasts","floor":5,"turns":4},{"damage":45,"enemies":"3 Sentries","floor":6,"turns":6},{"damage":27,"enemies":"The Mushroom Lair","floor":10,"turns":4},{"damage":20,"enemies":"Lagavulin","floor":13,"turns":5},{"damage":34,"enemies":"Exordium Thugs","floor":14,"turns":4},{"damage":0,"enemies":"Slime Boss","floor":16,"turns":5},{"damage":40,"enemies":"2 Thieves","floor":18,"turns":4},{"damage":6,"enemies":"Chosen","floor":22,"turns":3},{"damage":16,"enemies":"Snecko","floor":24,"turns":3},{"damage":22,"enemies":"Shelled Parasite and Fungi","floor":27,"turns":3},{"damage":10,"enemies":"Book of Stabbing","floor":31,"turns":3},{"damage":26,"enemies":"Champ","floor":33,"turns":6},{"damage":14,"enemies":"3 Darklings","floor":35,"turns":5},{"damage":21,"enemies":"3 Shapes","floor":36,"turns":7},{"damage":36,"enemies":"Spire Growth","floor":39,"turns":4},{"damage":20,"enemies":"Sphere and 2 Shapes","floor":41,"turns":4},{"damage":38,"enemies":"4 Shapes","floor":44,"turns":4},{"damage":0,"enemies":"Transient","floor":46,"turns":5},{"damage":21,"enemies":"Spire Growth","floor":47,"turns":4},{"damage":37,"enemies":"Awakened One","floor":50,"turns":7}],"seed_played":"-4932407906306097665","potions_obtained":[{"floor":4,"key":"Explosive Potion"},{"floor":5,"key":"SpeedPotion"},{"floor":13,"key":"Dexterity Potion"},{"floor":14,"key":"Energy Potion"},{"floor":16,"key":"FearPotion"}],"is_trial":false,"path_per_floor":["M","?","M","M","M","E","R","$","T","?","R","?","E","M","R","B",null,"M","$","?","?","M","R","M","R","T","M","?","R","T","E","R","B",null,"M","M","?","$","M","R","M","$","T","M","R","M","M","?","R","B",null],"character_chosen":"IRONCLAD","items_purchased":["Pummel","Oddly Smooth Stone","DollysMirror"],"campfire_rested":3,"item_purchase_floors":[8,42,42],"current_hp_per_floor":[75,75,80,80,79,40,40,40,40,40,40,40,39,28,28,60,75,43,43,27,27,41,41,31,31,31,27,27,66,66,62,62,63,76,80,69,69,69,49,80,77,77,77,68,80,80,80,76,76,76],"gold":81,"neow_bonus":"RANDOM_COMMON_RELIC","is_prod":false,"is_daily":false,"chose_seed":false,"campfire_upgraded":6,"win_rate":0,"timestamp":1549764791,"path_taken":["M","?","M","M","?","E","R","$","T","?","R","?","E","?","R","BOSS","M","$","?","?","M","R","M","R","T","M","?","R","?","E","R","BOSS","M","M","?","$","M","R","M","$","T","M","R","M","M","?","R","BOSS"],"build_version":"2019-01-23","purchased_purges":3,"victory":true,"max_hp_per_floor":[80,80,80,80,80,80,80,80,80,80,80,80,80,80,80,80,80,80,80,80,80,80,80,80,80,80,80,80,80,80,80,80,80,80,80,80,80,80,80,80,80,80,80,80,80,80,80,76,76,76],"card_choices":[{"not_picked":["Armaments","Cleave"],"picked":"Twin Strike","floor":1},{"not_picked":["Twin Strike","Corruption"],"picked":"Sword Boomerang","floor":3},{"not_picked":["Anger","Bloodletting"],"picked":"Demon Form","floor":4},{"not_picked":["Fire Breathing","Warcry"],"picked":"Seeing Red","floor":5},{"not_picked":["Heavy Blade","Rupture"],"picked":"Reaper","floor":6},{"not_picked":["Wild Strike","Perfected Strike"],"picked":"Shrug It Off","floor":13},{"not_picked":["Sentinel","Anger","Reckless Charge"],"picked":"SKIP","floor":14},{"not_picked":["Immolate","Impervious"],"picked":"Offering","floor":16},{"not_picked":["Sever Soul","Rage","Clash"],"picked":"SKIP","floor":18},{"not_picked":["Thunderclap","Combust"],"picked":"Cleave+1","floor":22},{"not_picked":["Spot Weakness","Rampage+1"],"picked":"Impervious","floor":24},{"not_picked":["Armaments","Wild Strike","Fire Breathing"],"picked":"SKIP","floor":27},{"not_picked":["Sever Soul","Heavy Blade","Rupture"],"picked":"SKIP","floor":31},{"not_picked":["Dropkick+1","Clash","Heavy Blade"],"picked":"SKIP","floor":35},{"not_picked":["Pommel Strike","Feel No Pain+1"],"picked":"Battle Trance+1","floor":36},{"not_picked":["Sever Soul","Fire Breathing+1","Anger"],"picked":"SKIP","floor":39},{"not_picked":["Burning Pact+1","Rampage"],"picked":"Shrug It Off+1","floor":41},{"not_picked":["Headbutt","Iron Wave+1","Sword Boomerang"],"picked":"SKIP","floor":44},{"not_picked":["Flex+1","Wild Strike","Flame Barrier"],"picked":"SKIP","floor":46},{"not_picked":["Body Slam","Pommel Strike","Intimidate"],"picked":"SKIP","floor":47}],"player_experience":686185,"relics_obtained":[{"floor":6,"key":"PreservedInsect"},{"floor":9,"key":"Regal Pillow"},{"floor":10,"key":"Odd Mushroom"},{"floor":13,"key":"Smiling Mask"},{"floor":20,"key":"Enchiridion"},{"floor":26,"key":"Bag of Preparation"},{"floor":30,"key":"Bronze Scales"},{"floor":31,"key":"Ancient Tea Set"},{"floor":43,"key":"Happy Flower"}],"event_choices":[{"damage_healed":0,"gold_gain":0,"player_choice":"Upgraded","damage_taken":0,"max_hp_gain":0,"max_hp_loss":0,"event_name":"Upgrade Shrine","floor":2,"gold_loss":0,"cards_upgraded":["Bash"]},{"damage_healed":0,"gold_gain":0,"player_choice":"Fought Mushrooms","damage_taken":0,"max_hp_gain":0,"max_hp_loss":0,"event_name":"Mushrooms","floor":10,"gold_loss":0},{"cards_removed":["Strike_R"],"damage_healed":0,"gold_gain":0,"player_choice":"Card Removal","damage_taken":0,"max_hp_gain":0,"max_hp_loss":0,"event_name":"The Cleric","floor":12,"gold_loss":50},{"damage_healed":0,"gold_gain":0,"player_choice":"Obtained Book","damage_taken":16,"max_hp_gain":0,"max_hp_loss":0,"event_name":"Cursed Tome","floor":20,"gold_loss":0},{"damage_healed":0,"gold_gain":0,"player_choice":"Ignored","damage_taken":0,"max_hp_gain":0,"max_hp_loss":0,"event_name":"Vampires","floor":21,"gold_loss":0},{"damage_healed":0,"gold_gain":0,"player_choice":"Inject Mutagens","damage_taken":0,"relics_obtained":["MutagenicStrength"],"max_hp_gain":0,"max_hp_loss":0,"event_name":"Drug Dealer","floor":28,"gold_loss":0},{"damage_healed":0,"gold_gain":0,"player_choice":"Ignored","damage_taken":0,"max_hp_gain":0,"max_hp_loss":0,"event_name":"Tomb of Lord Red Mask","floor":37,"gold_loss":0},{"damage_healed":0,"gold_gain":0,"player_choice":"Max HP","damage_taken":0,"max_hp_gain":0,"max_hp_loss":4,"event_name":"Winding Halls","floor":48,"gold_loss":0}],"is_beta":false,"boss_relics":[{"not_picked":["Runic Cube","Black Star"],"picked":"Sozu"},{"not_picked":["Astrolabe","Calling Bell"],"picked":"Fusion Hammer"}],"items_purged_floors":[8,19,38],"is_endless":false,"potions_floor_spawned":[4,5,13,14,16,24,27,35,39,41,47],"ascension_level":10}