{"gold_per_floor":[114,114,114,131,61,61,88,88,88,88,98,98,116,132,132,235,235,253,253,253,352,158,158],"floor_reached":23,"playtime":608,"items_purged":[],"score":187,"play_id":"7f82933d-bc6e-4ac0-a001-37b7337f3149","local_time":"20181230155415","is_ascension_mode":false,"campfire_choices":[{"data":"Zap","floor":6.0,"key":"SMITH"},{"data":"Defragment","floor":10.0,"key":"SMITH"},{"data":"Conserve Battery","floor":12.0,"key":"SMITH"},{"data":"Seek","floor":15.0,"key":"SMITH"}],"neow_cost":"NONE","seed_source_timestamp":504730804607392,"circlet_count":0,"master_deck":["Strike_B+1","Strike_B+1","Strike_B+1","Strike_B+1","Defend_B+1","Defend_B+1","Defend_B+1","Zap+1","Dualcast+1","Undo","Glacier","Defragment+1","Conserve Battery+1","Seek+1","BootSequence"],"special_seed":0,"relics":["Cracked Core","Omamori","Regal Pillow","Blue Candle","Eternal Feather","Lee\u0027s Waffle"],"potions_floor_usage":[18,18],"damage_taken":[{"damage":8.0,"enemies":"Jaw Worm","floor":1.0,"turns":4.0},{"damage":0.0,"enemies":"Small Slimes","floor":4.0,"turns":3.0},{"damage":33.0,"enemies":"Gremlin Nob","floor":7.0,"turns":4.0},{"damage":0.0,"enemies":"Cultist","floor":11.0,"turns":3.0},{"damage":0.0,"enemies":"Red Slaver","floor":13.0,"turns":3.0},{"damage":0.0,"enemies":"Looter","floor":14.0,"turns":3.0},{"damage":4.0,"enemies":"The Guardian","floor":16.0,"turns":14.0},{"damage":10,"enemies":"2 Thieves","floor":18,"turns":4},{"damage":77,"enemies":"Gremlin Leader","floor":23,"turns":13}],"seed_played":"-3422693047968552799","potions_obtained":[{"floor":1.0,"key":"SteroidPotion"},{"floor":7.0,"key":"Explosive Potion"},{"floor":14.0,"key":"Poison Potion"},{"floor":18,"key":"Dexterity Potion"}],"is_trial":false,"path_per_floor":["M","?","?","M","$","R","E","$","T","R","M","R","M","M","R","B",null,"M","?","?","?","$","E"],"character_chosen":"DEFECT","items_purchased":["Glacier","Lee\u0027s Waffle"],"campfire_rested":0,"item_purchase_floors":[5,22],"current_hp_per_floor":[67,60,60,60,60,60,27,27,27,27,27,27,27,27,27,23,75,65,65,65,65,82,5],"gold":158,"neow_bonus":"RANDOM_COMMON_RELIC","is_prod":false,"is_daily":false,"chose_seed":false,"campfire_upgraded":4,"win_rate":0,"timestamp":1546185255,"path_taken":["M","?","?","?","?","R","E","$","T","R","M","R","M","M","R","BOSS","M","?","?","?","$","E"],"build_version":"2018-12-20","purchased_purges":0,"victory":false,"max_hp_per_floor":[75,75,75,75,75,75,75,75,75,75,75,75,75,75,75,75,75,75,75,75,75,82,82],"card_choices":[{"not_picked":["Redo","Hologram"],"picked":"Undo","floor":1.0},{"not_picked":["Turbo","Steam","Redo"],"picked":"SKIP","floor":4.0},{"not_picked":["Capacitor","Coolheaded"],"picked":"Defragment","floor":7.0},{"not_picked":["Compile Driver","Consume"],"picked":"Conserve Battery","floor":11.0},{"not_picked":["Sweeping Beam","Rip and Tear","Barrage"],"picked":"SKIP","floor":13.0},{"not_picked":["Auto Shields","Steam"],"picked":"Seek","floor":14.0},{"not_picked":["Sweeping Beam","Redo","Go for the Eyes"],"picked":"SKIP","floor":18}],"player_experience":925576,"relics_obtained":[{"floor":7.0,"key":"Regal Pillow"},{"floor":9.0,"key":"Blue Candle"}],"event_choices":[{"cards_removed":["Defend_B"],"damage_healed":0.0,"max_hp_gain":0.0,"max_hp_loss":0.0,"gold_gain":0.0,"event_name":"Golden Wing","player_choice":"Card Removal","floor":2.0,"gold_loss":0.0,"damage_taken":7.0},{"damage_healed":0.0,"max_hp_gain":0.0,"max_hp_loss":0.0,"gold_gain":0.0,"event_name":"Upgrade Shrine","player_choice":"Upgraded","floor":3.0,"gold_loss":0.0,"damage_taken":0.0,"cards_upgraded":["Dualcast"]},{"damage_healed":0,"gold_gain":0,"player_choice":"Read","damage_taken":0,"max_hp_gain":0,"max_hp_loss":0,"event_name":"The Library","floor":19,"gold_loss":0,"cards_obtained":["BootSequence"]},{"damage_healed":0,"gold_gain":0,"player_choice":"Simplicity","damage_taken":0,"max_hp_gain":0,"max_hp_loss":0,"event_name":"Back to Basics","floor":20,"gold_loss":0,"cards_upgraded":["Strike_B","Strike_B","Strike_B","Strike_B","Defend_B","Defend_B","Defend_B"]},{"damage_healed":0,"gold_gain":99,"player_choice":"Stole From Cult","damage_taken":0,"max_hp_gain":0,"max_hp_loss":0,"event_name":"Nest","floor":21,"gold_loss":0}],"is_beta":false,"boss_relics":[{"not_picked":["Velvet Choker","Busted Crown"],"picked":"Eternal Feather"}],"items_purged_floors":[],"is_endless":false,"potions_floor_spawned":[1,7,14,18],"killed_by":"Gremlin Leader","ascension_level":0}