{"gold_per_floor":[109,120,138,155,57,57,85,98,98,98,109,122,122,122,122,217,217,231,85,105,65,83,83,93,93,120,120,145,165,90,120,120,120],"floor_reached":33,"playtime":3158,"items_purged":["Strike_R","Strike_R"],"score":343,"play_id":"1f37a110-680d-42bc-91d8-6b556c67021e","local_time":"20190122114244","is_ascension_mode":true,"campfire_choices":[{"data":"Searing Blow","floor":10,"key":"SMITH"},{"data":"Searing Blow+1","floor":13,"key":"SMITH"},{"data":"Searing Blow+3","floor":15,"key":"SMITH"},{"data":"Searing Blow+4","floor":23,"key":"SMITH"},{"data":"Searing Blow+5","floor":25,"key":"SMITH"},{"data":"Searing Blow+6","floor":27,"key":"SMITH"},{"floor":32,"key":"REST"}],"neow_cost":"NONE","seed_source_timestamp":683103405700,"circlet_count":0,"master_deck":["Strike_R","Strike_R","Defend_R","Defend_R","Defend_R","Defend_R","Bash","Heavy Blade","Searing Blow+7","Shrug It Off","Feed","Shrug It Off","True Grit+1","Metallicize"],"relics":["Burning Blood","Magic Flower","Letter Opener","Philosopher\u0027s Stone","Lantern","Juzu Bracelet","Question Card"],"potions_floor_usage":[12,16,18,20,22,22,22,22,22,22,24,33,33],"damage_taken":[{"damage":8,"enemies":"2 Louse","floor":1,"turns":4},{"damage":0,"enemies":"Small Slimes","floor":2,"turns":3},{"damage":6,"enemies":"Cultist","floor":3,"turns":3},{"damage":13,"enemies":"Red Slaver","floor":4,"turns":5},{"damage":31,"enemies":"3 Sentries","floor":7,"turns":13},{"damage":12,"enemies":"Looter","floor":8,"turns":3},{"damage":6,"enemies":"Exordium Thugs","floor":11,"turns":4},{"damage":6,"enemies":"3 Louse","floor":12,"turns":3},{"damage":22,"enemies":"Slime Boss","floor":16,"turns":10},{"damage":13,"enemies":"Shell Parasite","floor":18,"turns":3},{"damage":16,"enemies":"2 Thieves","floor":20,"turns":3},{"damage":0,"enemies":"Centurion and Healer","floor":22,"turns":5},{"damage":10,"enemies":"Snake Plant","floor":24,"turns":2},{"damage":37,"enemies":"Gremlin Leader","floor":28,"turns":4},{"damage":0,"enemies":"Sentry and Sphere","floor":29,"turns":4},{"damage":66,"enemies":"Book of Stabbing","floor":31,"turns":6},{"damage":63,"enemies":"Collector","floor":33,"turns":6}],"seed_played":"-939276735206246663","potions_obtained":[{"floor":2,"key":"Weak Potion"},{"floor":7,"key":"Strength Potion"},{"floor":12,"key":"Energy Potion"},{"floor":16,"key":"Block Potion"},{"floor":21,"key":"SteroidPotion"},{"floor":21,"key":"EssenceOfSteel"},{"floor":21,"key":"EntropicBrew"},{"floor":22,"key":"Dexterity Potion"},{"floor":29,"key":"Explosive Potion"},{"floor":31,"key":"Fire Potion"}],"is_trial":false,"path_per_floor":["M","M","M","M","$","?","E","M","T","R","M","M","R","?","R","B",null,"M","$","M","?","M","R","M","R","T","R","E","M","?","E","R","B"],"character_chosen":"IRONCLAD","items_purchased":["Shrug It Off","Shrug It Off"],"campfire_rested":1,"item_purchase_floors":[5,19],"current_hp_per_floor":[86,88,88,81,81,81,56,53,53,53,56,59,59,59,59,46,88,84,84,82,82,94,94,97,97,97,97,74,88,88,31,61,0],"gold":120,"neow_bonus":"TEN_PERCENT_HP_BONUS","is_prod":false,"is_daily":false,"chose_seed":false,"campfire_upgraded":6,"win_rate":0,"timestamp":1548153764,"path_taken":["M","M","M","M","$","?","E","M","T","R","M","M","R","?","R","BOSS","M","$","M","?","?","R","M","R","T","R","E","M","?","E","R","BOSS"],"build_version":"2019-01-17v2","purchased_purges":2,"victory":false,"max_hp_per_floor":[88,88,88,88,88,88,88,88,88,88,88,88,88,88,88,88,88,88,88,91,91,94,94,97,97,97,97,100,103,103,103,103,103],"card_choices":[{"not_picked":["Second Wind","Warcry"],"picked":"Heavy Blade","floor":1},{"not_picked":["Sword Boomerang","Perfected Strike","Rage"],"picked":"SKIP","floor":2},{"not_picked":["Clash","Inflame"],"picked":"Searing Blow","floor":3},{"not_picked":["Clothesline","Clash","Iron Wave"],"picked":"SKIP","floor":4},{"not_picked":["Anger","Pommel Strike","Heavy Blade"],"picked":"SKIP","floor":7},{"not_picked":["Power Through","Warcry","Twin Strike"],"picked":"SKIP","floor":8},{"not_picked":["Rampage","Feel No Pain","Flex"],"picked":"SKIP","floor":11},{"not_picked":["Berserk","Blood for Blood","Perfected Strike"],"picked":"SKIP","floor":12},{"not_picked":["Fiend Fire","Dark Embrace"],"picked":"Feed","floor":16},{"not_picked":["Twin Strike","Dropkick","Wild Strike"],"picked":"SKIP","floor":18},{"not_picked":["Warcry","Flex","Sword Boomerang"],"picked":"SKIP","floor":20},{"not_picked":["Rampage","Clothesline","Seeing Red"],"picked":"SKIP","floor":22},{"not_picked":["Dual Wield","Armaments","Rampage"],"picked":"SKIP","floor":24},{"not_picked":["Body Slam","Rupture","Clash"],"picked":"SKIP","floor":28},{"not_picked":["Iron Wave","Brutality"],"picked":"True Grit+1","floor":29},{"not_picked":["Hemokinesis","Pummel"],"picked":"Metallicize","floor":31}],"player_experience":10130,"relics_obtained":[{"floor":7,"key":"Magic Flower"},{"floor":9,"key":"Letter Opener"},{"floor":26,"key":"Lantern"},{"floor":28,"key":"Juzu Bracelet"},{"floor":31,"key":"Question Card"}],"event_choices":[{"damage_healed":0,"gold_gain":0,"player_choice":"Ignored","damage_taken":0,"max_hp_gain":0,"max_hp_loss":0,"event_name":"Liars Game","floor":6,"gold_loss":0},{"damage_healed":0,"gold_gain":0,"player_choice":"Upgraded","damage_taken":0,"max_hp_gain":0,"max_hp_loss":0,"event_name":"Upgrade Shrine","floor":14,"gold_loss":0,"cards_upgraded":["Searing Blow"]},{"damage_healed":0,"gold_gain":0,"player_choice":"Bought 3 Potions","damage_taken":0,"max_hp_gain":0,"max_hp_loss":0,"event_name":"The Woman in Blue","floor":21,"gold_loss":0},{"cards_removed":["Strike_R"],"damage_healed":0,"gold_gain":0,"player_choice":"Gave Gold","damage_taken":0,"max_hp_gain":0,"max_hp_loss":0,"event_name":"Beggar","floor":30,"gold_loss":75}],"is_beta":false,"boss_relics":[{"not_picked":["Coffee Dripper","White Beast Statue"],"picked":"Philosopher\u0027s Stone"}],"items_purged_floors":[5,19],"is_endless":false,"potions_floor_spawned":[2,7,12,16,22,29,31],"killed_by":"Collector","ascension_level":2}