{"gold_per_floor":[119,133,133,53,53,53,72,72,97,97,97],"floor_reached":11,"playtime":442,"items_purged":[],"score":92,"play_id":"6b4cc518-34db-4bdc-b419-a5c58a560f79","local_time":"20181027210345","is_ascension_mode":true,"campfire_choices":[{"data":"Terror","floor":6,"key":"SMITH"},{"floor":8,"key":"REST"},{"data":"Underhanded Strike","floor":10,"key":"SMITH"}],"neow_cost":"NONE","seed_source_timestamp":171106293335874,"circlet_count":0,"master_deck":["Defend_G+1","Defend_G","Defend_G+1","Defend_G","Defend_G","Strike_G","Strike_G","Strike_G","Strike_G","Survivor","Neutralize","AscendersBane","Backflip","Underhanded Strike+1","Terror+1","Grand Finale"],"relics":["HoveringKite","Art of War"],"potions_floor_usage":[],"damage_taken":[{"damage":4,"enemies":"Small Slimes","floor":1,"turns":6},{"damage":5,"enemies":"Cultist","floor":2,"turns":5},{"damage":18,"enemies":"2 Louse","floor":7,"turns":3},{"damage":44,"enemies":"Gremlin Nob","floor":11,"turns":4}],"seed_played":"-2222519169848601589","potions_obtained":[],"is_trial":false,"path_per_floor":["M","M","?","$","?","R","M","R","T","R"],"character_chosen":"THE_SILENT","items_purchased":["Terror"],"campfire_rested":1,"item_purchase_floors":[4],"current_hp_per_floor":[59,54,47,47,33,33,15,36,36,36,0],"gold":97,"neow_bonus":"BOSS_RELIC","is_prod":false,"is_daily":false,"chose_seed":false,"campfire_upgraded":2,"win_rate":0,"timestamp":1540699425,"path_taken":["M","M","?","$","?","R","M","R","T","R","E"],"build_version":"2018-10-25v2","purchased_purges":0,"victory":false,"max_hp_per_floor":[70,70,70,70,70,70,70,70,70,70,70],"card_choices":[{"not_picked":["Flying Knee","Outmaneuver"],"picked":"Backflip","floor":1},{"not_picked":["Dodge and Roll","Calculated Gamble"],"picked":"Underhanded Strike","floor":2},{"not_picked":["Deadly Poison","Slice"],"picked":"Grand Finale","floor":7}],"player_experience":72485,"relics_obtained":[{"floor":9,"key":"Art of War"}],"event_choices":[{"cards_removed":["Strike_G"],"damage_healed":0,"gold_gain":0,"player_choice":"Card Removal","damage_taken":7,"max_hp_gain":0,"max_hp_loss":0,"event_name":"Golden Wing","floor":3,"gold_loss":0},{"damage_healed":0,"gold_gain":0,"player_choice":"Entered Light","damage_taken":14,"max_hp_gain":0,"max_hp_loss":0,"event_name":"Shining Light","floor":5,"gold_loss":0,"cards_upgraded":["Defend_G","Defend_G"]}],"is_beta":false,"boss_relics":[],"items_purged_floors":[],"is_endless":false,"potions_floor_spawned":[],"killed_by":"Gremlin Nob","ascension_level":10}