{"gold_per_floor":[110,110,110,51,66,92,92,111,111,111,127,155,155,181,181,255,255,272,372,145,145],"floor_reached":21,"playtime":2399,"items_purged":["Strike_B"],"score":396,"play_id":"baa2c232-62a5-404c-a1f4-ff7ede807012","local_time":"20190120164513","is_ascension_mode":true,"campfire_choices":[{"data":"Ball Lightning","floor":7,"key":"SMITH"},{"data":"Dualcast","floor":10,"key":"SMITH"},{"data":"Buffer","floor":15,"key":"SMITH"}],"neow_cost":"NONE","seed_source_timestamp":925765964838400,"circlet_count":0,"master_deck":["AscendersBane","Strike_B","Strike_B","Defend_B","Defend_B","Defend_B+1","Defend_B+1","Zap+1","Dualcast+1","Sweeping Beam+1","Ball Lightning+1","Leap","Cold Snap","Chill","Coolheaded","Buffer+1","Go for the Eyes","Echo Form","Ball Lightning","Compile Driver+1","Bandage Up"],"relics":["Cracked Core","War Paint","StoneCalendar","Question Card","Bag of Preparation","Strawberry","Coffee Dripper","Turnip","Gremlin Horn"],"potions_floor_usage":[12,16,16],"damage_taken":[{"damage":1,"enemies":"Small Slimes","floor":1,"turns":4},{"damage":0,"enemies":"2 Louse","floor":5,"turns":2},{"damage":34,"enemies":"3 Sentries","floor":6,"turns":7},{"damage":0,"enemies":"Cultist","floor":8,"turns":2},{"damage":0,"enemies":"3 Louse","floor":11,"turns":2},{"damage":11,"enemies":"Gremlin Nob","floor":12,"turns":3},{"damage":0,"enemies":"Lagavulin","floor":14,"turns":6},{"damage":10,"enemies":"Hexaghost","floor":16,"turns":10},{"damage":0,"enemies":"Spheric Guardian","floor":18,"turns":4},{"damage":23,"enemies":"Colosseum Slavers","floor":19,"turns":4},{"damage":37,"enemies":"Colosseum Nobs","floor":19,"turns":5}],"seed_played":"2373736007427443883","potions_obtained":[{"floor":8,"key":"PowerPotion"},{"floor":11,"key":"Ancient Potion"},{"floor":12,"key":"Dexterity Potion"},{"floor":14,"key":"EssenceOfSteel"}],"is_trial":false,"path_per_floor":["M","?","?","$","M","E","R","M","T","R","M","E","?","E","R","B",null,"M","?","$","?"],"character_chosen":"DEFECT","items_purchased":["Ball Lightning","PowerPotion","Bandage Up"],"campfire_rested":0,"item_purchase_floors":[4,20,20],"current_hp_per_floor":[63,63,63,63,63,29,29,29,29,29,29,18,18,25,25,15,62,62,2,2,0],"gold":145,"neow_bonus":"RANDOM_COMMON_RELIC","is_prod":false,"is_daily":false,"chose_seed":false,"campfire_upgraded":3,"win_rate":0,"timestamp":1548031513,"path_taken":["M","?","?","$","?","E","R","M","T","R","M","E","?","E","R","BOSS","M","?","$","?"],"build_version":"2019-01-17v2","purchased_purges":1,"victory":false,"max_hp_per_floor":[71,71,71,71,71,71,71,71,71,71,71,71,71,78,78,78,78,78,78,78,78],"card_choices":[{"not_picked":["Redo","Cold Snap"],"picked":"Sweeping Beam","floor":1},{"not_picked":["Gash","Sweeping Beam"],"picked":"Leap","floor":5},{"not_picked":["Heatsinks","Turbo"],"picked":"Cold Snap","floor":6},{"not_picked":["Chaos","Cold Snap"],"picked":"Chill","floor":8},{"not_picked":["Force Field","Steam Power","Cold Snap"],"picked":"Coolheaded","floor":11},{"not_picked":["Loop","Heatsinks","Barrage"],"picked":"Buffer","floor":12},{"not_picked":["Reprogram","Streamline","Gash"],"picked":"Go for the Eyes","floor":14},{"not_picked":["Machine Learning","Rainbow","Multi-Cast"],"picked":"Echo Form","floor":16},{"not_picked":["Doom and Gloom","Stack","Barrage"],"picked":"Ball Lightning","floor":18},{"not_picked":["Turbo","Hello World","Beam Cell"],"picked":"Compile Driver+1","floor":19}],"player_experience":1139922,"relics_obtained":[{"floor":6,"key":"StoneCalendar"},{"floor":9,"key":"Question Card"},{"floor":12,"key":"Bag of Preparation"},{"floor":14,"key":"Strawberry"},{"floor":19,"key":"Turnip"},{"floor":19,"key":"Gremlin Horn"}],"event_choices":[{"damage_healed":0,"gold_gain":0,"player_choice":"Grow","damage_taken":0,"max_hp_gain":0,"max_hp_loss":0,"event_name":"Living Wall","floor":2,"gold_loss":0,"cards_upgraded":["Zap"]},{"damage_healed":0,"gold_gain":0,"player_choice":"Upgraded","damage_taken":0,"max_hp_gain":0,"max_hp_loss":0,"event_name":"Upgrade Shrine","floor":3,"gold_loss":0,"cards_upgraded":["Sweeping Beam"]},{"cards_removed":["Strike_B"],"damage_healed":0,"gold_gain":0,"player_choice":"Offered Basic","damage_taken":0,"max_hp_gain":0,"max_hp_loss":0,"event_name":"Bonfire Elementals","floor":13,"gold_loss":0},{"damage_healed":0,"gold_gain":0,"player_choice":"Fight","damage_taken":0,"max_hp_gain":0,"max_hp_loss":0,"event_name":"Colosseum","floor":19,"gold_loss":0},{"damage_healed":0,"gold_gain":0,"player_choice":"Fought Nobs","damage_taken":0,"max_hp_gain":0,"max_hp_loss":0,"event_name":"Colosseum","floor":19,"gold_loss":0}],"is_beta":false,"boss_relics":[{"not_picked":["Cursed Key","FrozenCore"],"picked":"Coffee Dripper"}],"items_purged_floors":[20],"is_endless":false,"potions_floor_spawned":[8,11,12,14,19],"ascension_level":16}