{"gold_per_floor":[118,137,154,169,181,181,213,226,272,286,361,124,156,173,173,173],"floor_reached":16,"playtime":1221,"items_purged":["Strike_G"],"score":232,"play_id":"b40b9cdd-02ae-47bf-b872-d57082913a47","local_time":"20181231000911","is_ascension_mode":true,"campfire_choices":[{"data":"Dagger Spray","floor":6.0,"key":"SMITH"},{"floor":15.0,"key":"REST"}],"neow_cost":"TEN_PERCENT_HP_LOSS","seed_source_timestamp":1172720304499472,"circlet_count":0,"master_deck":["AscendersBane","Defend_G","Defend_G","Defend_G","Defend_G","Defend_G","Strike_G","Strike_G","Strike_G","Strike_G","Survivor","Neutralize","Sucker Punch","Dagger Spray+1","Backstab","Riddle With Holes","Terror","Slice","Footwork","All Out Attack","Crippling Poison"],"special_seed":0,"relics":["Ring of the Snake","Pocketwatch","Mango","Bag of Preparation","Bronze Scales"],"potions_floor_usage":[],"damage_taken":[{"damage":0.0,"enemies":"Cultist","floor":1.0,"turns":4.0},{"damage":0.0,"enemies":"Small Slimes","floor":2.0,"turns":5.0},{"damage":0.0,"enemies":"Jaw Worm","floor":3.0,"turns":4.0},{"damage":0.0,"enemies":"Blue Slaver","floor":4.0,"turns":6.0},{"damage":13.0,"enemies":"Lots of Slimes","floor":5.0,"turns":3.0},{"damage":33.0,"enemies":"Lagavulin","floor":7.0,"turns":7.0},{"damage":0.0,"enemies":"3 Louse","floor":8.0,"turns":3.0},{"damage":1.0,"enemies":"Looter","floor":10.0,"turns":2.0},{"damage":2.0,"enemies":"Gremlin Nob","floor":13.0,"turns":3.0},{"damage":3.0,"enemies":"Large Slime","floor":14.0,"turns":4.0},{"damage":33,"enemies":"Slime Boss","floor":16,"turns":7}],"seed_played":"1106569638743482396","potions_obtained":[{"floor":2.0,"key":"Fire Potion"},{"floor":4.0,"key":"Dexterity Potion"},{"floor":7.0,"key":"Energy Potion"},{"floor":8.0,"key":"SkillPotion"},{"floor":13.0,"key":"Explosive Potion"}],"is_trial":false,"path_per_floor":["M","M","M","M","M","R","E","M","T","M","?","$","E","M","R","B"],"character_chosen":"THE_SILENT","items_purchased":["Footwork","All Out Attack"],"campfire_rested":1,"item_purchase_floors":[12,12],"current_hp_per_floor":[59,59,59,59,46,46,27,27,27,26,15,15,13,10,32,0],"gold":173,"neow_bonus":"ONE_RARE_RELIC","is_prod":false,"is_daily":false,"chose_seed":false,"campfire_upgraded":1,"win_rate":0,"timestamp":1546243751,"path_taken":["M","M","M","M","M","R","E","?","T","M","?","$","E","M","R","BOSS"],"build_version":"2018-12-20","purchased_purges":1,"victory":false,"max_hp_per_floor":[60,60,60,60,60,60,74,74,74,74,74,74,74,74,74,74],"card_choices":[{"not_picked":["Flying Knee","Terror","Blur"],"picked":"SKIP","floor":1.0},{"not_picked":["Dodge and Roll","Reflex"],"picked":"Sucker Punch","floor":2.0},{"not_picked":["Flying Knee","Expertise","Masterful Stab"],"picked":"SKIP","floor":3.0},{"not_picked":["Caltrops","Outmaneuver"],"picked":"Dagger Spray","floor":4.0},{"not_picked":["Catalyst","Tactician"],"picked":"Backstab","floor":5.0},{"not_picked":["Blur","Expertise"],"picked":"Riddle With Holes","floor":7.0},{"not_picked":["Deflect","Underhanded Strike"],"picked":"Terror","floor":8.0},{"not_picked":["Underhanded Strike","Cloak And Dagger"],"picked":"Slice","floor":10.0},{"not_picked":["Flechettes","Finisher","Storm of Steel"],"picked":"SKIP","floor":13.0},{"not_picked":["PiercingWail","Deflect"],"picked":"Crippling Poison","floor":14.0}],"player_experience":284142,"relics_obtained":[{"floor":7.0,"key":"Mango"},{"floor":9.0,"key":"Bag of Preparation"},{"floor":13.0,"key":"Bronze Scales"}],"event_choices":[{"damage_healed":0.0,"max_hp_gain":0.0,"max_hp_loss":0.0,"gold_gain":75.0,"event_name":"World of Goop","player_choice":"Gather Gold","floor":11.0,"gold_loss":0.0,"damage_taken":11.0}],"is_beta":false,"boss_relics":[],"items_purged_floors":[12],"is_endless":false,"potions_floor_spawned":[2,4,7,8,13],"killed_by":"Slime Boss","ascension_level":20}