{"gold_per_floor":[117,117,133,151,151,151,168,202,227,237,250,250,200,219,219,317,317,329,66,66,85,101,101,132,132,132,144,44,44,56,66,66,162,162,173,189,189,204,224,224,240,240,240,240,240,272,232,107,107,107],"floor_reached":50,"playtime":3333,"items_purged":["Defend_G","Strike_G","Strike_G"],"score":521,"play_id":"b414c9c2-4258-44d4-b367-6e09375734bc","local_time":"20180826182728","is_ascension_mode":false,"campfire_choices":[{"data":"Neutralize","floor":6.0,"key":"SMITH"},{"data":"Backstab","floor":12.0,"key":"SMITH"},{"data":"Envenom","floor":15.0,"key":"SMITH"},{"data":"Die Die Die","floor":23.0,"key":"SMITH"},{"data":"Flying Knee","floor":25.0,"key":"SMITH"},{"data":"Terror","floor":29.0,"key":"SMITH"},{"data":"Crippling Poison","floor":32.0,"key":"SMITH"},{"data":"Magnetism","floor":40.0,"key":"SMITH"},{"data":"Bouncing Flask","floor":42.0,"key":"SMITH"},{"floor":45,"key":"REST"},{"floor":49,"key":"REST"}],"neow_cost":"NONE","seed_source_timestamp":0,"circlet_count":0,"master_deck":["Defend_G","Defend_G","Defend_G","Strike_G+1","Strike_G","Survivor","Neutralize+1","Endless Agony+1","Backflip+1","Flying Knee+1","Quick Slash","Backstab+1","Dagger Throw","Underhanded Strike","Prepared","Envenom+1","Die Die Die+1","Dagger Throw+1","Infinite Blades","Dash+1","Finisher+1","Terror+1","Crippling Poison+1","Noxious Fumes+1","Glass Knife","Riddle With Holes","Tactician+1","Magnetism+1","Sucker Punch+1","Bouncing Flask+1","Cloak And Dagger+1","Outmaneuver+1"],"special_seed":0,"relics":["Ring of the Serpent","Potion Belt","Whetstone","Anchor","Cursed Key","Vajra","Darkstone Periapt","Girya","Juzu Bracelet"],"potions_floor_usage":[46,50,50,50,50],"damage_taken":[{"damage":0.0,"enemies":"Jaw Worm","floor":1.0,"turns":3.0},{"damage":0.0,"enemies":"2 Louse","floor":3.0,"turns":2.0},{"damage":0.0,"enemies":"Cultist","floor":4.0,"turns":3.0},{"damage":5.0,"enemies":"Exordium Wildlife","floor":7.0,"turns":6.0},{"damage":14.0,"enemies":"3 Sentries","floor":8.0,"turns":8.0},{"damage":0.0,"enemies":"Blue Slaver","floor":10.0,"turns":2.0},{"damage":0.0,"enemies":"Exordium Thugs","floor":11.0,"turns":3.0},{"damage":0.0,"enemies":"Exordium Wildlife","floor":14.0,"turns":2.0},{"damage":11.0,"enemies":"Hexaghost","floor":16.0,"turns":9.0},{"damage":0.0,"enemies":"Chosen","floor":18.0,"turns":3.0},{"damage":0.0,"enemies":"3 Byrds","floor":21.0,"turns":3.0},{"damage":0.0,"enemies":"Centurion and Healer","floor":22.0,"turns":4.0},{"damage":0.0,"enemies":"Gremlin Leader","floor":24.0,"turns":5.0},{"damage":0.0,"enemies":"Chosen and Byrds","floor":27.0,"turns":2.0},{"damage":0.0,"enemies":"Shelled Parasite and Fungi","floor":30.0,"turns":1.0},{"damage":6.0,"enemies":"Snecko","floor":31.0,"turns":3.0},{"damage":55.0,"enemies":"Champ","floor":33.0,"turns":9.0},{"damage":1.0,"enemies":"Orb Walker","floor":35.0,"turns":3.0},{"damage":1.0,"enemies":"3 Darklings","floor":36.0,"turns":3.0},{"damage":10.0,"enemies":"Sphere and 2 Shapes","floor":38.0,"turns":3.0},{"damage":12.0,"enemies":"Spire Growth","floor":39.0,"turns":4.0},{"damage":22.0,"enemies":"4 Shapes","floor":41.0,"turns":6.0},{"damage":13.0,"enemies":"Mind Bloom Boss Battle","floor":44.0,"turns":7.0},{"damage":7,"enemies":"Giant Head","floor":46,"turns":6},{"damage":38,"enemies":"Awakened One","floor":50,"turns":9}],"seed_played":"690608736531249668","potions_obtained":[{"floor":1.0,"key":"Explosive Potion"},{"floor":7.0,"key":"Strength Potion"},{"floor":8.0,"key":"Energy Potion"},{"floor":10.0,"key":"AttackPotion"},{"floor":16.0,"key":"SteroidPotion"},{"floor":27.0,"key":"Explosive Potion"},{"floor":33.0,"key":"Weak Potion"},{"floor":46,"key":"Dexterity Potion"}],"is_trial":false,"path_per_floor":["M","?","M","M","?","R","M","E","T","M","M","R","?","M","R","B",null,"M","$","$","M","M","R","E","R","T","M","$","R","M","M","R","B",null,"M","M","?","M","M","R","M","R","T","?","R","E","?","$","R"],"character_chosen":"THE_SILENT","items_purchased":["Vajra","Infinite Blades"],"campfire_rested":2,"item_purchase_floors":[19,19],"current_hp_per_floor":[70,75,75,75,68,68,63,49,49,49,49,49,49,49,49,38,75,75,75,75,75,75,75,75,75,75,75,75,75,75,69,69,14,75,74,73,68,58,46,46,24,24,24,11,33,26,26,26,48,10],"gold":107,"neow_bonus":"TRANSFORM_CARD","is_prod":false,"is_daily":false,"chose_seed":false,"campfire_upgraded":9,"win_rate":0,"timestamp":1535304448,"path_taken":["M","?","M","?","?","R","M","E","T","M","M","R","?","M","R","BOSS","M","?","$","M","?","R","E","R","T","M","$","R","?","M","R","BOSS","M","M","?","M","M","R","M","R","T","?","R","E","?","?","R","BOSS"],"build_version":"2018-08-23v2","purchased_purges":3,"victory":false,"max_hp_per_floor":[70,75,75,75,75,75,75,75,75,75,75,75,75,75,75,75,75,75,75,75,75,75,75,75,75,75,75,75,75,75,75,75,75,75,75,75,75,75,75,75,75,75,75,75,75,75,75,75,75,75],"card_choices":[{"not_picked":["Heel Hook","Outmaneuver"],"picked":"Backflip","floor":1.0},{"not_picked":["All Out Attack","Deadly Poison"],"picked":"Flying Knee","floor":3.0},{"not_picked":["Poisoned Stab","Eviscerate"],"picked":"Quick Slash","floor":4.0},{"not_picked":["Acrobatics","Concentrate"],"picked":"Backstab","floor":7.0},{"not_picked":["Bullet Time","Crippling Poison"],"picked":"Dagger Throw","floor":8.0},{"not_picked":["Quick Slash","Prepared"],"picked":"Underhanded Strike","floor":10.0},{"not_picked":["Accuracy","PiercingWail"],"picked":"Prepared","floor":11.0},{"not_picked":["Deflect","Caltrops"],"picked":"Envenom","floor":14.0},{"not_picked":["Adrenaline","Phantasmal Killer"],"picked":"Die Die Die","floor":16.0},{"not_picked":["Slice","Prepared+1"],"picked":"Dagger Throw+1","floor":18.0},{"not_picked":["Distraction","Poisoned Stab","Underhanded Strike"],"picked":"SKIP","floor":21.0},{"not_picked":["Caltrops","Outmaneuver"],"picked":"Dash+1","floor":22.0},{"not_picked":["Leg Sweep","Grand Finale"],"picked":"Finisher+1","floor":24.0},{"not_picked":["Riddle With Holes","Sucker Punch"],"picked":"Terror","floor":27.0},{"not_picked":["Cloak And Dagger","Quick Slash"],"picked":"Crippling Poison","floor":30.0},{"not_picked":["Predator","Deadly Poison"],"picked":"Noxious Fumes","floor":31.0},{"not_picked":["Tools of the Trade","Phantasmal Killer"],"picked":"Glass Knife","floor":33.0},{"not_picked":["Flying Knee","All Out Attack"],"picked":"Riddle With Holes","floor":35.0},{"not_picked":["Dodge and Roll","Well Laid Plans+1"],"picked":"Tactician+1","floor":36.0},{"not_picked":["Bandage Up","Swift Strike"],"picked":"Magnetism","floor":37.0},{"not_picked":["Dodge and Roll","Quick Slash+1"],"picked":"Sucker Punch+1","floor":38.0},{"not_picked":["Underhanded Strike+1","Leg Sweep","PiercingWail"],"picked":"SKIP","floor":39.0},{"not_picked":["Eviscerate","Dagger Spray"],"picked":"Bouncing Flask","floor":41.0},{"not_picked":["Quick Slash","Blur"],"picked":"Cloak And Dagger+1","floor":44.0},{"not_picked":["Leg Sweep","Calculated Gamble+1"],"picked":"Outmaneuver+1","floor":46}],"player_experience":574759,"relics_obtained":[{"floor":8.0,"key":"Whetstone"},{"floor":9.0,"key":"Anchor"},{"floor":24.0,"key":"Darkstone Periapt"},{"floor":44.0,"key":"Girya"},{"floor":46,"key":"Juzu Bracelet"}],"event_choices":[{"event_name":"Big Fish","player_choice":"Donut","floor":2.0,"damage_taken":0.0},{"event_name":"Scrap Ooze","player_choice":"success","floor":5.0,"damage_taken":7.0},{"event_name":"The Cleric","player_choice":"Card Removal","floor":13.0,"damage_taken":0.0},{"event_name":"SensoryStone","player_choice":"Memory 2","floor":37.0,"damage_taken":0.0},{"event_name":"MindBloom","player_choice":"Fight","floor":44.0,"damage_taken":0.0},{"event_name":"Designer","player_choice":"Upgrade 2 Random Cards","floor":47,"damage_taken":0}],"is_beta":false,"boss_relics":[{"not_picked":["Runic Dome","Ectoplasm"],"picked":"Cursed Key"},{"not_picked":["Runic Pyramid","Busted Crown"],"picked":"Ring of the Serpent"}],"items_purged_floors":[19,28,48],"is_endless":false,"potions_floor_spawned":[1,7,8,10,16,24,27,33,38,39,44,46],"killed_by":"Awakened One","ascension_level":0}