{"gold_per_floor":[118,137,16,16,32,32,64,84,111,111,130,159,159,59,59,160,160,148,148,148,164,179,179,179,179,179,194,293,168,168,195,195,195],"floor_reached":33,"playtime":992,"items_purged":["Strike_G","Strike_G","Strike_G"],"score":273,"play_id":"b062d079-c8e1-4ee7-bd97-4bad2a6d1e17","local_time":"20190202023937","is_ascension_mode":false,"campfire_choices":[{"floor":6,"key":"RECALL"},{"floor":10,"key":"REST"},{"floor":13,"key":"REST"},{"floor":15,"key":"REST"},{"floor":23,"key":"REST"},{"data":"Glass Knife","floor":25,"key":"SMITH"},{"floor":30,"key":"DIG"},{"floor":32,"key":"REST"}],"neow_cost":"TEN_PERCENT_HP_LOSS","seed_source_timestamp":33470509383740,"circlet_count":0,"master_deck":["Defend_G","Defend_G","Defend_G","Defend_G","Defend_G","Strike_G","Strike_G","Survivor","Neutralize","Dagger Throw","Backflip","Flying Knee","Deflect","Glass Knife+1","Choke","Infinite Blades","Doppelganger","Dagger Throw","Shame","Endless Agony+1","Riddle With Holes+1","Quick Slash+1"],"relics":["Ring of the Snake","Du-Vu Doll","GremlinMask","Vajra","Boot","Busted Crown","Molten Egg 2","MutagenicStrength","Shovel","Potion Belt","Kunai"],"potions_floor_usage":[16,16,16,31,33],"damage_taken":[{"damage":2,"enemies":"Small Slimes","floor":1,"turns":4},{"damage":0,"enemies":"Cultist","floor":2,"turns":4},{"damage":0,"enemies":"2 Louse","floor":5,"turns":3},{"damage":34,"enemies":"Gremlin Nob","floor":7,"turns":5},{"damage":0,"enemies":"Looter","floor":8,"turns":4},{"damage":20,"enemies":"Exordium Thugs","floor":11,"turns":6},{"damage":18,"enemies":"3 Sentries","floor":12,"turns":7},{"damage":22,"enemies":"The Guardian","floor":16,"turns":14},{"damage":18,"enemies":"2 Thieves","floor":18,"turns":4},{"damage":0,"enemies":"Spheric Guardian","floor":21,"turns":3},{"damage":19,"enemies":"Centurion and Healer","floor":22,"turns":4},{"damage":4,"enemies":"3 Cultists","floor":27,"turns":4},{"damage":25,"enemies":"Book of Stabbing","floor":31,"turns":5},{"damage":47,"enemies":"Champ","floor":33,"turns":7}],"seed_played":"9028430666502504924","potions_obtained":[{"floor":1,"key":"Regen Potion"},{"floor":2,"key":"LiquidBronze"},{"floor":8,"key":"Weak Potion"},{"floor":21,"key":"AttackPotion"},{"floor":22,"key":"Weak Potion"}],"is_trial":false,"path_per_floor":["M","M","$","?","M","R","E","M","T","R","M","E","R","$","R","B",null,"M","?","?","M","M","R","?","R","T","M","?","$","R","E","R","B"],"character_chosen":"THE_SILENT","items_purchased":["Flying Knee"],"campfire_rested":5,"item_purchase_floors":[3],"current_hp_per_floor":[61,61,61,61,61,61,27,27,27,45,25,7,25,25,43,36,63,45,45,45,45,26,44,44,44,44,40,40,40,40,15,33,0],"gold":195,"neow_bonus":"ONE_RARE_RELIC","is_prod":false,"is_daily":false,"chose_seed":false,"campfire_upgraded":1,"win_rate":0,"timestamp":1549046377,"path_taken":["M","M","$","?","?","R","E","M","T","R","?","E","R","?","R","BOSS","M","?","?","?","M","R","?","R","T","M","?","$","R","E","R","BOSS"],"build_version":"2019-01-23","purchased_purges":3,"victory":false,"max_hp_per_floor":[63,63,63,63,63,63,63,63,63,63,63,63,63,63,63,63,63,63,63,63,63,63,63,63,63,63,63,63,63,63,63,63,63],"card_choices":[{"not_picked":["All Out Attack","Prepared"],"picked":"Dagger Throw","floor":1},{"not_picked":["Slice","Acrobatics"],"picked":"Backflip","floor":2},{"not_picked":["Distraction","Infinite Blades"],"picked":"Deflect","floor":5},{"not_picked":["Quick Slash","Backflip"],"picked":"Glass Knife","floor":7},{"not_picked":["Acrobatics","Poisoned Stab"],"picked":"Choke","floor":8},{"not_picked":["Deadly Poison","Cloak And Dagger","Reflex"],"picked":"SKIP","floor":11},{"not_picked":["Underhanded Strike","Caltrops"],"picked":"Infinite Blades","floor":12},{"not_picked":["Venomology","Wraith Form v2"],"picked":"Doppelganger","floor":16},{"not_picked":[],"picked":"Dagger Throw","floor":18},{"not_picked":[],"picked":"Endless Agony+1","floor":21},{"not_picked":[],"picked":"Riddle With Holes+1","floor":22},{"not_picked":["Eviscerate+1"],"picked":"SKIP","floor":27},{"not_picked":[],"picked":"Quick Slash+1","floor":31}],"player_experience":174155,"relics_obtained":[{"floor":7,"key":"Vajra"},{"floor":12,"key":"Boot"},{"floor":26,"key":"Shovel"},{"floor":30,"key":"Potion Belt"},{"floor":31,"key":"Kunai"}],"event_choices":[{"damage_healed":0,"gold_gain":0,"player_choice":"Trade","damage_taken":0,"relics_obtained":["GremlinMask"],"max_hp_gain":0,"max_hp_loss":0,"event_name":"FaceTrader","floor":4,"gold_loss":0},{"damage_healed":0,"gold_gain":0,"player_choice":"Stole Relic","damage_taken":0,"relics_obtained":["Molten Egg 2"],"max_hp_gain":0,"max_hp_loss":0,"event_name":"Addict","floor":19,"gold_loss":0,"cards_obtained":["Shame"]},{"damage_healed":0,"gold_gain":0,"player_choice":"Ignored","damage_taken":0,"max_hp_gain":0,"max_hp_loss":0,"event_name":"Ghosts","floor":20,"gold_loss":0},{"damage_healed":0,"gold_gain":0,"player_choice":"Inject Mutagens","damage_taken":0,"relics_obtained":["MutagenicStrength"],"max_hp_gain":0,"max_hp_loss":0,"event_name":"Drug Dealer","floor":24,"gold_loss":0},{"damage_healed":0,"gold_gain":99,"player_choice":"Stole From Cult","damage_taken":0,"max_hp_gain":0,"max_hp_loss":0,"event_name":"Nest","floor":28,"gold_loss":0}],"is_beta":false,"boss_relics":[{"not_picked":["Astrolabe","Orrery"],"picked":"Busted Crown"}],"items_purged_floors":[3,14,29],"is_endless":false,"potions_floor_spawned":[1,2,8,21,22],"killed_by":"Champ","ascension_level":0}