{"gold_per_floor":[117,136,147,164,179,179,210,68,94,94,44,44,44,62,62,62],"floor_reached":16,"playtime":368,"items_purged":[],"score":102,"play_id":"74c97689-825b-4ab5-a0cd-2e9b3f7aaa87","local_time":"20181222163440","is_ascension_mode":false,"campfire_choices":[{"data":"Dualcast","floor":6,"key":"SMITH"},{"data":"Defragment","floor":10,"key":"SMITH"},{"data":"Zap","floor":15,"key":"SMITH"}],"neow_cost":"NONE","seed_source_timestamp":2050425417779534,"circlet_count":0,"master_deck":["Strike_B","Strike_B","Strike_B","Strike_B","Defend_B","Defend_B","Defend_B","Zap+1","Dualcast+1","BootSequence","Auto Shields","Conserve Battery","Defragment+1","Chill"],"relics":["Cracked Core","Meat on the Bone","Potion Belt"],"potions_floor_usage":[7,16,16],"damage_taken":[{"damage":0,"enemies":"Small Slimes","floor":1,"turns":3},{"damage":1,"enemies":"2 Louse","floor":2,"turns":2},{"damage":0,"enemies":"Cultist","floor":3,"turns":3},{"damage":7,"enemies":"Blue Slaver","floor":4,"turns":4},{"damage":0,"enemies":"Exordium Wildlife","floor":5,"turns":3},{"damage":14,"enemies":"Gremlin Nob","floor":7,"turns":4},{"damage":2,"enemies":"2 Fungi Beasts","floor":14,"turns":3},{"damage":46,"enemies":"Hexaghost","floor":16,"turns":11}],"seed_played":"3303888453314115373","potions_obtained":[{"floor":1,"key":"Swift Potion"},{"floor":4,"key":"Fire Potion"},{"floor":5,"key":"Strength Potion"}],"is_trial":false,"path_per_floor":["M","M","M","M","M","R","E","$","T","R","?","$","?","M","R","B"],"character_chosen":"DEFECT","items_purchased":["Defragment","Chill"],"campfire_rested":0,"item_purchase_floors":[8,8],"current_hp_per_floor":[82,81,81,74,74,74,60,60,60,60,60,60,52,50,50,4],"gold":62,"neow_bonus":"TEN_PERCENT_HP_BONUS","is_prod":false,"is_daily":false,"chose_seed":false,"campfire_upgraded":3,"win_rate":0,"timestamp":1545496480,"path_taken":["M","M","M","M","M","R","E","$","T","R","?","$","?","M","R","BOSS"],"build_version":"2018-12-20","purchased_purges":0,"victory":false,"max_hp_per_floor":[82,82,82,82,82,82,82,82,82,82,82,82,82,82,82,82],"card_choices":[{"not_picked":["Recycle","Barrage","Redo"],"picked":"SKIP","floor":1},{"not_picked":["Tempest","Force Field","Compile Driver"],"picked":"SKIP","floor":2},{"not_picked":["Capacitor","Auto Shields"],"picked":"BootSequence","floor":3},{"not_picked":["BootSequence","Scrape","Aggregate"],"picked":"SKIP","floor":4},{"not_picked":["Redo","Steam"],"picked":"Auto Shields","floor":5},{"not_picked":["BootSequence","Rip and Tear"],"picked":"Conserve Battery","floor":7},{"not_picked":["Loop","Rebound","Gash"],"picked":"SKIP","floor":14}],"player_experience":901887,"relics_obtained":[{"floor":7,"key":"Meat on the Bone"},{"floor":9,"key":"Potion Belt"}],"event_choices":[{"cards_removed":["Defend_B"],"damage_healed":0,"gold_gain":0,"player_choice":"Card Removal","damage_taken":0,"max_hp_gain":0,"max_hp_loss":0,"event_name":"The Cleric","floor":11,"gold_loss":50},{"damage_healed":0,"gold_gain":0,"player_choice":"Damaged","damage_taken":8,"max_hp_gain":0,"max_hp_loss":0,"event_name":"Wheel of Change","floor":13,"gold_loss":0}],"is_beta":false,"boss_relics":[],"items_purged_floors":[],"is_endless":false,"potions_floor_spawned":[1,4,5],"killed_by":"Hexaghost","ascension_level":0}