{"gold_per_floor":[116,116,116,132,17,17,55,55,101,101,101,135,135,166,166,290,290,305,305,318,233,69,69,69,69,69,34,47,68,92,117,117,117],"floor_reached":33,"playtime":1619,"items_purged":["Strike_B"],"score":299,"play_id":"c7731815-fe30-431e-b062-a0776347ce4e","local_time":"20181214002329","is_ascension_mode":true,"campfire_choices":[{"data":"Streamline","floor":6,"key":"SMITH"},{"data":"Ball Lightning","floor":10,"key":"SMITH"},{"floor":13,"key":"REST"},{"floor":15,"key":"REST"},{"floor":23,"key":"REST"},{"data":"Machine Learning","floor":25,"key":"SMITH"},{"floor":32,"key":"REST"}],"neow_cost":"PERCENT_DAMAGE","seed_source_timestamp":46483508091528,"circlet_count":0,"master_deck":["Strike_B","Strike_B","Strike_B","Defend_B","Defend_B","Defend_B","Defend_B","Zap+1","Dualcast","Streamline+1","Streamline","White Noise","Ball Lightning+1","Cold Snap","Cold Snap","Machine Learning+1","Leap","Leap","Panache","Defragment","Genetic Algorithm+1","Electrodynamics","Beam Cell"],"relics":["Cracked Core","Golden Idol","Blood Vial","Omamori","Calipers","Art of War","Mummified Hand","Sozu","Bag of Marbles","Nunchaku","Strawberry"],"potions_floor_usage":[16],"damage_taken":[{"damage":0,"enemies":"Small Slimes","floor":1,"turns":4},{"damage":8,"enemies":"2 Louse","floor":4,"turns":2},{"damage":8,"enemies":"Gremlin Nob","floor":7,"turns":4},{"damage":26,"enemies":"Lagavulin","floor":12,"turns":4},{"damage":14,"enemies":"Gremlin Nob","floor":14,"turns":3},{"damage":37,"enemies":"Hexaghost","floor":16,"turns":6},{"damage":19,"enemies":"Shell Parasite","floor":18,"turns":4},{"damage":41,"enemies":"3 Byrds","floor":20,"turns":5},{"damage":18,"enemies":"Centurion and Healer","floor":28,"turns":3},{"damage":9,"enemies":"3 Cultists","floor":29,"turns":4},{"damage":30,"enemies":"Snecko","floor":30,"turns":4},{"damage":3,"enemies":"Cultist and Chosen","floor":31,"turns":4},{"damage":43,"enemies":"Automaton","floor":33,"turns":6}],"seed_played":"-4302259868494530150","potions_obtained":[{"floor":7,"key":"PowerPotion"}],"is_trial":false,"path_per_floor":["M","?","?","M","$","R","E","?","T","R","?","E","R","E","R","B",null,"M","?","M","?","$","R","T","R","T","$","M","M","M","M","R","B"],"character_chosen":"DEFECT","items_purchased":["White Noise","Panache","Defragment"],"campfire_rested":4,"item_purchase_floors":[5,22,27],"current_hp_per_floor":[68,46,75,67,67,67,59,59,59,59,47,23,49,37,63,28,89,70,70,31,31,31,57,57,57,64,64,48,41,13,12,40,0],"gold":117,"neow_bonus":"TWENTY_PERCENT_HP_BONUS","is_prod":false,"is_daily":false,"chose_seed":false,"campfire_upgraded":3,"win_rate":0,"timestamp":1544718209,"path_taken":["M","?","?","M","$","R","E","?","T","R","?","E","R","E","R","BOSS","M","?","?","?","$","R","?","R","T","?","M","M","M","M","R","BOSS"],"build_version":"2018-12-06","purchased_purges":1,"victory":false,"max_hp_per_floor":[89,89,89,89,89,89,89,89,89,89,89,89,89,89,89,89,89,89,89,89,89,89,89,89,89,96,96,96,96,96,96,96,96],"card_choices":[{"not_picked":["Stack","Steam Power"],"picked":"Streamline","floor":1},{"not_picked":["Storm","Rebound"],"picked":"Streamline","floor":4},{"not_picked":["Coolheaded","Turbo"],"picked":"Ball Lightning","floor":7},{"not_picked":["Skim","Rip and Tear"],"picked":"Cold Snap","floor":12},{"not_picked":["Scrape","Doom and Gloom"],"picked":"Cold Snap","floor":14},{"not_picked":["Multi-Cast","Seek"],"picked":"Machine Learning","floor":16},{"not_picked":["Coolheaded","Stack"],"picked":"Leap","floor":18},{"not_picked":["Conserve Battery+1","Barrage+1"],"picked":"Leap","floor":20},{"not_picked":["Skim","Sweeping Beam"],"picked":"Genetic Algorithm+1","floor":28},{"not_picked":["Hologram","Gash","Sweeping Beam+1"],"picked":"SKIP","floor":29},{"not_picked":["Coolheaded","Gash"],"picked":"Electrodynamics","floor":30},{"not_picked":["Steam","Sweeping Beam"],"picked":"Beam Cell","floor":31}],"player_experience":47704,"relics_obtained":[{"floor":7,"key":"Blood Vial"},{"floor":9,"key":"Omamori"},{"floor":12,"key":"Art of War"},{"floor":14,"key":"Mummified Hand"},{"floor":24,"key":"Nunchaku"},{"floor":26,"key":"Strawberry"}],"event_choices":[{"damage_healed":0,"gold_gain":0,"player_choice":"Take Damage","damage_taken":22,"relics_obtained":["Golden Idol"],"max_hp_gain":0,"max_hp_loss":0,"event_name":"Golden Idol","floor":2,"gold_loss":0},{"damage_healed":29,"gold_gain":0,"player_choice":"Banana","damage_taken":0,"max_hp_gain":0,"max_hp_loss":0,"event_name":"Big Fish","floor":3,"gold_loss":0},{"damage_healed":0,"gold_gain":0,"player_choice":"Grow","damage_taken":0,"max_hp_gain":0,"max_hp_loss":0,"event_name":"Living Wall","floor":8,"gold_loss":0,"cards_upgraded":["Zap"]},{"damage_healed":0,"gold_gain":0,"player_choice":"Success","damage_taken":12,"relics_obtained":["Calipers"],"max_hp_gain":0,"max_hp_loss":0,"event_name":"Scrap Ooze","floor":11,"gold_loss":0},{"damage_healed":0,"gold_gain":0,"player_choice":"Bought 0 Potions","damage_taken":0,"max_hp_gain":0,"max_hp_loss":0,"event_name":"The Woman in Blue","floor":19,"gold_loss":0},{"damage_healed":0,"gold_gain":0,"player_choice":"Obtained Relic","damage_taken":0,"relics_obtained":["Bag of Marbles"],"max_hp_gain":0,"max_hp_loss":0,"event_name":"Addict","floor":21,"gold_loss":85}],"is_beta":false,"boss_relics":[{"not_picked":["Runic Dome","Runic Pyramid"],"picked":"Sozu"}],"items_purged_floors":[5],"is_endless":false,"potions_floor_spawned":[7,18,20,29],"killed_by":"Automaton","ascension_level":1}