{"gold_per_floor":[118,118,133,152,72,72,86,86,86,147,147,147,172,191,191,296,296,313,327,7,57,74,74,106,106,106,106,121,121,138,188,188,291,291,308,152,202,202,220,220,220,220,220,220,231,256,268,286,286,286],"floor_reached":51,"playtime":1565,"items_purged":["Doubt"],"score":897,"play_id":"591b318e-dfad-480b-9c4c-2b7725124349","local_time":"20181212215937","is_ascension_mode":false,"campfire_choices":[{"data":"Defragment","floor":6.0,"key":"SMITH"},{"data":"Dualcast","floor":8.0,"key":"SMITH"},{"data":"Rainbow","floor":11.0,"key":"SMITH"},{"data":"Chaos","floor":15.0,"key":"SMITH"},{"data":"Defragment","floor":23.0,"key":"SMITH"},{"data":"Buffer","floor":25.0,"key":"SMITH"},{"data":"Capacitor","floor":27.0,"key":"SMITH"},{"data":"Zap","floor":29.0,"key":"SMITH"},{"data":"Ball Lightning","floor":32,"key":"SMITH"},{"data":"Electrodynamics","floor":40,"key":"SMITH"},{"data":"Glacier","floor":41,"key":"SMITH"},{"data":"Conserve Battery","floor":42,"key":"SMITH"},{"data":"Cold Snap","floor":44,"key":"SMITH"},{"data":"Undo","floor":49,"key":"SMITH"}],"neow_cost":"NONE","seed_source_timestamp":1204636658923900,"circlet_count":0,"master_deck":["Strike_B+1","Strike_B+1","Strike_B+1","Strike_B+1","Defend_B+1","Defend_B+1","Defend_B+1","Defend_B+1","Zap+1","Dualcast+1","Chaos+1","Cold Snap+1","Defragment+1","Rainbow+1","Undo+1","Ball Lightning+1","Core Surge","Coolheaded+1","Conserve Battery+1","Buffer+1","Defragment+1","Capacitor+1","Capacitor","Electrodynamics+1","Clumsy","Injury","BootSequence","Glacier+1"],"special_seed":0,"relics":["Cracked Core","SsserpentHead","Pantograph","Cursed Key","Runic Capacitor","Potion Belt","Calling Bell","Regal Pillow","Shuriken","WingedGreaves","Oddly Smooth Stone"],"potions_floor_usage":[35,39,50,50,50,50],"damage_taken":[{"damage":0.0,"enemies":"2 Louse","floor":1.0,"turns":2.0},{"damage":0.0,"enemies":"Cultist","floor":3.0,"turns":4.0},{"damage":2.0,"enemies":"Small Slimes","floor":4.0,"turns":4.0},{"damage":11.0,"enemies":"3 Louse","floor":7.0,"turns":3.0},{"damage":5.0,"enemies":"Blue Slaver","floor":10.0,"turns":4.0},{"damage":20.0,"enemies":"Gremlin Nob","floor":13.0,"turns":4.0},{"damage":6.0,"enemies":"Exordium Thugs","floor":14.0,"turns":4.0},{"damage":0.0,"enemies":"The Guardian","floor":16.0,"turns":9.0},{"damage":8.0,"enemies":"Spheric Guardian","floor":18.0,"turns":3.0},{"damage":6.0,"enemies":"3 Byrds","floor":19.0,"turns":6.0},{"damage":3.0,"enemies":"Cultist and Chosen","floor":22.0,"turns":5.0},{"damage":22.0,"enemies":"Gremlin Leader","floor":24.0,"turns":8.0},{"damage":0.0,"enemies":"Centurion and Healer","floor":28.0,"turns":7.0},{"damage":0.0,"enemies":"Snake Plant","floor":30.0,"turns":4.0},{"damage":0,"enemies":"Automaton","floor":33,"turns":12},{"damage":8,"enemies":"Orb Walker","floor":35,"turns":4},{"damage":7,"enemies":"3 Darklings","floor":39,"turns":6},{"damage":5,"enemies":"4 Shapes","floor":45,"turns":6},{"damage":3,"enemies":"Giant Head","floor":46,"turns":10},{"damage":1,"enemies":"Writhing Mass","floor":47,"turns":8},{"damage":0,"enemies":"Sphere and 2 Shapes","floor":48,"turns":6},{"damage":0,"enemies":"Donu and Deca","floor":50,"turns":9}],"seed_played":"6966502924525959910","potions_obtained":[{"floor":3.0,"key":"FearPotion"},{"floor":10.0,"key":"SpeedPotion"},{"floor":13.0,"key":"Block Potion"},{"floor":14.0,"key":"Swift Potion"},{"floor":24.0,"key":"Block Potion"},{"floor":30.0,"key":"Swift Potion"},{"floor":45,"key":"FocusPotion"},{"floor":46,"key":"Energy Potion"},{"floor":47,"key":"Ancient Potion"}],"is_trial":false,"path_per_floor":["M","?","M","M","$","R","M","R","T","M","R","$","E","M","R","B",null,"M","M","$","?","M","R","E","R","T","R","M","R","M","?","R","B",null,"M","$","?","$","M","R","R","R","T","R","M","E","M","M","R","B",null],"character_chosen":"DEFECT","items_purchased":["Defragment","Runic Capacitor","Conserve Battery","Buffer","Glacier"],"campfire_rested":0,"item_purchase_floors":[5,20,20,20,36],"current_hp_per_floor":[82,82,82,80,80,80,69,69,69,64,64,64,44,38,38,63,82,74,68,68,68,65,65,43,43,43,43,43,43,43,43,43,68,82,74,74,74,74,67,67,67,67,67,67,62,59,58,58,58,82],"gold":286,"neow_bonus":"TEN_PERCENT_HP_BONUS","is_prod":false,"is_daily":false,"chose_seed":false,"campfire_upgraded":14,"win_rate":0,"timestamp":1544651977,"path_taken":["M","?","M","M","$","R","M","R","T","?","R","$","E","M","R","BOSS","M","M","$","?","M","R","E","R","T","R","M","R","M","?","R","BOSS","M","$","?","$","M","R","R","R","T","R","M","E","M","M","R","BOSS"],"build_version":"2018-12-06","purchased_purges":1,"victory":true,"max_hp_per_floor":[82,82,82,82,82,82,82,82,82,82,82,82,82,82,82,82,82,82,82,82,82,82,82,82,82,82,82,82,82,82,82,82,82,82,82,82,82,82,82,82,82,82,82,82,82,82,82,82,82,82],"card_choices":[{"not_picked":["Stack","Hologram"],"picked":"Chaos","floor":1.0},{"not_picked":["Sunder","Coolheaded"],"picked":"Cold Snap","floor":3.0},{"not_picked":["Fusion","Leap","Barrage"],"picked":"SKIP","floor":4.0},{"not_picked":["Coolheaded","Leap"],"picked":"Rainbow","floor":7.0},{"not_picked":["Hologram","Cold Snap"],"picked":"Undo","floor":10.0},{"not_picked":["White Noise","FTL"],"picked":"Ball Lightning","floor":13.0},{"not_picked":["Sweeping Beam","Gash","Hologram"],"picked":"SKIP","floor":14.0},{"not_picked":["Thunder Strike","Creative AI"],"picked":"Core Surge","floor":16.0},{"not_picked":["Consume","Beam Cell+1"],"picked":"Coolheaded+1","floor":18.0},{"not_picked":["Lockon","Steam","Sweeping Beam+1"],"picked":"SKIP","floor":19.0},{"not_picked":["Conserve Battery","Hello World"],"picked":"Capacitor","floor":22.0},{"not_picked":["Rebound","Coolheaded+1","Reprogram"],"picked":"SKIP","floor":24.0},{"not_picked":["Beam Cell","Steam Power"],"picked":"Capacitor","floor":28.0},{"not_picked":["Coolheaded","Gash","Leap"],"picked":"SKIP","floor":30.0},{"not_picked":["Echo Form","Biased Cognition"],"picked":"Electrodynamics","floor":33},{"not_picked":["Turbo+1","Barrage"],"picked":"BootSequence","floor":35},{"not_picked":["Sweeping Beam","Undo","Stack"],"picked":"SKIP","floor":39},{"not_picked":["Hello World","Streamline","Conserve Battery"],"picked":"SKIP","floor":45},{"not_picked":["Double Energy+1","Streamline","Leap+1"],"picked":"SKIP","floor":46},{"not_picked":["Melter","Turbo+1","Rebound"],"picked":"SKIP","floor":47},{"not_picked":["Hologram","Gash","Reinforced Body+1"],"picked":"SKIP","floor":48}],"player_experience":875586,"relics_obtained":[{"floor":13.0,"key":"Pantograph"},{"floor":24.0,"key":"Potion Belt"},{"floor":34,"key":"Regal Pillow"},{"floor":34,"key":"Shuriken"},{"floor":34,"key":"WingedGreaves"},{"floor":46,"key":"Oddly Smooth Stone"}],"event_choices":[{"damage_healed":0.0,"max_hp_gain":0.0,"max_hp_loss":0.0,"gold_gain":0.0,"event_name":"FaceTrader","player_choice":"Trade","floor":2.0,"gold_loss":0.0,"damage_taken":0.0,"relics_obtained":["SsserpentHead"]},{"damage_healed":0.0,"max_hp_gain":0.0,"max_hp_loss":0.0,"gold_gain":0.0,"event_name":"The Library","player_choice":"Read","floor":21.0,"gold_loss":0.0,"damage_taken":0.0,"cards_obtained":["Defragment"]},{"damage_healed":0.0,"max_hp_gain":0.0,"max_hp_loss":0.0,"gold_gain":0.0,"event_name":"Back to Basics","player_choice":"Simplicity","floor":31.0,"gold_loss":0.0,"damage_taken":0.0,"cards_upgraded":["Strike_B","Strike_B","Strike_B","Strike_B","Defend_B","Defend_B","Defend_B","Defend_B"]},{"damage_healed":0,"gold_gain":0,"player_choice":"Ignored","damage_taken":0,"max_hp_gain":0,"max_hp_loss":0,"event_name":"Mysterious Sphere","floor":37,"gold_loss":0}],"is_beta":false,"boss_relics":[{"not_picked":["Sozu","Lizard Tail"],"picked":"Cursed Key"},{"not_picked":["Runic Dome","Eternal Feather"],"picked":"Calling Bell"}],"items_purged_floors":[36],"is_endless":false,"potions_floor_spawned":[3,10,13,14,19,24,30,45,46,47],"ascension_level":0}