{"gold_per_floor":[112,130,141,161,171,199,199,214,299,319,333,333,363,383,383,480,480,497,265,281,281,294,294,323,323,373,407,407,425,445,445,445,445],"floor_reached":33,"playtime":2763,"items_purged":["Regret"],"score":468,"play_id":"d7313c29-e41a-42bb-a5c5-199a99e6840a","local_time":"20181024203948","is_ascension_mode":true,"campfire_choices":[{"data":"Venomology","floor":7,"key":"SMITH"},{"floor":12,"key":"REST"},{"data":"Noxious Fumes","floor":15,"key":"SMITH"},{"floor":23,"key":"REST"},{"data":"Sucker Punch","floor":25,"key":"SMITH"},{"data":"Glass Knife","floor":28,"key":"SMITH"},{"data":"Sucker Punch","floor":32,"key":"SMITH"}],"neow_cost":"NONE","seed_source_timestamp":349867056279335,"circlet_count":0,"master_deck":["Defend_G+1","Defend_G+1","Defend_G+1","Defend_G+1","Defend_G+1","Survivor+1","Neutralize","Riddle With Holes","Terror+1","Deadly Poison","Sucker Punch+1","Venomology+1","Masterful Stab","Backflip","Sucker Punch+1","Quick Slash","Noxious Fumes+1","Parasite","Doubt","Backstab","Bite","Bite","Bite","Bite","Bite","Dagger Throw+1","Underhanded Strike","Glass Knife+1","Dagger Throw+1","Backflip+1"],"relics":["Velvet Choker","Kunai","Tiny Chest","Tough Bandages","Calling Bell","Bag of Preparation","Mercury Hourglass","Ginger","War Paint","Art of War","Orichalcum"],"potions_floor_usage":[6,8,10,11,13,13,13,13,13,16,18,18,18,22,24,24,27,29,33,33,33,33],"damage_taken":[{"damage":0,"enemies":"Cultist","floor":1,"turns":4},{"damage":0,"enemies":"2 Louse","floor":2,"turns":2},{"damage":2,"enemies":"Jaw Worm","floor":3,"turns":3},{"damage":4,"enemies":"Red Slaver","floor":4,"turns":3},{"damage":4,"enemies":"Looter","floor":5,"turns":3},{"damage":18,"enemies":"Gremlin Nob","floor":6,"turns":4},{"damage":0,"enemies":"2 Fungi Beasts","floor":8,"turns":3},{"damage":6,"enemies":"3 Louse","floor":10,"turns":3},{"damage":11,"enemies":"Lots of Slimes","floor":11,"turns":4},{"damage":0,"enemies":"3 Sentries","floor":13,"turns":6},{"damage":4,"enemies":"Blue Slaver","floor":14,"turns":3},{"damage":6,"enemies":"Hexaghost","floor":16,"turns":7},{"damage":5,"enemies":"2 Thieves","floor":18,"turns":4},{"damage":0,"enemies":"Shell Parasite","floor":20,"turns":3},{"damage":27,"enemies":"Snecko","floor":22,"turns":5},{"damage":18,"enemies":"Slavers","floor":24,"turns":6},{"damage":9,"enemies":"Gremlin Leader","floor":27,"turns":5},{"damage":4,"enemies":"Snake Plant","floor":29,"turns":3},{"damage":1,"enemies":"Centurion and Healer","floor":30,"turns":4},{"damage":55,"enemies":"Champ","floor":33,"turns":8}],"seed_played":"-3206790430190007212","potions_obtained":[{"floor":2,"key":"AttackPotion"},{"floor":3,"key":"LiquidBronze"},{"floor":6,"key":"EssenceOfSteel"},{"floor":10,"key":"AttackPotion"},{"floor":16,"key":"SteroidPotion"},{"floor":18,"key":"SteroidPotion"},{"floor":22,"key":"SkillPotion"},{"floor":29,"key":"AttackPotion"}],"is_trial":false,"path_per_floor":["M","M","M","M","M","E","R","M","T","M","M","R","E","M","R","B",null,"M","$","M","?","M","R","E","R","T","E","R","M","M","?","R"],"character_chosen":"THE_SILENT","items_purchased":["War Paint"],"campfire_rested":2,"item_purchase_floors":[19],"current_hp_per_floor":[63,63,61,57,53,35,35,35,35,29,18,39,39,35,35,29,60,55,55,55,49,24,38,30,30,30,33,33,31,38,38,38,0],"gold":445,"neow_bonus":"BOSS_RELIC","is_prod":false,"is_daily":false,"chose_seed":false,"campfire_upgraded":5,"win_rate":0,"timestamp":1540438788,"path_taken":["M","M","M","M","M","E","R","M","T","M","M","R","E","?","R","BOSS","M","$","M","?","M","R","E","R","T","E","R","M","M","?","R","BOSS"],"build_version":"2018-10-18","purchased_purges":1,"victory":false,"max_hp_per_floor":[70,70,70,70,70,70,70,70,70,70,70,70,70,70,70,70,70,70,70,70,49,49,49,49,49,49,49,49,49,49,49,49,49],"card_choices":[{"not_picked":["Deadly Poison","Flying Knee"],"picked":"Riddle With Holes","floor":1},{"not_picked":["Predator","Noxious Fumes"],"picked":"Terror","floor":2},{"not_picked":["Slice","Eviscerate"],"picked":"Deadly Poison","floor":3},{"not_picked":["Deadly Poison","Outmaneuver","Deflect"],"picked":"SKIP","floor":4},{"not_picked":["PiercingWail","Tactician"],"picked":"Sucker Punch","floor":5},{"not_picked":["Blur","Prepared"],"picked":"Venomology","floor":6},{"not_picked":["Acrobatics","Blade Dance"],"picked":"Masterful Stab","floor":8},{"not_picked":["Outmaneuver","Dodge and Roll"],"picked":"Backflip","floor":10},{"not_picked":["Dodge and Roll","PiercingWail"],"picked":"Sucker Punch","floor":11},{"not_picked":["Burst","Outmaneuver"],"picked":"Quick Slash","floor":13},{"not_picked":["Prepared","Deflect"],"picked":"Noxious Fumes","floor":14},{"not_picked":["Infinite Blades","PiercingWail"],"picked":"Backstab","floor":18},{"not_picked":["Eviscerate","Riddle With Holes","Prepared"],"picked":"SKIP","floor":20},{"not_picked":["Sucker Punch","Poisoned Stab"],"picked":"Dagger Throw+1","floor":22},{"not_picked":["A Thousand Cuts","Blade Dance"],"picked":"Underhanded Strike","floor":24},{"not_picked":["Skewer","Choke+1"],"picked":"Glass Knife","floor":27},{"not_picked":["Dodge and Roll","Distraction+1"],"picked":"Dagger Throw+1","floor":29},{"not_picked":["Dagger Throw","Blade Dance"],"picked":"Backflip+1","floor":30}],"player_experience":49585,"relics_obtained":[{"floor":6,"key":"Kunai"},{"floor":9,"key":"Tiny Chest"},{"floor":13,"key":"Tough Bandages"},{"floor":17,"key":"Bag of Preparation"},{"floor":17,"key":"Mercury Hourglass"},{"floor":17,"key":"Ginger"},{"floor":26,"key":"Art of War"},{"floor":27,"key":"Orichalcum"}],"event_choices":[{"damage_healed":0,"gold_gain":0,"player_choice":"Became a vampire","damage_taken":0,"max_hp_gain":0,"max_hp_loss":21,"event_name":"Vampires","floor":21,"gold_loss":0,"cards_obtained":["Bite","Bite","Bite","Bite","Bite"]},{"damage_healed":0,"gold_gain":0,"player_choice":"Simplicity","damage_taken":0,"max_hp_gain":0,"max_hp_loss":0,"event_name":"Back to Basics","floor":31,"gold_loss":0,"cards_upgraded":["Defend_G","Defend_G","Defend_G","Defend_G","Defend_G"]}],"is_beta":false,"boss_relics":[{"not_picked":["HoveringKite","Empty Cage"],"picked":"Calling Bell"}],"items_purged_floors":[19],"is_endless":false,"potions_floor_spawned":[2,3,6,10,14,16,18,22,29],"killed_by":"Champ","ascension_level":7}