{"gold_per_floor":[112,131,131,46,62,88,103,103,103,122,122,136,136,170,170,244,244,258,258,258,270,56,90,104,104,131,31,45,45,45,62,62,133,133,149,195,295,14,34,66,66,79,105,139,153,170,23,96,96,96],"floor_reached":51,"playtime":3399,"items_purged":["Berserk+1","Shame"],"score":1498,"play_id":"b6f1a0ab-6760-4d0d-8660-ab602240615a","local_time":"20190207002653","is_ascension_mode":true,"campfire_choices":[{"data":"Uppercut","floor":8.0,"key":"SMITH"},{"data":"Bash","floor":11.0,"key":"SMITH"},{"data":"Shockwave","floor":13.0,"key":"SMITH"},{"data":"Pommel Strike","floor":15.0,"key":"SMITH"},{"data":"Shrug It Off","floor":25.0,"key":"SMITH"},{"data":"Feel No Pain","floor":29.0,"key":"SMITH"},{"data":"Pommel Strike","floor":32.0,"key":"SMITH"},{"data":"Finesse","floor":49.0,"key":"SMITH"}],"neow_cost":"NONE","seed_source_timestamp":2492260924601178,"circlet_count":0,"master_deck":["AscendersBane","Defend_R+1","Defend_R+1","Defend_R+1","Defend_R+1","Bash+1","Reckless Charge","Feel No Pain+1","Clothesline","Shrug It Off+1","Carnage","Uppercut+1","Pommel Strike+1","Shockwave+1","Metallicize+1","Impervious","Corruption+1","Feel No Pain+1","Pommel Strike+1","Armaments+1","Shrug It Off+1","Evolve+1","Ghostly Armor","Feel No Pain+1","Juggernaut+1","Shrug It Off","Corruption+1","Shrug It Off","Clumsy","Sentinel+1","Finesse+1","Injury"],"special_seed":0,"relics":["Burning Blood","NeowsBlessing","War Paint","Frozen Egg 2","Dead Branch","Cursed Key","Happy Flower","Blood Vial","Empty Cage","Nunchaku","Incense Burner","Centennial Puzzle","Sundial","Red Skull","Vajra","Blue Candle"],"potions_floor_usage":[50],"damage_taken":[{"damage":0.0,"enemies":"2 Louse","floor":1.0,"turns":1.0},{"damage":0.0,"enemies":"Cultist","floor":2.0,"turns":1.0},{"damage":0.0,"enemies":"Jaw Worm","floor":5.0,"turns":1.0},{"damage":24.0,"enemies":"Gremlin Nob","floor":6.0,"turns":4.0},{"damage":11.0,"enemies":"Looter","floor":7.0,"turns":3.0},{"damage":4.0,"enemies":"2 Fungi Beasts","floor":10.0,"turns":4.0},{"damage":0.0,"enemies":"Exordium Wildlife","floor":12.0,"turns":4.0},{"damage":27.0,"enemies":"3 Sentries","floor":14.0,"turns":9.0},{"damage":14.0,"enemies":"The Guardian","floor":16.0,"turns":15.0},{"damage":5.0,"enemies":"Shell Parasite","floor":18.0,"turns":5.0},{"damage":0.0,"enemies":"Spheric Guardian","floor":21.0,"turns":5.0},{"damage":17.0,"enemies":"Gremlin Leader","floor":23.0,"turns":6.0},{"damage":13.0,"enemies":"Centurion and Healer","floor":24.0,"turns":8.0},{"damage":2.0,"enemies":"Snecko","floor":28.0,"turns":5.0},{"damage":0.0,"enemies":"Chosen and Byrds","floor":31.0,"turns":5.0},{"damage":24.0,"enemies":"Collector","floor":33.0,"turns":9.0},{"damage":21.0,"enemies":"3 Shapes","floor":35.0,"turns":4.0},{"damage":0.0,"enemies":"2 Orb Walkers","floor":36.0,"turns":3.0},{"damage":0.0,"enemies":"Mind Bloom Boss Battle","floor":37.0,"turns":6.0},{"damage":0.0,"enemies":"Orb Walker","floor":39.0,"turns":4.0},{"damage":3.0,"enemies":"Giant Head","floor":40.0,"turns":5.0},{"damage":1.0,"enemies":"Spire Growth","floor":42.0,"turns":3.0},{"damage":6.0,"enemies":"Reptomancer","floor":44.0,"turns":4.0},{"damage":13.0,"enemies":"Transient","floor":45.0,"turns":6.0},{"damage":0.0,"enemies":"Jaw Worm Horde","floor":46.0,"turns":3.0},{"damage":22,"enemies":"Awakened One","floor":50,"turns":9}],"seed_played":"-3786991564057877177","potions_obtained":[{"floor":6.0,"key":"Regen Potion"},{"floor":7.0,"key":"SpeedPotion"},{"floor":12.0,"key":"Energy Potion"},{"floor":14.0,"key":"LiquidBronze"},{"floor":18.0,"key":"SpeedPotion"},{"floor":24.0,"key":"Explosive Potion"},{"floor":31.0,"key":"Fire Potion"},{"floor":44.0,"key":"SkillPotion"},{"floor":45.0,"key":"GamblersBrew"}],"is_trial":false,"path_per_floor":["M","M","?","$","M","E","M","R","T","M","R","M","R","E","R","B",null,"M","?","?","M","$","E","M","R","T","$","M","R","?","M","R","B",null,"M","?","?","$","M","E","$","M","T","E","M","M","$","T","R","B",null],"character_chosen":"IRONCLAD","items_purchased":["Clothesline","Shrug It Off","Shrug It Off","Evolve+1","Corruption+1","Shrug It Off","Centennial Puzzle","Finesse","SkillPotion"],"campfire_rested":0,"item_purchase_floors":[4,4,22,22,38,38,38,47,47],"current_hp_per_floor":[74,75,75,75,75,57,52,52,52,54,54,60,60,54,54,46,68,69,69,69,75,75,64,57,57,57,57,63,63,63,71,71,55,70,57,65,73,73,75,75,75,75,75,75,68,75,75,75,75,59],"gold":96,"neow_bonus":"THREE_ENEMY_KILL","is_prod":false,"is_daily":false,"chose_seed":false,"campfire_upgraded":8,"win_rate":0,"timestamp":1549517213,"path_taken":["M","M","?","$","?","E","M","R","T","M","R","M","R","E","R","BOSS","M","?","?","M","$","E","M","R","T","$","M","R","?","M","R","BOSS","M","?","?","$","M","E","?","M","T","E","?","M","$","?","R","BOSS"],"build_version":"2019-01-23","purchased_purges":2,"victory":true,"max_hp_per_floor":[75,75,75,75,75,75,75,75,75,75,75,75,75,75,75,75,75,75,75,75,75,75,75,75,75,75,75,75,75,75,75,75,75,75,75,75,75,75,75,75,75,75,75,75,75,75,75,75,75,75],"card_choices":[{"not_picked":["Heavy Blade","Flex"],"picked":"Reckless Charge","floor":1.0},{"not_picked":["Seeing Red","Spot Weakness"],"picked":"Feel No Pain","floor":2.0},{"not_picked":["Heavy Blade","Metallicize"],"picked":"Carnage","floor":5.0},{"not_picked":["Twin Strike","Seeing Red"],"picked":"Uppercut","floor":6.0},{"not_picked":["Sword Boomerang","Thunderclap"],"picked":"Pommel Strike","floor":7.0},{"not_picked":["Reckless Charge","Rage","Sword Boomerang"],"picked":"SKIP","floor":10.0},{"not_picked":["Whirlwind","Thunderclap"],"picked":"Shockwave","floor":12.0},{"not_picked":["Clash","Body Slam"],"picked":"Metallicize+1","floor":14.0},{"not_picked":["Double Tap","Demon Form+1"],"picked":"Impervious","floor":16.0},{"not_picked":["Anger","True Grit"],"picked":"Corruption+1","floor":18.0},{"not_picked":["Pommel Strike","Clothesline"],"picked":"Armaments+1","floor":21.0},{"not_picked":["Wild Strike","Rampage","Twin Strike"],"picked":"SKIP","floor":23.0},{"not_picked":["Headbutt","Sword Boomerang"],"picked":"Ghostly Armor","floor":24.0},{"not_picked":["Anger","Warcry","Clash"],"picked":"SKIP","floor":28.0},{"not_picked":["Shrug It Off","Sword Boomerang"],"picked":"Feel No Pain+1","floor":31.0},{"not_picked":["Double Tap","Berserk+1"],"picked":"Juggernaut+1","floor":33.0},{"not_picked":["Sever Soul","Hemokinesis"],"picked":"Shrug It Off","floor":35.0},{"not_picked":["Anger+1","Armaments","Havoc+1"],"picked":"SKIP","floor":39.0},{"not_picked":["Havoc","Spot Weakness+1","Evolve+1"],"picked":"SKIP","floor":40.0},{"not_picked":["Havoc","Spot Weakness+1","Evolve+1"],"picked":"SKIP","floor":40.0},{"not_picked":["Warcry+1","Shrug It Off","Iron Wave"],"picked":"SKIP","floor":42.0},{"not_picked":["Cleave","Warcry","Sever Soul"],"picked":"SKIP","floor":44.0},{"not_picked":["Warcry+1","Havoc","Clothesline"],"picked":"SKIP","floor":45.0},{"not_picked":["Reaper","Havoc"],"picked":"Sentinel+1","floor":46.0}],"player_experience":424830,"relics_obtained":[{"floor":6.0,"key":"War Paint"},{"floor":9.0,"key":"Frozen Egg 2"},{"floor":14.0,"key":"Dead Branch"},{"floor":23.0,"key":"Happy Flower"},{"floor":26.0,"key":"Blood Vial"},{"floor":36.0,"key":"Nunchaku"},{"floor":37.0,"key":"Incense Burner"},{"floor":40.0,"key":"Sundial"},{"floor":43.0,"key":"Red Skull"},{"floor":44.0,"key":"Vajra"},{"floor":48.0,"key":"Blue Candle"}],"event_choices":[{"cards_removed":["Strike_R"],"damage_healed":0.0,"max_hp_gain":0.0,"max_hp_loss":0.0,"gold_gain":0.0,"event_name":"Purifier","player_choice":"Purged","floor":3.0,"gold_loss":0.0,"damage_taken":0.0},{"damage_healed":0.0,"max_hp_gain":0.0,"max_hp_loss":0.0,"gold_gain":0.0,"event_name":"The Library","player_choice":"Read","floor":19.0,"gold_loss":0.0,"damage_taken":0.0,"cards_obtained":["Feel No Pain"]},{"damage_healed":0.0,"max_hp_gain":0.0,"max_hp_loss":0.0,"gold_gain":0.0,"cards_transformed":["Strike_R","Strike_R"],"event_name":"Drug Dealer","player_choice":"Became Test Subject","floor":20.0,"gold_loss":0.0,"damage_taken":0.0,"cards_obtained":["Berserk","Pommel Strike"]},{"damage_healed":0.0,"max_hp_gain":0.0,"max_hp_loss":0.0,"gold_gain":0.0,"event_name":"Back to Basics","player_choice":"Simplicity","floor":30.0,"gold_loss":0.0,"damage_taken":0.0,"cards_upgraded":["Strike_R","Strike_R","Defend_R","Defend_R","Defend_R"]},{"damage_healed":0.0,"max_hp_gain":0.0,"max_hp_loss":0.0,"gold_gain":0.0,"event_name":"Mysterious Sphere","player_choice":"Fight","floor":36.0,"gold_loss":0.0,"damage_taken":0.0},{"damage_healed":0.0,"max_hp_gain":0.0,"max_hp_loss":0.0,"gold_gain":0.0,"event_name":"MindBloom","player_choice":"Fight","floor":37.0,"gold_loss":0.0,"damage_taken":0.0}],"is_beta":false,"boss_relics":[{"not_picked":["Coffee Dripper","White Beast Statue"],"picked":"Cursed Key"},{"not_picked":["Black Blood","Calling Bell"],"picked":"Empty Cage"}],"items_purged_floors":[22,27],"is_endless":false,"potions_floor_spawned":[6,7,12,14,18,24,31,33,37,39,44,45],"ascension_level":18}