{"gold_per_floor":[364,210,385,460,475,509,509,519,519,198,529,529,544,556,556,556],"floor_reached":16,"playtime":597,"items_purged":["Strike_G","Strike_G"],"score":127,"play_id":"d392be7a-ecaf-4b25-a995-7043172d20de","local_time":"20181220015704","is_ascension_mode":true,"campfire_choices":[{"floor":7,"key":"REST"},{"data":"Noxious Fumes","floor":15,"key":"SMITH"}],"neow_cost":"TEN_PERCENT_HP_LOSS","seed_source_timestamp":479179541983263,"circlet_count":0,"master_deck":["Defend_G","Defend_G","Defend_G","Defend_G","Defend_G","Strike_G","Strike_G","Strike_G","Survivor","Neutralize","Sucker Punch","Noxious Fumes+1","Doubt","Caltrops","Quick Slash","Dagger Spray","Noxious Fumes","Backflip","Backflip","Crippling Poison"],"relics":["Ring of the Snake","Peace Pipe","Meat on the Bone","Anchor","Old Coin"],"potions_floor_usage":[16,16],"damage_taken":[{"damage":0,"enemies":"Cultist","floor":1,"turns":4},{"damage":6,"enemies":"2 Louse","floor":5,"turns":3},{"damage":28,"enemies":"Gremlin Nob","floor":6,"turns":5},{"damage":2,"enemies":"Jaw Worm","floor":8,"turns":4},{"damage":33,"enemies":"Lagavulin","floor":11,"turns":7},{"damage":11,"enemies":"3 Louse","floor":13,"turns":3},{"damage":1,"enemies":"Blue Slaver","floor":14,"turns":5},{"damage":42,"enemies":"Slime Boss","floor":16,"turns":9}],"seed_played":"-6278178442462747746","potions_obtained":[{"floor":5,"key":"Block Potion"},{"floor":8,"key":"EssenceOfSteel"},{"floor":13,"key":"Energy Potion"}],"is_trial":false,"path_per_floor":["M","$","?","?","M","E","R","M","T","$","E","?","M","M","R","B"],"character_chosen":"THE_SILENT","items_purchased":["Noxious Fumes","Noxious Fumes","Anchor"],"campfire_rested":1,"item_purchase_floors":[2,10,10],"current_hp_per_floor":[63,63,63,57,51,23,41,39,39,39,18,39,40,39,39,0],"gold":556,"neow_bonus":"TWO_FIFTY_GOLD","is_prod":false,"is_daily":false,"chose_seed":false,"campfire_upgraded":1,"win_rate":0,"timestamp":1545242224,"path_taken":["M","$","?","?","M","E","R","?","T","$","E","?","M","M","R","BOSS"],"build_version":"2018-12-13","purchased_purges":2,"victory":false,"max_hp_per_floor":[63,63,63,63,63,63,63,63,63,63,63,63,63,63,63,63],"card_choices":[{"not_picked":["Deadly Poison","Underhanded Strike"],"picked":"Sucker Punch","floor":1},{"not_picked":["Deadly Poison","Deflect"],"picked":"Caltrops","floor":5},{"not_picked":["Bane","Deadly Poison"],"picked":"Quick Slash","floor":6},{"not_picked":["Dodge and Roll","Night Terror"],"picked":"Dagger Spray","floor":8},{"not_picked":["Distraction","Predator"],"picked":"Backflip","floor":11},{"not_picked":["Cloak And Dagger","Blade Dance"],"picked":"Backflip","floor":13},{"not_picked":["Prepared","Flying Knee"],"picked":"Crippling Poison","floor":14}],"player_experience":65406,"relics_obtained":[{"floor":6,"key":"Peace Pipe"},{"floor":9,"key":"Meat on the Bone"},{"floor":11,"key":"Old Coin"}],"event_choices":[{"damage_healed":0,"gold_gain":175,"player_choice":"AGREE","damage_taken":0,"max_hp_gain":0,"max_hp_loss":0,"event_name":"Liars Game","floor":3,"gold_loss":0,"cards_obtained":["Doubt"]},{"damage_healed":0,"gold_gain":75,"player_choice":"Touch","damage_taken":6,"max_hp_gain":0,"max_hp_loss":0,"event_name":"FaceTrader","floor":4,"gold_loss":0},{"damage_healed":21,"gold_gain":0,"player_choice":"Banana","damage_taken":0,"max_hp_gain":0,"max_hp_loss":0,"event_name":"Big Fish","floor":12,"gold_loss":0}],"is_beta":false,"boss_relics":[],"items_purged_floors":[2,10],"is_endless":false,"potions_floor_spawned":[5,8,13,14],"killed_by":"Slime Boss","ascension_level":3}