{"gold_per_floor":[110,110,110,120,138,138,63,63,137,149,75,89,101,115,115,220,220,234,57,73,73,90,90,90,104,104,117,117,216,232,251,251,346,346,366,380,220,220],"floor_reached":38,"playtime":3021,"items_purged":["Strike_G","Strike_G","Strike_G"],"score":372,"play_id":"1cfe247a-2331-40bc-b8a3-cdf3c9c1c61a","local_time":"20181008014450","is_ascension_mode":false,"campfire_choices":[{"floor":6,"key":"REST"},{"floor":15,"key":"REST"},{"floor":23,"key":"REST"},{"floor":28,"key":"REST"},{"floor":32,"key":"REST"}],"neow_cost":"NONE","seed_source_timestamp":1325486326439816,"circlet_count":0,"master_deck":["Defend_G","Defend_G","Defend_G","Defend_G","Defend_G","Strike_G","Strike_G","Survivor","Neutralize","Quick Slash","Flying Knee","Sucker Punch","Well Laid Plans+1","A Thousand Cuts+1","Infinite Blades+1","Corpse Explosion","After Image+1","Acrobatics","Footwork+1","Dagger Spray","Tools of the Trade+1","Dodge and Roll+1","Leg Sweep+1","Footwork+1"],"relics":["Fusion Hammer","Torii","Pen Nib","Frozen Egg 2","Runic Dome","Mercury Hourglass","Philosopher\u0027s Stone"],"potions_floor_usage":[16,16,33],"damage_taken":[{"damage":1,"enemies":"Jaw Worm","floor":1,"turns":6},{"damage":0,"enemies":"Small Slimes","floor":4,"turns":3},{"damage":0,"enemies":"2 Louse","floor":5,"turns":2},{"damage":1,"enemies":"2 Fungi Beasts","floor":10,"turns":3},{"damage":1,"enemies":"Blue Slaver","floor":12,"turns":3},{"damage":8,"enemies":"Exordium Thugs","floor":13,"turns":4},{"damage":13,"enemies":"Large Slime","floor":14,"turns":3},{"damage":38,"enemies":"The Guardian","floor":16,"turns":8},{"damage":20,"enemies":"3 Byrds","floor":18,"turns":3},{"damage":6,"enemies":"Spheric Guardian","floor":20,"turns":5},{"damage":17,"enemies":"Cultist and Chosen","floor":22,"turns":6},{"damage":18,"enemies":"Chosen and Byrds","floor":25,"turns":6},{"damage":1,"enemies":"Snecko","floor":27,"turns":5},{"damage":2,"enemies":"Cultist and Chosen","floor":30,"turns":3},{"damage":2,"enemies":"Shelled Parasite and Fungi","floor":31,"turns":4},{"damage":47,"enemies":"Automaton","floor":33,"turns":8},{"damage":33,"enemies":"3 Darklings","floor":35,"turns":4},{"damage":22,"enemies":"3 Shapes","floor":36,"turns":5},{"damage":20,"enemies":"Spire Growth","floor":38,"turns":3}],"seed_played":"3492640366119476949","potions_obtained":[{"floor":5,"key":"AttackPotion"},{"floor":10,"key":"GamblersBrew"},{"floor":14,"key":"AttackPotion"},{"floor":16,"key":"Explosive Potion"},{"floor":18,"key":"AttackPotion"},{"floor":35,"key":"AttackPotion"}],"is_trial":false,"path_per_floor":["M","?","?","M","M","R","$","T","T","M","$","M","M","M","R","B",null,"M","$","M","$","M","R","?","M","T","M","R","?","M","M","R","B",null,"M","M","$"],"character_chosen":"THE_SILENT","items_purchased":["A Thousand Cuts+1","Footwork+1","Footwork+1"],"campfire_rested":5,"item_purchase_floors":[11,19,37],"current_hp_per_floor":[69,51,51,51,51,70,70,70,70,69,69,68,60,47,68,30,70,50,50,44,44,27,48,35,17,17,16,38,38,36,34,56,9,75,42,20,20,0],"gold":220,"neow_bonus":"BOSS_RELIC","is_prod":false,"is_daily":false,"chose_seed":false,"campfire_upgraded":0,"win_rate":0,"timestamp":1538934290,"path_taken":["M","?","?","?","M","R","$","?","T","?","$","M","M","M","R","BOSS","M","$","M","$","M","R","?","M","T","M","R","?","M","M","R","BOSS","M","M","$","M"],"build_version":"2018-10-04v2","purchased_purges":3,"victory":false,"max_hp_per_floor":[70,70,70,70,70,70,70,70,70,70,70,70,70,70,70,70,70,70,70,70,70,70,70,75,75,75,75,75,75,75,75,75,75,75,75,75,75,75],"card_choices":[{"not_picked":["Acrobatics","Slice"],"picked":"Quick Slash","floor":1},{"not_picked":["Deadly Poison","Endless Agony"],"picked":"Flying Knee","floor":4},{"not_picked":["Dagger Throw","Blade Dance"],"picked":"Sucker Punch","floor":5},{"not_picked":["Outmaneuver","Eviscerate"],"picked":"Well Laid Plans+1","floor":10},{"not_picked":["Prepared","Poisoned Stab"],"picked":"Infinite Blades+1","floor":12},{"not_picked":["Deadly Poison","Dodge and Roll","Predator"],"picked":"SKIP","floor":13},{"not_picked":["Dagger Throw","Distraction"],"picked":"Corpse Explosion","floor":14},{"not_picked":["Glass Knife","Venomology"],"picked":"After Image+1","floor":16},{"not_picked":["Poisoned Stab","Flechettes"],"picked":"Acrobatics","floor":18},{"not_picked":["Slice","Dodge and Roll"],"picked":"Dagger Spray","floor":20},{"not_picked":["Blade Dance","Dodge and Roll","Dagger Throw"],"picked":"SKIP","floor":22},{"not_picked":["Dagger Spray","Quick Slash","Masterful Stab+1"],"picked":"SKIP","floor":25},{"not_picked":["Flying Knee","Heel Hook+1","Slice+1"],"picked":"SKIP","floor":27},{"not_picked":["Unload","Poisoned Stab","Dodge and Roll"],"picked":"SKIP","floor":30},{"not_picked":["Poisoned Stab","Flying Knee","Acrobatics"],"picked":"SKIP","floor":31},{"not_picked":["Glass Knife","Venomology"],"picked":"Tools of the Trade+1","floor":33},{"not_picked":["PiercingWail","Flying Knee"],"picked":"Dodge and Roll+1","floor":35},{"not_picked":["Prepared","Slice"],"picked":"Leg Sweep+1","floor":36}],"player_experience":16964,"relics_obtained":[{"floor":8,"key":"Pen Nib"},{"floor":9,"key":"Frozen Egg 2"},{"floor":26,"key":"Mercury Hourglass"}],"event_choices":[{"event_name":"Scrap Ooze","player_choice":"success","floor":2,"damage_taken":18},{"event_name":"Liars Game","player_choice":"disagreed","floor":3,"damage_taken":0},{"event_name":"Forgotten Altar","player_choice":"Shed Blood","floor":24,"damage_taken":0},{"event_name":"Nest","player_choice":"Stole From Cult","floor":29,"damage_taken":0}],"is_beta":false,"boss_relics":[{"not_picked":["White Beast Statue","Busted Crown"],"picked":"Runic Dome"},{"not_picked":["Lizard Tail","HoveringKite"],"picked":"Philosopher\u0027s Stone"}],"items_purged_floors":[7,19,37],"is_endless":false,"potions_floor_spawned":[5,10,14,16,18,25,27,35],"killed_by":"Spire Growth","ascension_level":0}