{"gold_per_floor":[113,113,113,113,127,102,129,145,145,145,174,191,141,161,161,261,261,276,289,33,33,33,66,66,80,80,80,80,280,296,307,307,410,410,424,21,21,39,39,39,53,53,53,67,84,84,95,95,95,95],"floor_reached":50,"playtime":1570,"items_purged":["Strike_R"],"score":522,"play_id":"a7f3ff93-b1d7-484d-ac20-4c5205932235","local_time":"20190124001343","is_ascension_mode":false,"campfire_choices":[{"data":"Bash","floor":10,"key":"SMITH"},{"data":"Inflame","floor":15,"key":"SMITH"},{"floor":24,"key":"REST"},{"floor":27,"key":"REST"},{"floor":32,"key":"REST"},{"floor":40,"key":"REST"},{"floor":42,"key":"REST"},{"floor":46,"key":"REST"},{"floor":49,"key":"REST"}],"neow_cost":"NONE","seed_source_timestamp":270700637639428,"circlet_count":0,"master_deck":["Strike_R","Strike_R","Defend_R","Defend_R","Defend_R","Defend_R","Bash+1","Iron Wave","Cleave","Bludgeon","Metallicize","Shrug It Off","Impervious","Inflame+1","Juggernaut","Iron Wave+1","Shockwave","RitualDagger+1","Heavy Blade+1","Barricade","Evolve+1","Limit Break","Mind Blast+1","Body Slam+1","Parasite","Body Slam+1","Madness","Madness"],"relics":["Burning Blood","NeowsBlessing","Strawberry","Pear","Bottled Lightning","Question Card","Molten Egg 2","Fusion Hammer","Paper Frog","Blood Vial","Bronze Scales","Busted Crown","Membership Card","Lantern","Meat on the Bone"],"potions_floor_usage":[33,33,47,50,50],"damage_taken":[{"damage":0,"enemies":"Jaw Worm","floor":1,"turns":1},{"damage":0,"enemies":"2 Louse","floor":5,"turns":1},{"damage":0,"enemies":"Gremlin Nob","floor":7,"turns":1},{"damage":0,"enemies":"Small Slimes","floor":8,"turns":2},{"damage":29,"enemies":"3 Sentries","floor":11,"turns":11},{"damage":1,"enemies":"Blue Slaver","floor":12,"turns":3},{"damage":9,"enemies":"2 Fungi Beasts","floor":14,"turns":4},{"damage":61,"enemies":"Slime Boss","floor":16,"turns":16},{"damage":5,"enemies":"Chosen","floor":18,"turns":5},{"damage":15,"enemies":"Spheric Guardian","floor":19,"turns":4},{"damage":29,"enemies":"Gremlin Leader","floor":23,"turns":6},{"damage":22,"enemies":"Chosen and Byrds","floor":25,"turns":6},{"damage":32,"enemies":"Snake Plant","floor":30,"turns":3},{"damage":26,"enemies":"Centurion and Healer","floor":31,"turns":6},{"damage":46,"enemies":"Automaton","floor":33,"turns":11},{"damage":21,"enemies":"Orb Walker","floor":35,"turns":6},{"damage":9,"enemies":"3 Darklings","floor":38,"turns":6},{"damage":38,"enemies":"Jaw Worm Horde","floor":41,"turns":5},{"damage":34,"enemies":"Writhing Mass","floor":44,"turns":7},{"damage":18,"enemies":"Sphere and 2 Shapes","floor":45,"turns":4},{"damage":52,"enemies":"Spire Growth","floor":47,"turns":5},{"damage":81,"enemies":"Awakened One","floor":50,"turns":6}],"seed_played":"-5107401949345443170","potions_obtained":[{"floor":1,"key":"Dexterity Potion"},{"floor":7,"key":"Regen Potion"},{"floor":23,"key":"Block Potion"},{"floor":41,"key":"Strength Potion"},{"floor":47,"key":"EssenceOfSteel"}],"is_trial":false,"path_per_floor":["M","?","?","?","M","$","E","M","T","R","E","M","?","M","R","B",null,"M","M","$","?","$","E","R","M","T","R","?","?","M","M","R","B",null,"M","$","?","M","?","R","M","R","T","M","M","R","M","?","R","B"],"character_chosen":"IRONCLAD","items_purchased":["Cleave","Paper Frog","Mind Blast+1","Membership Card","Lantern"],"campfire_rested":7,"item_purchase_floors":[6,20,36,36,36],"current_hp_per_floor":[80,87,90,83,89,89,95,97,97,97,74,79,79,76,76,21,97,97,88,88,82,82,59,88,74,74,97,97,97,71,53,82,59,97,82,82,82,81,81,97,65,94,94,68,58,87,55,43,72,0],"gold":95,"neow_bonus":"THREE_ENEMY_KILL","is_prod":false,"is_daily":false,"chose_seed":false,"campfire_upgraded":2,"win_rate":0,"timestamp":1548260023,"path_taken":["M","?","?","?","M","?","E","M","T","R","E","M","?","M","R","BOSS","M","M","$","?","?","E","R","M","T","R","?","?","?","M","R","BOSS","M","$","?","?","?","R","M","R","T","M","M","R","M","?","R","BOSS"],"build_version":"2019-01-17v2","purchased_purges":1,"victory":false,"max_hp_per_floor":[80,87,97,97,97,97,97,97,97,97,97,97,97,97,97,97,97,97,97,97,97,97,97,97,97,97,97,97,97,97,97,97,97,97,97,97,97,97,97,97,97,97,97,97,97,97,97,97,97,97],"card_choices":[{"not_picked":["Uppercut","Seeing Red"],"picked":"Iron Wave","floor":1},{"not_picked":["Rage","Headbutt","Sword Boomerang"],"picked":"SKIP","floor":5},{"not_picked":["Dual Wield","Feel No Pain"],"picked":"Bludgeon","floor":7},{"not_picked":["Wild Strike","Clash"],"picked":"Metallicize","floor":8},{"not_picked":["Seeing Red","Warcry","Sword Boomerang"],"picked":"Shrug It Off","floor":11},{"not_picked":["Reckless Charge+1","Fire Breathing","Cleave+1"],"picked":"Impervious","floor":12},{"not_picked":["Warcry","Sword Boomerang+1","Anger+1"],"picked":"Inflame","floor":14},{"not_picked":["Exhume","Impervious","Reaper+1"],"picked":"Juggernaut","floor":16},{"not_picked":["Anger+1","Armaments+1","Body Slam+1"],"picked":"Iron Wave+1","floor":18},{"not_picked":["Disarm","Ghostly Armor","Perfected Strike+1"],"picked":"Shockwave","floor":19},{"not_picked":["Wild Strike+1","Flame Barrier","True Grit"],"picked":"Heavy Blade+1","floor":23},{"not_picked":["Carnage+1","Body Slam+1","Twin Strike+1"],"picked":"Barricade","floor":25},{"not_picked":["Anger+1","Thunderclap+1","Clothesline+1"],"picked":"Armaments+1","floor":30},{"not_picked":["Thunderclap+1","Shrug It Off","Reckless Charge+1"],"picked":"Evolve+1","floor":31},{"not_picked":["Brutality","Impervious","Offering"],"picked":"Limit Break","floor":33},{"not_picked":["Thunderclap+1","Sword Boomerang+1"],"picked":"SKIP","floor":35},{"not_picked":["Pommel Strike+1","Sword Boomerang+1"],"picked":"SKIP","floor":38},{"not_picked":["Clash+1"],"picked":"Body Slam+1","floor":41},{"not_picked":["Intimidate"],"picked":"Body Slam+1","floor":44},{"not_picked":["Sword Boomerang+1","Shockwave"],"picked":"SKIP","floor":45},{"not_picked":["Twin Strike+1","Second Wind+1"],"picked":"SKIP","floor":47}],"player_experience":132736,"relics_obtained":[{"floor":7,"key":"Bottled Lightning"},{"floor":9,"key":"Question Card"},{"floor":11,"key":"Molten Egg 2"},{"floor":23,"key":"Blood Vial"},{"floor":26,"key":"Bronze Scales"},{"floor":43,"key":"Meat on the Bone"}],"event_choices":[{"damage_healed":0,"gold_gain":0,"player_choice":"Box","damage_taken":0,"relics_obtained":["Strawberry"],"max_hp_gain":0,"max_hp_loss":0,"event_name":"Big Fish","floor":2,"gold_loss":0,"cards_obtained":["Regret"]},{"damage_healed":0,"gold_gain":0,"player_choice":"Success","damage_taken":7,"relics_obtained":["Pear"],"max_hp_gain":0,"max_hp_loss":0,"event_name":"Scrap Ooze","floor":3,"gold_loss":0},{"cards_removed":["Regret"],"damage_healed":0,"gold_gain":0,"player_choice":"Card Removal","damage_taken":7,"max_hp_gain":0,"max_hp_loss":0,"event_name":"Golden Wing","floor":4,"gold_loss":0},{"cards_removed":["Strike_R"],"damage_healed":0,"gold_gain":0,"player_choice":"Card Removal","damage_taken":0,"max_hp_gain":0,"max_hp_loss":0,"event_name":"The Cleric","floor":13,"gold_loss":50},{"damage_healed":0,"gold_gain":0,"player_choice":"Joined the Cult","damage_taken":6,"max_hp_gain":0,"max_hp_loss":0,"event_name":"Nest","floor":21,"gold_loss":0,"cards_obtained":["RitualDagger"]},{"damage_healed":0,"gold_gain":0,"player_choice":"Ignored","damage_taken":0,"max_hp_gain":0,"max_hp_loss":0,"event_name":"Ghosts","floor":28,"gold_loss":0},{"damage_healed":0,"gold_gain":250,"player_choice":"Bet on Owner","damage_taken":0,"max_hp_gain":0,"max_hp_loss":0,"event_name":"The Joust","floor":29,"gold_loss":50},{"cards_removed":["Strike_R"],"damage_healed":0,"gold_gain":0,"player_choice":"Purged","damage_taken":0,"max_hp_gain":0,"max_hp_loss":0,"event_name":"Purifier","floor":37,"gold_loss":0},{"cards_removed":["Armaments"],"damage_healed":0,"gold_gain":0,"player_choice":"Removed Skill","damage_taken":0,"max_hp_gain":0,"max_hp_loss":0,"event_name":"Falling","floor":39,"gold_loss":0},{"damage_healed":0,"gold_gain":0,"player_choice":"Embrace Madness","damage_taken":12,"max_hp_gain":0,"max_hp_loss":0,"event_name":"Winding Halls","floor":48,"gold_loss":0,"cards_obtained":["Madness","Madness"]}],"is_beta":false,"boss_relics":[{"not_picked":["Calling Bell","Orrery"],"picked":"Fusion Hammer"},{"not_picked":["Mark of Pain","Lizard Tail"],"picked":"Busted Crown"}],"items_purged_floors":[36],"is_endless":false,"potions_floor_spawned":[1,7,23,25,41,47],"killed_by":"Awakened One","ascension_level":0}