{"gold_per_floor":[116,116,129,54,70,70,85,104,104,121,139,39,50,69,69,69],"floor_reached":16,"playtime":380,"items_purged":["Defend_R","Defend_R"],"score":123,"play_id":"9eec852c-0b7f-4681-bfa0-d6268fef9884","local_time":"20180921174859","is_ascension_mode":false,"campfire_choices":[{"data":"Bash","floor":15,"key":"SMITH"}],"neow_cost":"NONE","seed_source_timestamp":1119297258226284,"circlet_count":0,"master_deck":["Strike_R","Strike_R","Strike_R","Strike_R","Strike_R","Defend_R","Defend_R","Bash+1","Fiend Fire","Thunderclap","Flex","Flex","Cleave","Flex","Flex"],"relics":["Burning Blood","Blue Candle"],"potions_floor_usage":[16,16],"damage_taken":[{"damage":19,"enemies":"Small Slimes","floor":1,"turns":4},{"damage":1,"enemies":"2 Louse","floor":3,"turns":3},{"damage":11,"enemies":"Jaw Worm","floor":5,"turns":2},{"damage":11,"enemies":"Lots of Slimes","floor":7,"turns":3},{"damage":8,"enemies":"2 Fungi Beasts","floor":8,"turns":3},{"damage":9,"enemies":"Blue Slaver","floor":10,"turns":3},{"damage":16,"enemies":"Lots of Slimes","floor":11,"turns":4},{"damage":10,"enemies":"Looter","floor":13,"turns":2},{"damage":6,"enemies":"3 Louse","floor":14,"turns":2},{"damage":48,"enemies":"Hexaghost","floor":16,"turns":8}],"seed_played":"-3993802837770243268","potions_obtained":[{"floor":3,"key":"GamblersBrew"},{"floor":8,"key":"Weak Potion"},{"floor":14,"key":"Fire Potion"}],"is_trial":false,"path_per_floor":["M","?","M","$","M","?","M","M","T","M","M","$","M","M","R"],"character_chosen":"IRONCLAD","items_purchased":[],"campfire_rested":0,"item_purchase_floors":[],"current_hp_per_floor":[67,72,77,77,72,72,67,65,65,62,52,52,48,48,48,0],"gold":69,"neow_bonus":"ONE_RANDOM_RARE_CARD","is_prod":false,"is_daily":false,"chose_seed":false,"campfire_upgraded":1,"win_rate":0,"timestamp":1537566539,"path_taken":["M","?","M","$","M","?","M","M","T","M","M","$","M","M","R","BOSS"],"build_version":"2018-09-20","purchased_purges":2,"victory":false,"max_hp_per_floor":[80,85,85,85,85,85,85,85,85,85,85,85,85,85,85,85],"card_choices":[{"not_picked":["Armaments","Inflame"],"picked":"Thunderclap","floor":1},{"not_picked":["Clothesline","Perfected Strike"],"picked":"Flex","floor":3},{"not_picked":["Thunderclap","Warcry","True Grit"],"picked":"SKIP","floor":5},{"not_picked":["Second Wind","Feed"],"picked":"Flex","floor":7},{"not_picked":["Shrug It Off","Bloodletting","Pommel Strike"],"picked":"SKIP","floor":8},{"not_picked":["Seeing Red","Metallicize"],"picked":"Cleave","floor":10},{"not_picked":["Carnage","Heavy Blade","Anger"],"picked":"SKIP","floor":11},{"not_picked":["Heavy Blade","Entrench"],"picked":"Flex","floor":13},{"not_picked":["Wild Strike","Pommel Strike"],"picked":"Flex","floor":14}],"player_experience":2805608,"relics_obtained":[{"floor":9,"key":"Blue Candle"}],"event_choices":[{"event_name":"Big Fish","player_choice":"Donut","floor":2,"damage_taken":0},{"event_name":"Golden Idol","player_choice":"Ignored","floor":6,"damage_taken":0}],"is_beta":false,"boss_relics":[],"items_purged_floors":[4,12],"is_endless":false,"potions_floor_spawned":[3,8,14],"killed_by":"Hexaghost","ascension_level":0}