{"gold_per_floor":[115,68,82,92,92,92,121,144,190,220,232,262,274,286,298,310],"floor_reached":16,"playtime":697,"items_purged":["Strike_G"],"score":102,"play_id":"e29bcea5-7c3b-4e31-81c9-30955cf3672d","local_time":"20190108001614","is_ascension_mode":false,"campfire_choices":[{"data":"Neutralize","floor":6,"key":"SMITH"},{"floor":11,"key":"REST"},{"floor":15,"key":"REST"}],"neow_cost":"NONE","seed_source_timestamp":819642721753476,"circlet_count":0,"master_deck":["Defend_G","Defend_G","Defend_G","Defend_G","Defend_G","Strike_G","Strike_G","Strike_G","Strike_G","Survivor","Neutralize+1","Draining Mist","Fluid Movement","Dagger Throw","Backflip","Clumsy","Dodge and Roll","Dagger Throw","Flying Knee","Hidden Blade","Riddle With Holes","Parasite"],"relics":["Ring of the Snake","MawBank","Membership Card"],"potions_floor_usage":[7,9,10],"damage_taken":[{"damage":7,"enemies":"Small Slimes","floor":1,"turns":5},{"damage":2,"enemies":"Cultist","floor":3,"turns":5},{"damage":10,"enemies":"Jaw Worm","floor":4,"turns":5},{"damage":38,"enemies":"Lagavulin","floor":7,"turns":8},{"damage":13,"enemies":"2 Fungi Beasts","floor":8,"turns":4},{"damage":0,"enemies":"Large Slime","floor":9,"turns":9},{"damage":0,"enemies":"Large Slime","floor":10,"turns":5},{"damage":1,"enemies":"Looter","floor":12,"turns":4},{"damage":52,"enemies":"The Guardian","floor":16,"turns":13}],"seed_played":"2906762948603558966","potions_obtained":[{"floor":1,"key":"Elixir"},{"floor":3,"key":"SpeedPotion"},{"floor":8,"key":"Ancient Potion"}],"is_trial":false,"path_per_floor":["M","$","M","M","?","R","E","M","MIM","M","R","M","$","?","R","B"],"character_chosen":"THE_SILENT","items_purchased":["Fluid Movement","Membership Card"],"campfire_rested":2,"item_purchase_floors":[2,13],"current_hp_per_floor":[70,70,68,58,58,58,20,7,7,7,30,29,1,20,43,0],"gold":310,"neow_bonus":"TEN_PERCENT_HP_BONUS","is_prod":false,"is_daily":false,"chose_seed":false,"campfire_upgraded":1,"win_rate":0,"timestamp":1546877774,"path_taken":["M","$","M","M","?","R","E","M","MIM","M","R","M","?","?","R","BOSS"],"build_version":"2019-01-03v4","purchased_purges":1,"victory":false,"max_hp_per_floor":[77,77,77,77,77,77,77,77,77,77,77,77,77,77,77,77],"card_choices":[{"not_picked":["Cloak And Dagger","Sucker Punch"],"picked":"Draining Mist","floor":1},{"not_picked":["ReplayTheSpireMod:Exploit Weakness","Deadly Poison"],"picked":"Dagger Throw","floor":3},{"not_picked":["Expertise","Acrobatics"],"picked":"Backflip","floor":4},{"not_picked":["Blur","Bane"],"picked":"Dodge and Roll","floor":7},{"not_picked":["Masterful Stab","Deflect"],"picked":"Dagger Throw","floor":8},{"not_picked":["Poisoned Stab","Slice"],"picked":"Flying Knee","floor":9},{"not_picked":["Acrobatics","Bane"],"picked":"Hidden Blade","floor":10},{"not_picked":["Quick Slash","Escape Plan"],"picked":"Riddle With Holes","floor":12}],"player_experience":85985,"relics_obtained":[{"floor":7,"key":"MawBank"}],"event_choices":[{"damage_healed":0,"gold_gain":0,"player_choice":"1 cards matched","damage_taken":0,"max_hp_gain":0,"max_hp_loss":0,"event_name":"Match and Keep!","floor":5,"gold_loss":0,"cards_obtained":["Clumsy"]},{"damage_healed":19,"gold_gain":0,"player_choice":"Healed and dodged fight","damage_taken":0,"max_hp_gain":0,"max_hp_loss":0,"event_name":"Mushrooms","floor":14,"gold_loss":0,"cards_obtained":["Parasite"]}],"is_beta":false,"boss_relics":[],"items_purged_floors":[13],"is_endless":false,"potions_floor_spawned":[1,3,8],"killed_by":"The Guardian","ascension_level":0}