{"gold_per_floor":[359,376,46,61,78,78,113,113,194,194,194,194,40,5,5,101,101,41,71,71,82,92,92,22,22,68,97,97,129,129,161,161,264,264,277,277,291,291,302,302,320,320,403,403,403,35,46,58,58,58],"floor_reached":51,"playtime":14035,"items_purged":["Pain","Strike_G"],"score":1056,"play_id":"cf554a63-106f-47ca-afb4-0c36a05409af","local_time":"20181016230831","is_ascension_mode":true,"campfire_choices":[{"floor":6,"key":"REST"},{"floor":8,"key":"REST"},{"floor":10,"key":"REST"},{"data":"Noxious Fumes","floor":15,"key":"SMITH"},{"data":"Cloak And Dagger","floor":23,"key":"SMITH"},{"data":"PiercingWail","floor":28,"key":"SMITH"},{"data":"PiercingWail","floor":30,"key":"SMITH"},{"floor":32,"key":"REST"},{"data":"Malaise","floor":40,"key":"SMITH"},{"floor":42,"key":"REST"},{"data":"PiercingWail","floor":45,"key":"SMITH"},{"floor":49,"key":"REST"}],"neow_cost":"PERCENT_DAMAGE","seed_source_timestamp":186279234757894,"circlet_count":0,"master_deck":["Defend_G","Defend_G","Defend_G","Defend_G","Defend_G","Strike_G","Strike_G","Strike_G+1","Survivor","Neutralize","AscendersBane","Noxious Fumes+1","Cloak And Dagger+1","Well Laid Plans+1","Sucker Punch+1","PiercingWail+1","Bouncing Flask","Infinite Blades+1","Wraith Form v2+1","Noxious Fumes+1","PiercingWail+1","Dagger Spray","Accuracy+1","Slice+1","PiercingWail+1","Blur+1","Footwork+1","Wraith Form v2+1","Caltrops+1","Calculated Gamble","Malaise+1","Acrobatics+1","Finisher","Prepared+1","Calculated Gamble+1","Backflip+1","PiercingWail+1","Prepared+1","Backflip+1","Skewer","Well Laid Plans+1","Escape Plan"],"relics":["Ring of the Snake","Frozen Egg 2","Prayer Wheel","Shuriken","WarpedTongs","White Beast Statue","Red Mask","Happy Flower","Boot","Whetstone","Question Card","Philosopher\u0027s Stone","Torii","Tiny Chest","Chemical X"],"potions_floor_usage":[16,19,19,27,50],"damage_taken":[{"damage":5,"enemies":"Small Slimes","floor":1,"turns":8},{"damage":4,"enemies":"Cultist","floor":2,"turns":4},{"damage":2,"enemies":"2 Louse","floor":4,"turns":4},{"damage":7,"enemies":"2 Fungi Beasts","floor":5,"turns":5},{"damage":42,"enemies":"Gremlin Nob","floor":7,"turns":6},{"damage":28,"enemies":"Slime Boss","floor":16,"turns":9},{"damage":5,"enemies":"2 Thieves","floor":18,"turns":4},{"damage":14,"enemies":"Masked Bandits","floor":19,"turns":5},{"damage":2,"enemies":"Chosen","floor":21,"turns":5},{"damage":2,"enemies":"Snecko","floor":22,"turns":5},{"damage":8,"enemies":"Slavers","floor":27,"turns":6},{"damage":3,"enemies":"Gremlin Leader","floor":29,"turns":7},{"damage":3,"enemies":"Slavers","floor":31,"turns":7},{"damage":49,"enemies":"Collector","floor":33,"turns":10},{"damage":3,"enemies":"3 Darklings","floor":35,"turns":6},{"damage":0,"enemies":"3 Shapes","floor":37,"turns":5},{"damage":1,"enemies":"Mind Bloom Boss Battle","floor":38,"turns":9},{"damage":3,"enemies":"Reptomancer","floor":39,"turns":6},{"damage":11,"enemies":"Spire Growth","floor":41,"turns":7},{"damage":1,"enemies":"3 Darklings","floor":47,"turns":7},{"damage":1,"enemies":"4 Shapes","floor":48,"turns":8},{"damage":43,"enemies":"Awakened One","floor":50,"turns":16}],"seed_played":"1697354325135726848","potions_obtained":[{"floor":1,"key":"Weak Potion"},{"floor":5,"key":"LiquidBronze"},{"floor":16,"key":"SteroidPotion"},{"floor":18,"key":"Regen Potion"},{"floor":19,"key":"GamblersBrew"},{"floor":21,"key":"SpeedPotion"},{"floor":22,"key":"Ancient Potion"},{"floor":27,"key":"GhostInAJar"}],"is_trial":false,"path_per_floor":["M","M","$","M","M","R","E","R","T","R","?","?","$","?","R","B",null,"M","?","?","M","M","R","$","?","T","E","R","E","R","E","R","B",null,"M","?","M","?","M","R","M","R","T","?","R","$","M","M","R","B"],"character_chosen":"THE_SILENT","items_purchased":["Frozen Egg 2","Well Laid Plans+1","Infinite Blades+1","Footwork+1","Chemical X","Skewer"],"campfire_rested":6,"item_purchase_floors":[3,3,13,24,46,46],"current_hp_per_floor":[40,36,36,34,27,48,6,27,27,48,48,48,48,65,65,37,62,57,58,58,56,54,54,54,54,54,46,46,43,43,40,61,12,56,53,53,53,52,49,49,38,59,59,59,59,59,58,57,70,27],"gold":58,"neow_bonus":"TWO_FIFTY_GOLD","is_prod":false,"is_daily":false,"chose_seed":false,"campfire_upgraded":6,"win_rate":0,"timestamp":1539745711,"path_taken":["M","M","$","M","M","R","E","R","T","R","?","?","$","?","R","BOSS","M","?","?","M","M","R","?","?","T","E","R","E","R","E","R","BOSS","M","?","?","?","M","R","M","R","T","?","R","$","M","M","R","BOSS"],"build_version":"2018-10-11","purchased_purges":2,"victory":true,"max_hp_per_floor":[70,70,70,70,70,70,70,70,70,70,70,70,70,70,70,70,70,70,70,70,70,70,70,70,70,70,70,70,70,70,70,70,70,70,70,70,70,70,70,70,70,70,70,70,70,70,70,70,70,70],"card_choices":[{"not_picked":["Predator","Poisoned Stab"],"picked":"Noxious Fumes","floor":1},{"not_picked":["Quick Slash","Prepared"],"picked":"Cloak And Dagger","floor":2},{"not_picked":["Masterful Stab","Cloak And Dagger"],"picked":"Sucker Punch","floor":4},{"not_picked":["Concentrate","Cloak And Dagger"],"picked":"PiercingWail","floor":5},{"not_picked":["Flying Knee","Eviscerate"],"picked":"Bouncing Flask","floor":7},{"not_picked":["Adrenaline","Storm of Steel"],"picked":"Wraith Form v2+1","floor":16},{"not_picked":["Heel Hook","Sucker Punch"],"picked":"Noxious Fumes+1","floor":18},{"not_picked":["Deadly Poison","Backflip"],"picked":"PiercingWail","floor":18},{"not_picked":["Acrobatics","Dagger Throw+1"],"picked":"Dagger Spray","floor":19},{"not_picked":["Endless Agony","Eviscerate"],"picked":"Accuracy+1","floor":21},{"not_picked":["Skewer","Deflect"],"picked":"Slice+1","floor":21},{"not_picked":["Deflect","Acrobatics"],"picked":"PiercingWail+1","floor":22},{"not_picked":["Dagger Throw+1","Acrobatics+1"],"picked":"Blur+1","floor":22},{"not_picked":["Dagger Spray","Expertise","Venomology"],"picked":"SKIP","floor":27},{"not_picked":["Distraction","Masterful Stab"],"picked":"Caltrops+1","floor":29},{"not_picked":["Poisoned Stab","Bane"],"picked":"Calculated Gamble","floor":31},{"not_picked":["Adrenaline","Unload","Envenom+1"],"picked":"Malaise","floor":33},{"not_picked":["Prepared","Flying Knee+1","Deadly Poison"],"picked":"Acrobatics+1","floor":35},{"not_picked":["Flechettes+1","Calculated Gamble","Distraction","Reflex+1"],"picked":"SKIP","floor":35},{"not_picked":["Footwork+1","Underhanded Strike","Quick Slash+1"],"picked":"Prepared+1","floor":37},{"not_picked":["Choke","Deflect","Blade Dance"],"picked":"Calculated Gamble+1","floor":37},{"not_picked":["Heel Hook","Dagger Spray","Footwork+1"],"picked":"Backflip+1","floor":39},{"not_picked":["Quick Slash","Slice+1","Dodge and Roll+1"],"picked":"PiercingWail","floor":39},{"not_picked":["Quick Slash","Riddle With Holes+1","Envenom+1"],"picked":"Prepared+1","floor":41},{"not_picked":["Reflex+1","Bane","Endless Agony"],"picked":"Backflip+1","floor":41},{"not_picked":["Accuracy+1","Reflex","Quick Slash"],"picked":"Well Laid Plans+1","floor":47},{"not_picked":["Dagger Spray+1","Quick Slash+1","Deadly Poison"],"picked":"Escape Plan","floor":47},{"not_picked":["Reflex","Dodge and Roll","A Thousand Cuts+1","Sucker Punch"],"picked":"SKIP","floor":48},{"not_picked":["Slice+1","Deadly Poison+1","Distraction+1","Prepared+1"],"picked":"SKIP","floor":48}],"player_experience":3062448,"relics_obtained":[{"floor":7,"key":"Prayer Wheel"},{"floor":9,"key":"Shuriken"},{"floor":19,"key":"Red Mask"},{"floor":26,"key":"Happy Flower"},{"floor":27,"key":"Boot"},{"floor":29,"key":"Whetstone"},{"floor":31,"key":"Question Card"},{"floor":38,"key":"Torii"},{"floor":43,"key":"Tiny Chest"}],"event_choices":[{"event_name":"The Woman in Blue","player_choice":"Bought 0 Potions","floor":11,"damage_taken":0},{"event_name":"Accursed Blacksmith","player_choice":"Rummage","floor":12,"damage_taken":0},{"event_name":"The Cleric","player_choice":"Healed","floor":14,"damage_taken":0},{"event_name":"Masked Bandits","player_choice":"Fought Bandits","floor":19,"damage_taken":0},{"event_name":"The Library","player_choice":"Read","floor":25,"damage_taken":0},{"event_name":"Transmorgrifier","player_choice":"Transform","floor":36,"damage_taken":0},{"event_name":"MindBloom","player_choice":"Fight","floor":38,"damage_taken":0},{"event_name":"SensoryStone","player_choice":"Memory 1","floor":44,"damage_taken":0}],"is_beta":false,"boss_relics":[{"not_picked":["WristBlade","Tiny House"],"picked":"White Beast Statue"},{"not_picked":["Runic Dome","Orrery"],"picked":"Philosopher\u0027s Stone"}],"items_purged_floors":[13,46],"is_endless":false,"potions_floor_spawned":[1,5,16,18,19,21,22,27,29,31,33,35,37,38,39,41,47,48],"ascension_level":11}