{"gold_per_floor":[117,137,137,155,168,168,179,179,206,206,239,258,258,293,305,413,425,456,41,41,53,53,84,84,104,404,423,423,441,441,476,476,575,575,595,595,347,359,371,371,371,46,72,0,15,29,29,43,43,43,43,43,43,75,75],"floor_reached":56,"playtime":5343,"items_purged":["Strike_G","Strike_G","Strike_G"],"score":1304,"play_id":"c8c1d796-018d-43d6-804b-dc4a4b07de82","local_time":"20181118001900","is_ascension_mode":false,"campfire_choices":[{"data":"Catalyst","floor":6,"key":"SMITH"},{"data":"Corpse Explosion","floor":8,"key":"SMITH"},{"data":"Dagger Spray","floor":10,"key":"SMITH"},{"data":"Deadly Poison","floor":15,"key":"SMITH"},{"data":"Catalyst","floor":24,"key":"SMITH"},{"data":"RitualDagger","floor":28,"key":"SMITH"},{"data":"Adrenaline","floor":30,"key":"SMITH"},{"data":"Leg Sweep","floor":32,"key":"SMITH"},{"floor":40,"key":"RECALL"},{"data":"PiercingWail","floor":47,"key":"SMITH"},{"data":"Dark Shackles","floor":49,"key":"SMITH"},{"data":"PiercingWail","floor":52,"key":"SMITH"}],"neow_cost":"NONE","seed_source_timestamp":191830771794692,"circlet_count":0,"master_deck":["Defend_G","Defend_G","Defend_G+1","Defend_G+1","Defend_G","Survivor","Neutralize+1","Catalyst+1","Dagger Spray+1","Corpse Explosion+1","PiercingWail+1","Deadly Poison+1","Adrenaline+1","Escape Plan","Leg Sweep+1","RitualDagger+1","Catalyst+1","Corpse Explosion","Infinite Blades","Caltrops+1","Dark Shackles+1","PiercingWail+1","Acrobatics","Leg Sweep+1"],"relics":["Ring of the Snake","Happy Flower","Bronze Scales","MawBank","Runic Pyramid","Bag of Preparation","Medical Kit","War Paint","Old Coin","Omamori","HoveringKite","Lantern","Bag of Marbles","Red Mask","Toxic Egg 2"],"potions_floor_usage":[11,11,23,31,55,55],"damage_taken":[{"damage":2,"enemies":"Small Slimes","floor":1,"turns":5},{"damage":0,"enemies":"Jaw Worm","floor":2,"turns":5},{"damage":1,"enemies":"Cultist","floor":4,"turns":4},{"damage":0,"enemies":"2 Fungi Beasts","floor":5,"turns":5},{"damage":5,"enemies":"Exordium Wildlife","floor":7,"turns":4},{"damage":1,"enemies":"3 Sentries","floor":11,"turns":3},{"damage":0,"enemies":"Large Slime","floor":12,"turns":6},{"damage":8,"enemies":"Lagavulin","floor":14,"turns":4},{"damage":9,"enemies":"Hexaghost","floor":16,"turns":7},{"damage":0,"enemies":"3 Byrds","floor":18,"turns":2},{"damage":0,"enemies":"Spheric Guardian","floor":21,"turns":3},{"damage":0,"enemies":"Gremlin Leader","floor":23,"turns":4},{"damage":0,"enemies":"Snake Plant","floor":25,"turns":4},{"damage":0,"enemies":"Cultist and Chosen","floor":27,"turns":3},{"damage":0,"enemies":"Sentry and Sphere","floor":29,"turns":3},{"damage":13,"enemies":"Slavers","floor":31,"turns":3},{"damage":3,"enemies":"Collector","floor":33,"turns":6},{"damage":0,"enemies":"3 Shapes","floor":35,"turns":3},{"damage":0,"enemies":"3 Darklings","floor":38,"turns":2},{"damage":0,"enemies":"Maw","floor":39,"turns":6},{"damage":0,"enemies":"Writhing Mass","floor":45,"turns":2},{"damage":0,"enemies":"Jaw Worm Horde","floor":46,"turns":2},{"damage":0,"enemies":"Sphere and 2 Shapes","floor":48,"turns":1},{"damage":0,"enemies":"Time Eater","floor":50,"turns":6},{"damage":0,"enemies":"Shield and Spear","floor":54,"turns":2},{"damage":37,"enemies":"The Heart","floor":55,"turns":7}],"seed_played":"6016308414455469570","potions_obtained":[{"floor":2,"key":"Block Potion"},{"floor":4,"key":"AttackPotion"},{"floor":12,"key":"Energy Potion"},{"floor":16,"key":"Weak Potion"},{"floor":18,"key":"Weak Potion"},{"floor":25,"key":"GamblersBrew"},{"floor":27,"key":"PowerPotion"},{"floor":31,"key":"SpeedPotion"},{"floor":33,"key":"Block Potion"},{"floor":39,"key":"Dexterity Potion"}],"is_trial":false,"path_per_floor":["M","M","?","M","M","R","M","R","T","R","E","M","?","E","R","B",null,"M","$","?","M","?","E","R","M","T","M","R","M","R","E","R","B",null,"M","?","$","M","M","R","?","$","T","?","M","M","R","M","R","B",null,"R","$","E","B",null],"character_chosen":"THE_SILENT","items_purchased":["Bag of Preparation","Medical Kit","Lantern","Bag of Marbles","PiercingWail"],"campfire_rested":0,"item_purchase_floors":[19,19,37,42,42],"current_hp_per_floor":[68,68,73,72,72,72,67,67,67,67,66,66,66,58,58,49,75,75,75,75,75,69,69,69,69,69,69,69,69,69,56,56,53,75,75,75,75,75,75,75,75,75,75,75,75,75,75,75,75,75,75,75,75,75,38],"gold":75,"neow_bonus":"UPGRADE_CARD","is_prod":false,"is_daily":false,"chose_seed":false,"campfire_upgraded":11,"win_rate":0,"timestamp":1542518340,"path_taken":["M","M","?","M","M","R","M","R","T","R","E","M","?","E","R","BOSS","M","$","?","M","?","E","R","M","T","M","R","M","R","E","R","BOSS","M","?","?","M","M","R","?","$","T","?","M","?","R","M","R","BOSS","R","$","E","BOSS"],"build_version":"2018-11-15","purchased_purges":3,"victory":true,"max_hp_per_floor":[70,70,75,75,75,75,75,75,75,75,75,75,75,75,75,75,75,75,75,75,75,75,75,75,75,75,75,75,75,75,75,75,75,75,75,75,75,75,75,75,75,75,75,75,75,75,75,75,75,75,75,75,75,75,75],"card_choices":[{"not_picked":["Blade Dance","Concentrate","Dodge and Roll"],"picked":"SKIP","floor":1},{"not_picked":["Dagger Throw","Flying Knee"],"picked":"Catalyst","floor":2},{"not_picked":["Cloak And Dagger","Endless Agony"],"picked":"Dagger Spray","floor":4},{"not_picked":["Flechettes","Backflip"],"picked":"Corpse Explosion","floor":5},{"not_picked":["Choke","Dagger Spray","Prepared"],"picked":"SKIP","floor":7},{"not_picked":["Slice","Blade Dance"],"picked":"PiercingWail","floor":11},{"not_picked":["Underhanded Strike","Distraction","Prepared"],"picked":"SKIP","floor":12},{"not_picked":["Die Die Die","Tactician"],"picked":"Deadly Poison","floor":14},{"not_picked":["A Thousand Cuts","Storm of Steel"],"picked":"Adrenaline","floor":16},{"not_picked":["Cloak And Dagger+1","Quick Slash"],"picked":"Escape Plan","floor":18},{"not_picked":["Bane","Expertise+1","Sucker Punch"],"picked":"SKIP","floor":21},{"not_picked":["Adrenaline","Deadly Poison"],"picked":"Catalyst","floor":23},{"not_picked":["All Out Attack+1","Choke","Slice"],"picked":"SKIP","floor":25},{"not_picked":["Dodge and Roll","Dash","Outmaneuver+1"],"picked":"SKIP","floor":27},{"not_picked":["Blade Dance+1","Predator","Deadly Poison"],"picked":"SKIP","floor":29},{"not_picked":["Blade Dance","Dagger Throw","Finisher"],"picked":"SKIP","floor":31},{"not_picked":["Phantasmal Killer","Envenom"],"picked":"Corpse Explosion","floor":33},{"not_picked":["Concentrate","Backflip","Poisoned Stab"],"picked":"SKIP","floor":35},{"not_picked":["Deadly Poison","Terror"],"picked":"Caltrops+1","floor":38},{"not_picked":["Slice","Terror","Prepared"],"picked":"SKIP","floor":39},{"not_picked":["PanicButton","Chrysalis"],"picked":"Dark Shackles","floor":41},{"not_picked":["Terror","Cloak And Dagger"],"picked":"Acrobatics","floor":45},{"not_picked":["Flechettes","Deadly Poison","Dagger Spray+1"],"picked":"SKIP","floor":46},{"not_picked":["Poisoned Stab+1","Eviscerate","Storm of Steel"],"picked":"SKIP","floor":48},{"not_picked":["Outmaneuver","Dash+1"],"picked":"Leg Sweep+1","floor":54}],"player_experience":3374957,"relics_obtained":[{"floor":9,"key":"Happy Flower"},{"floor":11,"key":"Bronze Scales"},{"floor":14,"key":"MawBank"},{"floor":23,"key":"War Paint"},{"floor":26,"key":"Old Coin"},{"floor":31,"key":"Omamori"},{"floor":54,"key":"Toxic Egg 2"}],"event_choices":[{"damage_healed":0,"gold_gain":0,"player_choice":"Donut","damage_taken":0,"max_hp_gain":5,"max_hp_loss":0,"event_name":"Big Fish","floor":3,"gold_loss":0},{"cards_removed":["Strike_G"],"damage_healed":0,"gold_gain":0,"player_choice":"Forget","damage_taken":0,"max_hp_gain":0,"max_hp_loss":0,"event_name":"Living Wall","floor":13,"gold_loss":0},{"damage_healed":0,"gold_gain":0,"player_choice":"Read","damage_taken":0,"max_hp_gain":0,"max_hp_loss":0,"event_name":"The Library","floor":20,"gold_loss":0,"cards_obtained":["Leg Sweep"]},{"damage_healed":0,"gold_gain":0,"player_choice":"Joined the Cult","damage_taken":6,"max_hp_gain":0,"max_hp_loss":0,"event_name":"Nest","floor":22,"gold_loss":0,"cards_obtained":["RitualDagger"]},{"damage_healed":0,"gold_gain":0,"cards_transformed":["Strike_G"],"player_choice":"Transformed","damage_taken":0,"max_hp_gain":0,"max_hp_loss":0,"event_name":"Transmorgrifier","floor":36,"gold_loss":0,"cards_obtained":["Infinite Blades"]},{"damage_healed":0,"gold_gain":0,"player_choice":"Memory 1","damage_taken":0,"max_hp_gain":0,"max_hp_loss":0,"event_name":"SensoryStone","floor":41,"gold_loss":0},{"damage_healed":0,"gold_gain":0,"player_choice":"Paid","damage_taken":0,"relics_obtained":["Red Mask"],"max_hp_gain":0,"max_hp_loss":0,"event_name":"Tomb of Lord Red Mask","floor":44,"gold_loss":72}],"is_beta":false,"boss_relics":[{"not_picked":["Black Star","Ectoplasm"],"picked":"Runic Pyramid"},{"not_picked":["Astrolabe","Velvet Choker"],"picked":"HoveringKite"}],"items_purged_floors":[19,37,42],"is_endless":false,"potions_floor_spawned":[2,4,12,16,18,25,27,31,33,35,39],"ascension_level":0}