{"gold_per_floor":[109,109,209,219,219,219,252,276,365,377,389,421,433,216,216,317,317,306,87,106,120,149,149,161,161,212,228,228,228],"floor_reached":29,"playtime":853,"items_purged":[],"score":223,"play_id":"18261002-fd56-4fcf-a12d-b729ba85d2fe","local_time":"20181129181059","is_ascension_mode":false,"campfire_choices":[{"data":"Dualcast","floor":6,"key":"SMITH"},{"data":"Zap","floor":11,"key":"SMITH"},{"data":"Go for the Eyes","floor":13,"key":"SMITH"},{"data":"Ball Lightning","floor":15,"key":"SMITH"},{"floor":23,"key":"REST"},{"floor":25,"key":"REST"},{"floor":28,"key":"REST"}],"neow_cost":"NONE","seed_source_timestamp":68464125716966,"circlet_count":0,"master_deck":["Strike_B","Strike_B","Strike_B","Strike_B","Defend_B","Defend_B","Defend_B","Defend_B","Zap+1","Dualcast+1","Ball Lightning+1","Cold Snap","Ball Lightning","Go for the Eyes+1","Auto Shields","Thunder Strike","BootSequence","Glacier","Capacitor","Coolheaded+1","Glacier"],"relics":["Cracked Core","MawBank","Darkstone Periapt","Juzu Bracelet","Orrery","Happy Flower","Red Mask","Ancient Tea Set"],"potions_floor_usage":[29],"damage_taken":[{"damage":1,"enemies":"Cultist","floor":1,"turns":3},{"damage":0,"enemies":"Small Slimes","floor":4,"turns":2},{"damage":11,"enemies":"3 Sentries","floor":7,"turns":5},{"damage":4,"enemies":"2 Louse","floor":8,"turns":2},{"damage":8,"enemies":"Exordium Thugs","floor":12,"turns":4},{"damage":21,"enemies":"The Guardian","floor":16,"turns":11},{"damage":17,"enemies":"2 Thieves","floor":18,"turns":4},{"damage":5,"enemies":"Spheric Guardian","floor":20,"turns":4},{"damage":22,"enemies":"3 Cultists","floor":21,"turns":6},{"damage":28,"enemies":"Masked Bandits","floor":22,"turns":6},{"damage":10,"enemies":"Shelled Parasite and Fungi","floor":24,"turns":7},{"damage":8,"enemies":"Centurion and Healer","floor":27,"turns":8},{"damage":0,"enemies":"Sentry and Sphere","floor":29,"turns":7}],"seed_played":"-2137622368065245518","potions_obtained":[{"floor":8,"key":"FocusPotion"},{"floor":12,"key":"FairyPotion"},{"floor":21,"key":"SkillPotion"}],"is_trial":false,"path_per_floor":["M","?","?","M","?","R","E","M","T","$","R","M","R","$","R","B",null,"M","$","M","M","?","R","M","R","T","M","R","M"],"character_chosen":"DEFECT","items_purchased":["Auto Shields","Juzu Bracelet","Happy Flower","Capacitor"],"campfire_rested":3,"item_purchase_floors":[14,14,19,19],"current_hp_per_floor":[74,79,79,79,71,71,60,56,56,56,56,48,48,48,48,27,80,63,63,58,36,8,32,22,46,46,38,62,62],"gold":228,"neow_bonus":"THREE_CARDS","is_prod":false,"is_daily":false,"chose_seed":false,"campfire_upgraded":4,"win_rate":0,"timestamp":1543515059,"path_taken":["M","?","?","?","?","R","E","M","T","$","R","?","R","$","R","BOSS","M","$","M","M","?","R","M","R","T","M","R","M"],"build_version":"2018-11-15","purchased_purges":0,"victory":false,"max_hp_per_floor":[75,80,80,80,80,80,80,80,80,80,80,80,80,80,80,80,80,80,80,80,80,80,80,80,80,80,80,80,80],"card_choices":[{"not_picked":["Hologram","Hello World"],"picked":"Ball Lightning","floor":0},{"not_picked":["Beam Cell","Compile Driver"],"picked":"Cold Snap","floor":1},{"not_picked":["Steam Power","Hello World"],"picked":"Ball Lightning","floor":4},{"not_picked":["Streamline","Barrage"],"picked":"Go for the Eyes","floor":7},{"not_picked":["Consume","Steam Power","Skim"],"picked":"SKIP","floor":8},{"not_picked":["Reprogram","Ball Lightning","Genetic Algorithm"],"picked":"SKIP","floor":12},{"not_picked":["Machine Learning","Reboot"],"picked":"Thunder Strike","floor":16},{"not_picked":["Leap","Recycle"],"picked":"BootSequence","floor":17},{"not_picked":["Redo","Ball Lightning"],"picked":"Glacier","floor":17},{"not_picked":["Heatsinks","Hello World","Cold Snap+1"],"picked":"SKIP","floor":18},{"not_picked":["Leap","Sweeping Beam","Recycle"],"picked":"SKIP","floor":20},{"not_picked":["Recycle+1","Sweeping Beam+1"],"picked":"Coolheaded+1","floor":21},{"not_picked":["Hyperbeam","Rebound"],"picked":"Glacier","floor":22},{"not_picked":["Barrage","Hologram+1","Redo+1"],"picked":"SKIP","floor":24},{"not_picked":["Rebound","Gash+1","Beam Cell"],"picked":"SKIP","floor":27}],"player_experience":837055,"relics_obtained":[{"floor":7,"key":"MawBank"},{"floor":9,"key":"Darkstone Periapt"},{"floor":22,"key":"Red Mask"},{"floor":26,"key":"Ancient Tea Set"}],"event_choices":[{"damage_healed":0,"gold_gain":0,"player_choice":"Donut","damage_taken":0,"max_hp_gain":5,"max_hp_loss":0,"event_name":"Big Fish","floor":2,"gold_loss":0},{"damage_healed":0,"gold_gain":100,"player_choice":"Pray","damage_taken":0,"max_hp_gain":0,"max_hp_loss":0,"event_name":"Golden Shrine","floor":3,"gold_loss":0},{"damage_healed":0,"gold_gain":0,"player_choice":"Damaged","damage_taken":8,"max_hp_gain":0,"max_hp_loss":0,"event_name":"Wheel of Change","floor":5,"gold_loss":0},{"damage_healed":0,"gold_gain":0,"player_choice":"Fought Bandits","damage_taken":0,"max_hp_gain":0,"max_hp_loss":0,"event_name":"Masked Bandits","floor":22,"gold_loss":0}],"is_beta":false,"boss_relics":[{"not_picked":["Astrolabe","Lizard Tail"],"picked":"Orrery"}],"items_purged_floors":[],"is_endless":false,"potions_floor_spawned":[8,12,21,22],"killed_by":"Sentry and Sphere","ascension_level":0}