{"gold_per_floor":[118,118,118,136,153,153,164,164,189,220,220,233,243,256,256,354,354,371,390,400,416,431,431,447,447,447,378,393,173,173,186,186,186],"floor_reached":33,"playtime":1108,"items_purged":[],"score":255,"play_id":"c9eaecc1-cbd7-4dbf-ae3f-1223bbf4e3d4","local_time":"20181216172318","is_ascension_mode":false,"campfire_choices":[{"data":"Dualcast","floor":6.0,"key":"SMITH"},{"data":"Zap","floor":8.0,"key":"SMITH"},{"data":"Echo Form","floor":11.0,"key":"SMITH"},{"data":"Go for the Eyes","floor":15.0,"key":"SMITH"},{"data":"Ball Lightning","floor":23.0,"key":"SMITH"},{"data":"Ball Lightning","floor":25.0,"key":"SMITH"},{"data":"Defragment","floor":32,"key":"SMITH"}],"neow_cost":"PERCENT_DAMAGE","seed_source_timestamp":1534083154456674,"circlet_count":0,"master_deck":["Strike_B","Strike_B","Strike_B","Strike_B","Defend_B","Defend_B","Defend_B","Zap+1","Dualcast+1","Glacier","Cold Snap","Go for the Eyes+1","Glacier","Echo Form+1","Ball Lightning+1","Ball Lightning+1","Undo","Conserve Battery+1","Defragment","Chill+1","Defragment+1"],"special_seed":0,"relics":["Cracked Core","Bag of Preparation","Art of War","Cursed Key","Happy Flower"],"potions_floor_usage":[],"damage_taken":[{"damage":1.0,"enemies":"Jaw Worm","floor":1.0,"turns":3.0},{"damage":0.0,"enemies":"2 Louse","floor":4.0,"turns":2.0},{"damage":0.0,"enemies":"Cultist","floor":5.0,"turns":4.0},{"damage":3.0,"enemies":"Blue Slaver","floor":7.0,"turns":2.0},{"damage":8.0,"enemies":"Gremlin Nob","floor":10.0,"turns":5.0},{"damage":0.0,"enemies":"Looter","floor":12.0,"turns":3.0},{"damage":0.0,"enemies":"Red Slaver","floor":13.0,"turns":4.0},{"damage":0.0,"enemies":"Blue Slaver","floor":14.0,"turns":2.0},{"damage":2.0,"enemies":"Slime Boss","floor":16.0,"turns":9.0},{"damage":9.0,"enemies":"2 Thieves","floor":18.0,"turns":4.0},{"damage":0.0,"enemies":"Spheric Guardian","floor":19.0,"turns":3.0},{"damage":9.0,"enemies":"Centurion and Healer","floor":20.0,"turns":10.0},{"damage":8.0,"enemies":"Snecko","floor":21.0,"turns":5.0},{"damage":5.0,"enemies":"Shelled Parasite and Fungi","floor":22.0,"turns":8.0},{"damage":10.0,"enemies":"Snake Plant","floor":24.0,"turns":4.0},{"damage":0,"enemies":"Snecko","floor":28,"turns":4},{"damage":0,"enemies":"Centurion and Healer","floor":31,"turns":7},{"damage":48,"enemies":"Automaton","floor":33,"turns":6}],"seed_played":"8861789401467446167","potions_obtained":[{"floor":7.0,"key":"Energy Potion"},{"floor":10.0,"key":"SkillPotion"},{"floor":16.0,"key":"GamblersBrew"},{"floor":20.0,"key":"Dexterity Potion"},{"floor":28,"key":"EntropicBrew"}],"is_trial":false,"path_per_floor":["M","?","$","M","M","R","M","R","T","E","R","M","M","M","R","B",null,"M","M","M","M","M","R","M","R","T","$","M","$","?","M","R","B"],"character_chosen":"DEFECT","items_purchased":["Defragment","Defragment","Happy Flower"],"campfire_rested":0,"item_purchase_floors":[27,29,29],"current_hp_per_floor":[67,60,60,60,60,60,57,57,57,49,49,49,49,49,49,47,89,80,80,71,63,58,58,48,48,48,48,48,48,48,48,48,0],"gold":186,"neow_bonus":"TWENTY_PERCENT_HP_BONUS","is_prod":false,"is_daily":false,"chose_seed":false,"campfire_upgraded":7,"win_rate":0,"timestamp":1544980998,"path_taken":["M","?","$","M","M","R","M","R","T","E","R","M","M","M","R","BOSS","M","M","M","M","M","R","M","R","T","$","M","$","?","?","R","BOSS"],"build_version":"2018-12-13","purchased_purges":0,"victory":false,"max_hp_per_floor":[89,89,89,89,89,89,89,89,89,89,89,89,89,89,89,89,89,89,89,89,89,89,89,89,89,89,89,89,89,89,89,89,89],"card_choices":[{"not_picked":["Cold Snap","Hologram"],"picked":"Glacier","floor":1.0},{"not_picked":["Force Field","Streamline"],"picked":"Cold Snap","floor":4.0},{"not_picked":["Hologram","Streamline"],"picked":"Go for the Eyes","floor":5.0},{"not_picked":["White Noise","Force Field"],"picked":"Glacier","floor":7.0},{"not_picked":["Rip and Tear","White Noise"],"picked":"Echo Form","floor":10.0},{"not_picked":["Turbo","Beam Cell"],"picked":"Ball Lightning","floor":12.0},{"not_picked":["Steam","White Noise","Coolheaded"],"picked":"SKIP","floor":13.0},{"not_picked":["Redo","Coolheaded"],"picked":"Ball Lightning","floor":14.0},{"not_picked":["Ball Lightning","Redo+1","Force Field+1"],"picked":"SKIP","floor":18.0},{"not_picked":["Steam Power","Compile Driver"],"picked":"Undo","floor":19.0},{"not_picked":["Stack","Steam+1","FTL"],"picked":"SKIP","floor":20.0},{"not_picked":["Beam Cell","Loop","Reinforced Body+1"],"picked":"SKIP","floor":21.0},{"not_picked":["Coolheaded","Steam+1","Compile Driver"],"picked":"SKIP","floor":22.0},{"not_picked":["Sweeping Beam","Streamline"],"picked":"Conserve Battery+1","floor":24.0},{"not_picked":["Barrage","Leap"],"picked":"Chill+1","floor":28},{"not_picked":["Turbo","Scrape+1","Heatsinks"],"picked":"SKIP","floor":31}],"player_experience":887595,"relics_obtained":[{"floor":9.0,"key":"Bag of Preparation"},{"floor":10.0,"key":"Art of War"}],"event_choices":[{"cards_removed":["Defend_B"],"damage_healed":0.0,"max_hp_gain":0.0,"max_hp_loss":0.0,"gold_gain":0.0,"event_name":"Golden Wing","player_choice":"Card Removal","floor":2.0,"gold_loss":0.0,"damage_taken":7.0},{"damage_healed":0,"gold_gain":0,"player_choice":"Ignored","damage_taken":0,"max_hp_gain":0,"max_hp_loss":0,"event_name":"N\u0027loth","floor":30,"gold_loss":0}],"is_beta":false,"boss_relics":[{"not_picked":["Black Star","Tiny House"],"picked":"Cursed Key"}],"items_purged_floors":[],"is_endless":false,"potions_floor_spawned":[7,10,16,20,28,31],"killed_by":"Automaton","ascension_level":0}