{"gold_per_floor":[116,19,38,38,38,73,73,84,84,100,100,25,25,38,38,142,142,162,162,162,178,78,78,91,41,64,74,74,74,92,109,109,109],"floor_reached":33,"playtime":2465,"items_purged":["Strike_R","Strike_R"],"score":247,"play_id":"c6449f4a-07f9-4366-94ee-840964984b8d","local_time":"20190203211304","is_ascension_mode":false,"campfire_choices":[{"data":"True Grit","floor":7,"key":"SMITH"},{"data":"1","floor":11,"key":"LIFT"},{"data":"2","floor":13,"key":"LIFT"},{"data":"3","floor":15,"key":"LIFT"},{"data":"Demon Form","floor":23,"key":"SMITH"},{"data":"Flame Barrier","floor":28,"key":"SMITH"},{"floor":32,"key":"REST"}],"neow_cost":"NONE","seed_source_timestamp":185212883871285,"circlet_count":0,"master_deck":["Strike_R","Strike_R","Strike_R","Defend_R","Defend_R","Defend_R","Defend_R","Bash","Headbutt","Uppercut","Inflame","True Grit+1","Pommel Strike","Inflame","Cleave","Battle Trance","Flame Barrier+1","Demon Form+1","Iron Wave","Shrug It Off","True Grit+1","Metallicize","Flex"],"relics":["Burning Blood","Unceasing Top","Girya","Busted Crown","Juzu Bracelet"],"potions_floor_usage":[16,16,16,31,33],"damage_taken":[{"damage":2,"enemies":"2 Louse","floor":1,"turns":3},{"damage":0,"enemies":"Small Slimes","floor":3,"turns":3},{"damage":38,"enemies":"3 Sentries","floor":6,"turns":8},{"damage":1,"enemies":"Cultist","floor":8,"turns":3},{"damage":15,"enemies":"Gremlin Gang","floor":10,"turns":5},{"damage":16,"enemies":"Blue Slaver","floor":14,"turns":3},{"damage":42,"enemies":"The Guardian","floor":16,"turns":9},{"damage":28,"enemies":"2 Thieves","floor":18,"turns":3},{"damage":27,"enemies":"Spheric Guardian","floor":21,"turns":7},{"damage":4,"enemies":"Snecko","floor":24,"turns":6},{"damage":21,"enemies":"Snake Plant","floor":27,"turns":4},{"damage":22,"enemies":"Centurion and Healer","floor":30,"turns":7},{"damage":7,"enemies":"3 Cultists","floor":31,"turns":5},{"damage":50,"enemies":"Collector","floor":33,"turns":6}],"seed_played":"5823456354707942019","potions_obtained":[{"floor":1,"key":"FearPotion"},{"floor":6,"key":"Regen Potion"},{"floor":14,"key":"SkillPotion"},{"floor":21,"key":"Energy Potion"},{"floor":24,"key":"Ancient Potion"}],"is_trial":false,"path_per_floor":["M","$","M","?","?","E","R","M","T","M","R","$","R","M","R","B",null,"M","?","?","M","$","R","M","?","T","M","R","$","M","M","R","B"],"character_chosen":"IRONCLAD","items_purchased":["Inflame","True Grit"],"campfire_rested":1,"item_purchase_floors":[2,2],"current_hp_per_floor":[80,80,80,85,85,53,53,58,58,49,49,49,49,39,39,18,85,63,63,63,42,42,42,44,44,44,29,29,29,13,12,37,0],"gold":109,"neow_bonus":"THREE_CARDS","is_prod":false,"is_daily":false,"chose_seed":false,"campfire_upgraded":3,"win_rate":0,"timestamp":1549199584,"path_taken":["M","$","M","?","?","E","R","M","T","?","R","$","R","?","R","BOSS","M","?","?","M","$","R","?","?","T","M","R","?","M","M","R","BOSS"],"build_version":"2019-01-23","purchased_purges":2,"victory":false,"max_hp_per_floor":[80,80,80,85,85,85,85,85,85,85,85,85,85,85,85,85,85,85,85,85,85,85,85,85,85,85,85,85,85,85,85,85,85],"card_choices":[{"not_picked":["Thunderclap","Sword Boomerang"],"picked":"Headbutt","floor":0},{"not_picked":["Bloodletting","Havoc"],"picked":"Uppercut","floor":1},{"not_picked":["Havoc","Rage"],"picked":"Pommel Strike","floor":3},{"not_picked":["Anger","Iron Wave"],"picked":"Inflame","floor":6},{"not_picked":["Corruption","Combust"],"picked":"Cleave","floor":8},{"not_picked":["Bloodletting","Havoc"],"picked":"Battle Trance","floor":10},{"not_picked":["Feel No Pain","Carnage"],"picked":"Flame Barrier","floor":14},{"not_picked":["Immolate","Reaper"],"picked":"Demon Form","floor":16},{"not_picked":[],"picked":"Iron Wave","floor":18},{"not_picked":["Headbutt"],"picked":"SKIP","floor":21},{"not_picked":[],"picked":"Metallicize","floor":24},{"not_picked":[],"picked":"Flex","floor":27},{"not_picked":["Power Through"],"picked":"SKIP","floor":30},{"not_picked":["Second Wind"],"picked":"SKIP","floor":31}],"player_experience":181788,"relics_obtained":[{"floor":6,"key":"Unceasing Top"},{"floor":9,"key":"Girya"},{"floor":26,"key":"Juzu Bracelet"}],"event_choices":[{"damage_healed":0,"gold_gain":0,"player_choice":"Donut","damage_taken":0,"max_hp_gain":5,"max_hp_loss":0,"event_name":"Big Fish","floor":4,"gold_loss":0},{"cards_removed":["Strike_R"],"damage_healed":0,"gold_gain":0,"player_choice":"Took Card","damage_taken":0,"max_hp_gain":0,"max_hp_loss":0,"event_name":"NoteForYourself","floor":5,"gold_loss":0,"cards_obtained":["Strike_R"]},{"damage_healed":0,"gold_gain":0,"player_choice":"Read","damage_taken":0,"max_hp_gain":0,"max_hp_loss":0,"event_name":"The Library","floor":19,"gold_loss":0,"cards_obtained":["Shrug It Off"]},{"damage_healed":0,"gold_gain":0,"player_choice":"Copied","damage_taken":0,"max_hp_gain":0,"max_hp_loss":0,"event_name":"Duplicator","floor":20,"gold_loss":0,"cards_obtained":["True Grit"]},{"damage_healed":0,"gold_gain":0,"player_choice":"Bet on Murderer","damage_taken":0,"max_hp_gain":0,"max_hp_loss":0,"event_name":"The Joust","floor":25,"gold_loss":50}],"is_beta":false,"boss_relics":[{"not_picked":["Black Blood","Empty Cage"],"picked":"Busted Crown"}],"items_purged_floors":[12,22],"is_endless":false,"potions_floor_spawned":[1,6,14,21,24],"killed_by":"Collector","ascension_level":0}