{"gold_per_floor":[109,109,109,129,148,148,24,38,38,38,38,38,38,49,49,153,153,163,175,195,33,33,33,52,52,52,87,87,107,107,136,136,232,232,242,342,354,365,6,6,16,34,34,50,77,77,92,118,118,118],"floor_reached":51,"playtime":2996,"items_purged":["Regret","Bite"],"score":764,"play_id":"e3249be5-a1ec-4194-9011-200d61775025","local_time":"20190104172842","is_ascension_mode":false,"campfire_choices":[{"data":"Zap","floor":6.0,"key":"SMITH"},{"data":"Go for the Eyes","floor":10.0,"key":"SMITH"},{"data":"Conserve Battery","floor":13.0,"key":"SMITH"},{"data":"Dualcast","floor":15.0,"key":"SMITH"},{"data":"Apotheosis","floor":23.0,"key":"SMITH"},{"floor":25.0,"key":"REST"},{"data":"Machine Learning","floor":30.0,"key":"SMITH"},{"data":"Auto Shields","floor":32.0,"key":"SMITH"},{"data":"Machine Learning","floor":40.0,"key":"SMITH"},{"data":"Reinforced Body","floor":46.0,"key":"SMITH"},{"data":"Leap","floor":49,"key":"SMITH"}],"neow_cost":"NONE","seed_source_timestamp":160378894591722,"circlet_count":0,"master_deck":["Defend_B","Defend_B+1","Defend_B","Defend_B","Zap+1","Dualcast+1","Gash","Conserve Battery+1","Go for the Eyes+1","Gash+1","Leap+1","Ball Lightning","Machine Learning+1","Conserve Battery","Beam Cell+1","Rip and Tear+1","Apotheosis+1","BootSequence","Reinforced Body+1","Bite","Bite","Bite","Bite+1","Gash+1","Auto Shields+1","Machine Learning+1","Hologram+1","Redo+1","Streamline+1","Hologram+1"],"special_seed":0,"relics":["Cracked Core","Pocketwatch","Mango","GremlinMask","Sozu","Pear","Matryoshka","FossilizedHelix","White Beast Statue","Shuriken","Whetstone","Bottled Lightning","Vajra","StoneCalendar"],"potions_floor_usage":[],"damage_taken":[{"damage":1.0,"enemies":"Cultist","floor":1.0,"turns":3.0},{"damage":8.0,"enemies":"Jaw Worm","floor":4.0,"turns":3.0},{"damage":0.0,"enemies":"2 Louse","floor":5.0,"turns":2.0},{"damage":4.0,"enemies":"2 Fungi Beasts","floor":8.0,"turns":3.0},{"damage":0.0,"enemies":"Red Slaver","floor":14.0,"turns":3.0},{"damage":37.0,"enemies":"Slime Boss","floor":16.0,"turns":9.0},{"damage":5.0,"enemies":"3 Byrds","floor":18.0,"turns":5.0},{"damage":6.0,"enemies":"Chosen","floor":19.0,"turns":5.0},{"damage":15.0,"enemies":"Snake Plant","floor":20.0,"turns":6.0},{"damage":4.0,"enemies":"Snecko","floor":24.0,"turns":4.0},{"damage":9.0,"enemies":"Book of Stabbing","floor":27.0,"turns":5.0},{"damage":8.0,"enemies":"3 Cultists","floor":29.0,"turns":5.0},{"damage":24.0,"enemies":"Gremlin Leader","floor":31.0,"turns":6.0},{"damage":17.0,"enemies":"Automaton","floor":33.0,"turns":11.0},{"damage":0.0,"enemies":"3 Shapes","floor":35.0,"turns":5.0},{"damage":19.0,"enemies":"3 Darklings","floor":37.0,"turns":7.0},{"damage":10.0,"enemies":"Writhing Mass","floor":38.0,"turns":8.0},{"damage":0.0,"enemies":"Maw","floor":41.0,"turns":7.0},{"damage":0.0,"enemies":"4 Shapes","floor":42.0,"turns":7.0},{"damage":7.0,"enemies":"Sphere and 2 Shapes","floor":44.0,"turns":6.0},{"damage":5.0,"enemies":"Nemesis","floor":45.0,"turns":9.0},{"damage":0.0,"enemies":"Transient","floor":47.0,"turns":5.0},{"damage":0,"enemies":"Giant Head","floor":48,"turns":7},{"damage":24,"enemies":"Awakened One","floor":50,"turns":13}],"seed_played":"1883471397125728271","potions_obtained":[{"floor":1.0,"key":"SteroidPotion"},{"floor":4.0,"key":"SneckoOil"},{"floor":14.0,"key":"FocusPotion"}],"is_trial":false,"path_per_floor":["M","?","?","M","M","R","$","M","T","R","?","?","R","M","R","B",null,"M","M","M","$","?","R","M","R","T","E","?","M","R","E","R","B",null,"M","?","M","M","$","R","M","M","T","M","E","R","M","E","R","B",null],"character_chosen":"DEFECT","items_purchased":["Gash","Apotheosis","Shuriken"],"campfire_rested":1,"item_purchase_floors":[7,21,39],"current_hp_per_floor":[81,81,65,57,57,57,57,53,67,67,67,67,67,67,67,30,96,91,85,70,70,70,70,66,94,104,95,74,72,72,67,67,74,74,74,74,73,70,70,70,74,74,74,73,74,74,74,74,74,68],"gold":118,"neow_bonus":"TEN_PERCENT_HP_BONUS","is_prod":false,"is_daily":false,"chose_seed":false,"campfire_upgraded":10,"win_rate":0.0,"timestamp":1546619322,"path_taken":["M","?","?","M","M","R","$","M","T","R","?","?","R","M","R","BOSS","M","M","M","$","?","R","M","R","T","E","?","M","R","E","R","BOSS","M","?","M","M","$","R","M","?","T","M","E","R","M","E","R","BOSS"],"build_version":"2019-01-03v3","purchased_purges":2,"victory":true,"max_hp_per_floor":[82,82,82,82,82,82,82,82,96,96,96,96,96,96,96,96,96,96,96,96,96,96,96,96,96,106,106,74,74,74,74,74,74,74,74,74,74,74,74,74,74,74,74,74,74,74,74,74,74,74],"card_choices":[{"not_picked":["Doom and Gloom","Coolheaded"],"picked":"Gash","floor":1.0},{"not_picked":["Barrage","Darkness"],"picked":"Conserve Battery","floor":4.0},{"not_picked":["Hologram","Streamline"],"picked":"Go for the Eyes","floor":5.0},{"not_picked":["Darkness","Steam"],"picked":"Leap","floor":8.0},{"not_picked":["Coolheaded","Stack"],"picked":"Ball Lightning","floor":14.0},{"not_picked":["Creative AI","Reboot"],"picked":"Machine Learning","floor":16.0},{"not_picked":["Leap","Compile Driver"],"picked":"Conserve Battery","floor":18.0},{"not_picked":["Heatsinks+1","Compile Driver+1"],"picked":"Beam Cell+1","floor":19.0},{"not_picked":["Leap","Aggregate"],"picked":"Rip and Tear+1","floor":20.0},{"not_picked":["Defragment+1","Creative AI"],"picked":"BootSequence","floor":24.0},{"not_picked":["Darkness","Fission"],"picked":"Reinforced Body","floor":27.0},{"not_picked":["Leap","Reinforced Body"],"picked":"Gash+1","floor":29.0},{"not_picked":["Fission","Steam"],"picked":"Auto Shields","floor":31.0},{"not_picked":["Thunder Strike","Creative AI"],"picked":"Machine Learning","floor":33.0},{"not_picked":["Conserve Battery+1","Ball Lightning+1"],"picked":"Hologram+1","floor":35.0},{"not_picked":["Beam Cell","Hologram"],"picked":"Redo+1","floor":37.0},{"not_picked":["Fusion","Buffer"],"picked":"Streamline+1","floor":38.0},{"not_picked":["Redo","Gash","Coolheaded"],"picked":"SKIP","floor":41.0},{"not_picked":["Scrape","Sweeping Beam+1","Ball Lightning"],"picked":"SKIP","floor":42.0},{"not_picked":["Redo+1","Go for the Eyes+1","Rainbow"],"picked":"SKIP","floor":44.0},{"not_picked":["Sweeping Beam","Streamline+1"],"picked":"Hologram+1","floor":45.0},{"not_picked":["Steam Power","Scrape","Genetic Algorithm"],"picked":"SKIP","floor":47.0},{"not_picked":["Double Energy","Reinforced Body+1","Cold Snap+1"],"picked":"SKIP","floor":48}],"player_experience":4834,"relics_obtained":[{"floor":9.0,"key":"Mango"},{"floor":26.0,"key":"Pear"},{"floor":27.0,"key":"Matryoshka"},{"floor":31.0,"key":"FossilizedHelix"},{"floor":43.0,"key":"Whetstone"},{"floor":43.0,"key":"Bottled Lightning"},{"floor":45.0,"key":"Vajra"},{"floor":48,"key":"StoneCalendar"}],"event_choices":[{"damage_healed":0.0,"max_hp_gain":0.0,"max_hp_loss":0.0,"gold_gain":0.0,"event_name":"Big Fish","player_choice":"Box","floor":2.0,"gold_loss":0.0,"damage_taken":0.0,"relics_obtained":["Pocketwatch"],"cards_obtained":["Regret"]},{"damage_healed":0.0,"max_hp_gain":0.0,"max_hp_loss":0.0,"gold_gain":0.0,"event_name":"Shining Light","player_choice":"Entered Light","floor":3.0,"gold_loss":0.0,"damage_taken":16.0,"cards_upgraded":["Defend_B","Strike_B"]},{"damage_healed":0.0,"max_hp_gain":0.0,"max_hp_loss":0.0,"gold_gain":0.0,"event_name":"Liars Game","player_choice":"Ignored","floor":11.0,"gold_loss":0.0,"damage_taken":0.0},{"damage_healed":0.0,"max_hp_gain":0.0,"max_hp_loss":0.0,"gold_gain":0.0,"event_name":"FaceTrader","player_choice":"Trade","floor":12.0,"gold_loss":0.0,"damage_taken":0.0,"relics_obtained":["GremlinMask"]},{"damage_healed":0.0,"max_hp_gain":0.0,"max_hp_loss":32.0,"gold_gain":0.0,"event_name":"Vampires","player_choice":"Became a vampire","floor":28.0,"gold_loss":0.0,"damage_taken":0.0,"cards_obtained":["Bite","Bite","Bite","Bite","Bite"]},{"damage_healed":0.0,"max_hp_gain":0.0,"max_hp_loss":0.0,"gold_gain":100.0,"event_name":"Golden Shrine","player_choice":"Pray","floor":36.0,"gold_loss":0.0,"damage_taken":0.0}],"is_beta":false,"boss_relics":[{"not_picked":["Philosopher\u0027s Stone","Empty Cage"],"picked":"Sozu"},{"not_picked":["Coffee Dripper","Snecko Eye"],"picked":"White Beast Statue"}],"items_purged_floors":[7,39],"is_endless":false,"potions_floor_spawned":[1,4,14,20,24,29,33,35,37,38,41,42,44,45,47,48],"ascension_level":0}