{"gold_per_floor":[218,293,293,78,96,96,127,127,127,127,140,155,155,80,80,205,205,228,228,228,246,261,261,115,115,169,169,188,188,203,134,134,264,264,287,287,306,319,340,340,340,340,364,402,402,402,166,166,166,166],"floor_reached":51,"playtime":1407,"items_purged":["Defend_B","Madness"],"score":696,"play_id":"a0571258-22f8-446b-b3f4-b7e5884e994c","local_time":"20190106142732","is_ascension_mode":false,"campfire_choices":[{"data":"Zap","floor":6,"key":"SMITH"},{"data":"Conserve Battery","floor":10,"key":"SMITH"},{"data":"Chaos","floor":15,"key":"SMITH"},{"data":"Seek","floor":23,"key":"SMITH"},{"data":"Rainbow","floor":25,"key":"SMITH"},{"data":"Ball Lightning","floor":27,"key":"SMITH"},{"data":"Defragment","floor":32,"key":"SMITH"},{"data":"Buffer","floor":40,"key":"SMITH"},{"data":"Madness","floor":42,"key":"SMITH"},{"floor":45,"key":"REST"},{"data":"Auto Shields","floor":49,"key":"SMITH"}],"neow_cost":"NONE","seed_source_timestamp":1103591564545287,"circlet_count":0,"master_deck":["Strike_B+1","Defend_B+1","Defend_B+1","Zap+1","Dualcast+1","Conserve Battery+1","Auto Shields+1","Chaos+1","Ball Lightning+1","Seek+1","Steam+1","Electrodynamics+1","Sweeping Beam+1","Undo+1","Rainbow+1","Defragment+1","Buffer+1","Cold Snap+1","Go for the Eyes+1","Coolheaded+1","Madness+1","FTL+1","Discovery","Defragment+1"],"relics":["Cracked Core","War Paint","Ginger","Pantograph","Golden Idol","Astrolabe","Strawberry","Nuclear Battery","Lantern","Pen Nib"],"potions_floor_usage":[50,50,50],"damage_taken":[{"damage":0,"enemies":"Small Slimes","floor":1,"turns":3},{"damage":0,"enemies":"Jaw Worm","floor":5,"turns":3},{"damage":13,"enemies":"3 Sentries","floor":7,"turns":9},{"damage":0,"enemies":"Cultist","floor":11,"turns":3},{"damage":0,"enemies":"Blue Slaver","floor":12,"turns":4},{"damage":26,"enemies":"Hexaghost","floor":16,"turns":11},{"damage":0,"enemies":"3 Byrds","floor":18,"turns":1},{"damage":10,"enemies":"2 Thieves","floor":21,"turns":2},{"damage":2,"enemies":"Sentry and Sphere","floor":22,"turns":4},{"damage":0,"enemies":"Snake Plant","floor":28,"turns":3},{"damage":4,"enemies":"Centurion and Healer","floor":30,"turns":4},{"damage":47,"enemies":"Champ","floor":33,"turns":13},{"damage":0,"enemies":"3 Shapes","floor":35,"turns":1},{"damage":0,"enemies":"3 Darklings","floor":37,"turns":2},{"damage":14,"enemies":"Spire Growth","floor":38,"turns":6},{"damage":0,"enemies":"Sphere and 2 Shapes","floor":39,"turns":2},{"damage":0,"enemies":"Reptomancer","floor":44,"turns":6},{"damage":13,"enemies":"Donu and Deca","floor":50,"turns":10}],"seed_played":"3258162890234999993","potions_obtained":[{"floor":1,"key":"LiquidBronze"},{"floor":5,"key":"AttackPotion"},{"floor":28,"key":"Swift Potion"}],"is_trial":false,"path_per_floor":["M","?","?","$","M","R","E","$","T","R","M","M","?","$","R","B",null,"M","?","?","M","M","R","$","R","T","R","M","$","M","$","R","B",null,"M","?","M","M","M","R","?","R","T","E","R","?","$","?","R","B",null],"character_chosen":"DEFECT","items_purchased":["War Paint","Auto Shields","Rainbow","Defragment","PowerPotion","Discovery"],"campfire_rested":1,"item_purchase_floors":[4,4,24,31,47,47],"current_hp_per_floor":[75,64,64,64,64,64,51,51,51,51,51,51,33,33,33,32,75,75,75,75,65,63,63,63,63,70,70,70,70,66,66,66,35,82,82,82,82,68,68,68,58,58,58,58,82,82,82,82,82,69],"gold":166,"neow_bonus":"HUNDRED_GOLD","is_prod":false,"is_daily":false,"chose_seed":false,"campfire_upgraded":10,"win_rate":0,"timestamp":1546784852,"path_taken":["M","?","?","$","M","R","E","?","T","R","M","?","?","$","R","BOSS","M","?","?","M","?","R","$","R","T","R","M","$","?","$","R","BOSS","M","?","M","?","M","R","?","R","T","E","R","?","$","?","R","BOSS"],"build_version":"2019-01-03v4","purchased_purges":2,"victory":true,"max_hp_per_floor":[75,75,75,75,75,75,75,75,75,75,75,75,75,75,75,75,75,75,75,75,75,75,75,75,75,82,82,82,82,82,82,82,82,82,82,82,82,82,82,82,82,82,82,82,82,82,82,82,82,82],"card_choices":[{"not_picked":["Barrage","Capacitor"],"picked":"Conserve Battery","floor":1},{"not_picked":["Skim","Stack","Fusion"],"picked":"SKIP","floor":5},{"not_picked":["Compile Driver","Steam","Beam Cell"],"picked":"SKIP","floor":7},{"not_picked":["Hologram","Sweeping Beam"],"picked":"Chaos","floor":11},{"not_picked":["Skim","Rebound"],"picked":"Ball Lightning","floor":12},{"not_picked":["Reboot","All For One"],"picked":"Seek","floor":16},{"not_picked":["Streamline","Compile Driver","Force Field"],"picked":"SKIP","floor":18},{"not_picked":["Force Field","Turbo"],"picked":"Undo+1","floor":21},{"not_picked":["Beam Cell","Double Energy","Sweeping Beam"],"picked":"SKIP","floor":22},{"not_picked":["Ball Lightning","Sweeping Beam","Skim"],"picked":"SKIP","floor":28},{"not_picked":["Rebound","Stack","Turbo"],"picked":"SKIP","floor":30},{"not_picked":["Reboot","All For One"],"picked":"Buffer","floor":33},{"not_picked":["Barrage+1","Ball Lightning+1"],"picked":"Cold Snap+1","floor":35},{"not_picked":["Turbo","Barrage+1"],"picked":"Go for the Eyes+1","floor":37},{"not_picked":["Ball Lightning+1","Force Field+1"],"picked":"Coolheaded+1","floor":38},{"not_picked":["Compile Driver+1","Self Repair","Streamline+1"],"picked":"SKIP","floor":39},{"not_picked":["Stack","Loop+1"],"picked":"FTL+1","floor":44}],"player_experience":948278,"relics_obtained":[{"floor":7,"key":"Ginger"},{"floor":9,"key":"Pantograph"},{"floor":26,"key":"Strawberry"},{"floor":43,"key":"Lantern"},{"floor":44,"key":"Pen Nib"}],"event_choices":[{"damage_healed":0,"gold_gain":75,"player_choice":"Gather Gold","damage_taken":11,"max_hp_gain":0,"max_hp_loss":0,"event_name":"World of Goop","floor":2,"gold_loss":0},{"damage_healed":0,"gold_gain":0,"player_choice":"Leave","damage_taken":0,"max_hp_gain":0,"max_hp_loss":0,"event_name":"The Cleric","floor":3,"gold_loss":0},{"damage_healed":0,"gold_gain":0,"player_choice":"Take Damage","damage_taken":18,"relics_obtained":["Golden Idol"],"max_hp_gain":0,"max_hp_loss":0,"event_name":"Golden Idol","floor":13,"gold_loss":0},{"damage_healed":0,"gold_gain":0,"player_choice":"Simplicity","damage_taken":0,"max_hp_gain":0,"max_hp_loss":0,"event_name":"Back to Basics","floor":19,"gold_loss":0,"cards_upgraded":["Strike_B","Strike_B","Defend_B"]},{"damage_healed":0,"gold_gain":0,"player_choice":"Bought 0 Potions","damage_taken":0,"max_hp_gain":0,"max_hp_loss":0,"event_name":"The Woman in Blue","floor":20,"gold_loss":0},{"cards_removed":["Strike_B"],"damage_healed":0,"gold_gain":0,"player_choice":"Purged","damage_taken":0,"max_hp_gain":0,"max_hp_loss":0,"event_name":"Purifier","floor":36,"gold_loss":0},{"damage_healed":0,"gold_gain":0,"player_choice":"Embrace Madness","damage_taken":10,"max_hp_gain":0,"max_hp_loss":0,"event_name":"Winding Halls","floor":41,"gold_loss":0,"cards_obtained":["Madness","Madness"]},{"damage_healed":0,"gold_gain":0,"player_choice":"Ignored","damage_taken":0,"max_hp_gain":0,"max_hp_loss":0,"event_name":"Tomb of Lord Red Mask","floor":46,"gold_loss":0},{"damage_healed":0,"gold_gain":0,"player_choice":"Copied","damage_taken":0,"max_hp_gain":0,"max_hp_loss":0,"event_name":"Duplicator","floor":48,"gold_loss":0,"cards_obtained":["Defragment"]}],"is_beta":false,"boss_relics":[{"not_picked":["Philosopher\u0027s Stone","Fusion Hammer"],"picked":"Astrolabe"},{"not_picked":["Eternal Feather","Runic Pyramid"],"picked":"Nuclear Battery"}],"items_purged_floors":[14,47],"is_endless":false,"potions_floor_spawned":[1,5,28,35,39],"ascension_level":0}