{"gold_per_floor":[114,114,39,39,52,52,65,65,117,140,90,108,136,147,147,249,249,262,362,362,362,416,416,427,427,427,485,496,506,523,540,540,540],"floor_reached":33,"playtime":878,"items_purged":["Regret"],"score":292,"play_id":"342f6f4f-3e86-4480-9886-720c6346ed0f","local_time":"20190127012736","is_ascension_mode":false,"campfire_choices":[{"data":"Metallicize","floor":6,"key":"SMITH"},{"data":"Twin Strike","floor":8,"key":"SMITH"},{"data":"Limit Break","floor":15,"key":"SMITH"},{"floor":23,"key":"REST"},{"data":"Heavy Blade","floor":25,"key":"SMITH"},{"floor":32,"key":"REST"}],"neow_cost":"NONE","seed_source_timestamp":535039805132990,"circlet_count":0,"master_deck":["Strike_R","Strike_R","Strike_R","Defend_R","Defend_R","Defend_R+1","Defend_R","Bash+1","Metallicize+1","Twin Strike+1","Iron Wave","Spot Weakness","Heavy Blade+1","Limit Break+1","Immolate","Heavy Blade+1","Cleave+1","Heavy Blade","Shockwave","Flame Barrier","Shrug It Off","Whirlwind"],"relics":["Burning Blood","Omamori","Potion Belt","Odd Mushroom","Boot","Sozu","Incense Burner","The Courier","Anchor","Du-Vu Doll","Tiny Chest"],"potions_floor_usage":[16,19],"damage_taken":[{"damage":15,"enemies":"Small Slimes","floor":1,"turns":4},{"damage":0,"enemies":"2 Louse","floor":5,"turns":4},{"damage":9,"enemies":"Jaw Worm","floor":7,"turns":4},{"damage":9,"enemies":"The Mushroom Lair","floor":10,"turns":6},{"damage":3,"enemies":"Large Slime","floor":12,"turns":5},{"damage":17,"enemies":"Gremlin Nob","floor":13,"turns":4},{"damage":1,"enemies":"Looter","floor":14,"turns":3},{"damage":27,"enemies":"Hexaghost","floor":16,"turns":7},{"damage":2,"enemies":"Spheric Guardian","floor":18,"turns":3},{"damage":26,"enemies":"Colosseum Slavers","floor":19,"turns":4},{"damage":26,"enemies":"Colosseum Nobs","floor":19,"turns":5},{"damage":10,"enemies":"Shell Parasite","floor":24,"turns":4},{"damage":23,"enemies":"Slavers","floor":27,"turns":3},{"damage":1,"enemies":"Chosen and Byrds","floor":28,"turns":4},{"damage":9,"enemies":"Snake Plant","floor":29,"turns":4},{"damage":11,"enemies":"Centurion and Healer","floor":30,"turns":6},{"damage":21,"enemies":"3 Cultists","floor":31,"turns":5},{"damage":53,"enemies":"Automaton","floor":33,"turns":8}],"seed_played":"-9212283404070809701","potions_obtained":[{"floor":1,"key":"Ancient Potion"},{"floor":14,"key":"SpeedPotion"},{"floor":16,"key":"EssenceOfSteel"}],"is_trial":false,"path_per_floor":["M","?","$","?","M","R","M","R","T","?","?","M","E","M","R","B",null,"M","?","?","?","T","R","M","R","T","E","M","M","M","M","R","B"],"character_chosen":"IRONCLAD","items_purchased":[],"campfire_rested":2,"item_purchase_floors":[],"current_hp_per_floor":[79,79,79,61,67,67,64,64,64,61,61,64,53,58,58,37,88,88,48,31,31,31,58,54,54,54,37,42,39,34,19,46,0],"gold":540,"neow_bonus":"TEN_PERCENT_HP_BONUS","is_prod":false,"is_daily":false,"chose_seed":false,"campfire_upgraded":4,"win_rate":0,"timestamp":1548523656,"path_taken":["M","?","$","?","M","R","M","R","T","?","?","M","E","M","R","BOSS","M","?","?","?","?","R","M","R","T","E","M","M","?","M","R","BOSS"],"build_version":"2019-01-23","purchased_purges":1,"victory":false,"max_hp_per_floor":[88,88,88,88,88,88,88,88,88,88,88,88,88,88,88,88,88,88,88,93,93,93,93,93,93,93,93,93,93,93,93,93,93],"card_choices":[{"not_picked":["Second Wind","Rupture"],"picked":"Metallicize","floor":1},{"not_picked":["Clash","Anger"],"picked":"Twin Strike","floor":5},{"not_picked":["Battle Trance","Warcry","Sword Boomerang"],"picked":"SKIP","floor":7},{"not_picked":["Entrench","Armaments"],"picked":"Iron Wave","floor":10},{"not_picked":["Body Slam","Corruption"],"picked":"Spot Weakness","floor":12},{"not_picked":["Cleave","Twin Strike"],"picked":"Heavy Blade","floor":13},{"not_picked":["Seeing Red","Headbutt"],"picked":"Limit Break","floor":14},{"not_picked":["Feed","Bludgeon"],"picked":"Immolate","floor":16},{"not_picked":["Reckless Charge","Entrench"],"picked":"Heavy Blade+1","floor":18},{"not_picked":["Clothesline","Twin Strike"],"picked":"Cleave+1","floor":19},{"not_picked":["Second Wind","Offering","Uppercut"],"picked":"SKIP","floor":24},{"not_picked":["Entrench","Feel No Pain"],"picked":"Heavy Blade","floor":27},{"not_picked":["Thunderclap","Dual Wield"],"picked":"Shockwave","floor":28},{"not_picked":["Clothesline","Disarm"],"picked":"Flame Barrier","floor":29},{"not_picked":["Heavy Blade","Armaments"],"picked":"Shrug It Off","floor":30},{"not_picked":["Cleave","Juggernaut"],"picked":"Whirlwind","floor":31}],"player_experience":150720,"relics_obtained":[{"floor":9,"key":"Potion Belt"},{"floor":10,"key":"Odd Mushroom"},{"floor":13,"key":"Boot"},{"floor":19,"key":"Incense Burner"},{"floor":19,"key":"The Courier"},{"floor":22,"key":"Anchor"},{"floor":26,"key":"Du-Vu Doll"},{"floor":27,"key":"Tiny Chest"}],"event_choices":[{"damage_healed":0,"gold_gain":0,"player_choice":"Box","damage_taken":0,"relics_obtained":["Omamori"],"max_hp_gain":0,"max_hp_loss":0,"event_name":"Big Fish","floor":2,"gold_loss":0,"cards_obtained":["Regret"]},{"damage_healed":0,"gold_gain":0,"player_choice":"Entered Light","damage_taken":18,"max_hp_gain":0,"max_hp_loss":0,"event_name":"Shining Light","floor":4,"gold_loss":0,"cards_upgraded":["Bash","Defend_R"]},{"damage_healed":0,"gold_gain":0,"player_choice":"Fought Mushrooms","damage_taken":0,"max_hp_gain":0,"max_hp_loss":0,"event_name":"Mushrooms","floor":10,"gold_loss":0},{"cards_removed":["Strike_R"],"damage_healed":0,"gold_gain":0,"player_choice":"Card Removal","damage_taken":0,"max_hp_gain":0,"max_hp_loss":0,"event_name":"The Cleric","floor":11,"gold_loss":50},{"damage_healed":0,"gold_gain":0,"player_choice":"Fight","damage_taken":0,"max_hp_gain":0,"max_hp_loss":0,"event_name":"Colosseum","floor":19,"gold_loss":0},{"damage_healed":0,"gold_gain":0,"player_choice":"Fought Nobs","damage_taken":0,"max_hp_gain":0,"max_hp_loss":0,"event_name":"Colosseum","floor":19,"gold_loss":0},{"damage_healed":0,"gold_gain":0,"player_choice":"Shed Blood","damage_taken":22,"max_hp_gain":5,"max_hp_loss":0,"event_name":"Forgotten Altar","floor":20,"gold_loss":0},{"cards_removed":["Strike_R"],"damage_healed":0,"gold_gain":0,"player_choice":"Elegance","damage_taken":0,"max_hp_gain":0,"max_hp_loss":0,"event_name":"Back to Basics","floor":21,"gold_loss":0}],"is_beta":false,"boss_relics":[{"not_picked":["Fusion Hammer","Tiny House"],"picked":"Sozu"}],"items_purged_floors":[3],"is_endless":false,"potions_floor_spawned":[1,14,16,19,28,29,31],"killed_by":"Automaton","ascension_level":0}