{"gold_per_floor":[115,40,52,65,75,75,107,107,107,107,120,120,163,163,163,163],"floor_reached":16,"playtime":470,"items_purged":["Defend_R"],"score":187,"play_id":"e029d34d-5c41-49c4-a1a4-bcfaff49a993","local_time":"20190210203929","is_ascension_mode":true,"campfire_choices":[{"data":"Anger","floor":6.0,"key":"SMITH"},{"data":"Intimidate","floor":8.0,"key":"SMITH"},{"data":"Bash","floor":12.0,"key":"SMITH"},{"floor":15.0,"key":"REST"}],"neow_cost":"TEN_PERCENT_HP_LOSS","seed_source_timestamp":14837226264600,"circlet_count":0,"master_deck":["AscendersBane","Strike_R","Strike_R","Strike_R","Defend_R","Defend_R","Defend_R","Bash+1","Intimidate+1","Shrug It Off","Anger+1","Battle Trance"],"special_seed":0,"relics":["Burning Blood","Mummified Hand","Gremlin Horn","Golden Idol","WingedGreaves"],"potions_floor_usage":[16],"damage_taken":[{"damage":3.0,"enemies":"2 Louse","floor":1.0,"turns":4.0},{"damage":9.0,"enemies":"Small Slimes","floor":3.0,"turns":5.0},{"damage":9.0,"enemies":"Cultist","floor":4.0,"turns":5.0},{"damage":7.0,"enemies":"Blue Slaver","floor":5.0,"turns":7.0},{"damage":22.0,"enemies":"Lagavulin","floor":7.0,"turns":6.0},{"damage":9.0,"enemies":"Exordium Thugs","floor":11.0,"turns":4.0},{"damage":19.0,"enemies":"Gremlin Nob","floor":13.0,"turns":4.0},{"damage":33,"enemies":"Slime Boss","floor":16,"turns":7}],"seed_played":"4963995865425763463","potions_obtained":[{"floor":1.0,"key":"Explosive Potion"},{"floor":5.0,"key":"Ancient Potion"},{"floor":7.0,"key":"Block Potion"},{"floor":11.0,"key":"Block Potion"}],"is_trial":false,"path_per_floor":["M","$","M","M","M","R","E","R","T","?","M","R","E","?","R","B"],"character_chosen":"IRONCLAD","items_purchased":[],"campfire_rested":1,"item_purchase_floors":[],"current_hp_per_floor":[68,68,65,62,61,61,45,45,45,28,25,25,12,5,25,0],"gold":163,"neow_bonus":"REMOVE_TWO","is_prod":false,"is_daily":false,"chose_seed":false,"campfire_upgraded":3,"win_rate":0,"timestamp":1549823969,"path_taken":["M","$","M","M","M","R","E","R","T","?","M","R","E","?","R","BOSS"],"build_version":"2019-01-23","purchased_purges":1,"victory":false,"max_hp_per_floor":[68,68,68,68,68,68,68,68,68,68,68,68,68,68,68,68],"card_choices":[{"not_picked":["Perfected Strike","Clash","Carnage"],"picked":"SKIP","floor":1.0},{"not_picked":["Bloodletting","Searing Blow"],"picked":"Intimidate","floor":3.0},{"not_picked":["Wild Strike","Power Through"],"picked":"Shrug It Off","floor":4.0},{"not_picked":["Pommel Strike","Body Slam"],"picked":"Anger","floor":5.0},{"not_picked":["True Grit","Burning Pact","Clash"],"picked":"SKIP","floor":7.0},{"not_picked":["Pummel","Feed"],"picked":"Battle Trance","floor":11.0},{"not_picked":["Clash","Heavy Blade","Flex"],"picked":"SKIP","floor":13.0}],"player_experience":700229,"relics_obtained":[{"floor":7.0,"key":"Mummified Hand"},{"floor":9.0,"key":"Gremlin Horn"},{"floor":13.0,"key":"WingedGreaves"}],"event_choices":[{"damage_healed":0.0,"max_hp_gain":0.0,"max_hp_loss":0.0,"gold_gain":0.0,"event_name":"Golden Idol","player_choice":"Take Damage","floor":10.0,"gold_loss":0.0,"damage_taken":17.0,"relics_obtained":["Golden Idol"]},{"damage_healed":0.0,"max_hp_gain":0.0,"max_hp_loss":0.0,"gold_gain":0.0,"event_name":"Scrap Ooze","player_choice":"Fled","floor":14.0,"gold_loss":0.0,"damage_taken":7.0}],"is_beta":false,"boss_relics":[],"items_purged_floors":[2],"is_endless":false,"potions_floor_spawned":[1,5,7,11],"killed_by":"Slime Boss","ascension_level":14}