{"gold_per_floor":[119,135,149,169,189,223,235,235,312,369,404,404,404,435,435,537,537,555,568,582,592,691,691,710,710,735,755,787,787,136,149,149,245,245,264,264,264,264,280,310,310,336,362,374,385,400,127,127,127,127],"floor_reached":51,"playtime":4143,"items_purged":[],"score":866,"play_id":"b6234330-245e-4c57-ab5d-cde262c8aeaf","local_time":"20181023003213","is_ascension_mode":true,"campfire_choices":[{"data":"Neutralize","floor":8.0,"key":"SMITH"},{"data":"Finisher","floor":12.0,"key":"SMITH"},{"data":"Predator","floor":15.0,"key":"SMITH"},{"floor":23.0,"key":"REST"},{"floor":25.0,"key":"REST"},{"floor":32.0,"key":"REST"},{"floor":41.0,"key":"REST"},{"data":"1","floor":49.0,"key":"LIFT"}],"neow_cost":"NONE","seed_source_timestamp":188940585465168,"circlet_count":0,"master_deck":["Survivor","Neutralize+1","Backstab+1","Crippling Poison+1","Backstab+1","Blur+1","Masterful Stab+1","Finisher+1","Masterful Stab","Expertise","Blade Dance","Flying Knee","Dagger Spray","Predator+1","Masterful Stab","Skewer","Outmaneuver","PiercingWail","Accuracy","Terror","Poisoned Stab","Backflip+1","Dash+1","Quick Slash+1","Flying Knee+1","Dash+1","Corpse Explosion","Blade Dance+1","Burst","Reflex+1","Acrobatics","Backflip+1","Leg Sweep+1","Backflip","Dodge and Roll+1","Dagger Throw","Escape Plan","Dodge and Roll","Blind"],"special_seed":0,"relics":["Astrolabe","Ancient Tea Set","Dodecahedron","Juzu Bracelet","StoneCalendar","Pandora\u0027s Box","Bag of Marbles","Whetstone","Centennial Puzzle","Happy Flower","Toy Ornithopter","Calipers","Fusion Hammer","Tingsha","Unceasing Top","Girya","Omamori"],"potions_floor_usage":[50,50,50],"damage_taken":[{"damage":0.0,"enemies":"Jaw Worm","floor":1.0,"turns":2.0},{"damage":0.0,"enemies":"Small Slimes","floor":2.0,"turns":2.0},{"damage":0.0,"enemies":"2 Louse","floor":3.0,"turns":1.0},{"damage":4.0,"enemies":"Exordium Wildlife","floor":4.0,"turns":5.0},{"damage":0.0,"enemies":"2 Fungi Beasts","floor":5.0,"turns":2.0},{"damage":2.0,"enemies":"3 Sentries","floor":6.0,"turns":5.0},{"damage":0.0,"enemies":"Blue Slaver","floor":7.0,"turns":3.0},{"damage":10.0,"enemies":"Lagavulin","floor":11.0,"turns":4.0},{"damage":4.0,"enemies":"3 Sentries","floor":14.0,"turns":5.0},{"damage":26.0,"enemies":"Hexaghost","floor":16.0,"turns":9.0},{"damage":0.0,"enemies":"Chosen","floor":18.0,"turns":2.0},{"damage":13.0,"enemies":"2 Thieves","floor":19.0,"turns":4.0},{"damage":30.0,"enemies":"Centurion and Healer","floor":20.0,"turns":6.0},{"damage":21.0,"enemies":"Shelled Parasite and Fungi","floor":21.0,"turns":6.0},{"damage":0.0,"enemies":"3 Cultists","floor":24.0,"turns":2.0},{"damage":0.0,"enemies":"Snecko","floor":27.0,"turns":2.0},{"damage":7.0,"enemies":"Slavers","floor":28.0,"turns":3.0},{"damage":8.0,"enemies":"Centurion and Healer","floor":31.0,"turns":4.0},{"damage":47.0,"enemies":"Collector","floor":33.0,"turns":6.0},{"damage":0.0,"enemies":"3 Darklings","floor":35.0,"turns":2.0},{"damage":0.0,"enemies":"Mind Bloom Boss Battle","floor":37.0,"turns":4.0},{"damage":0.0,"enemies":"Orb Walker","floor":39.0,"turns":1.0},{"damage":17.0,"enemies":"Reptomancer","floor":40.0,"turns":5.0},{"damage":1.0,"enemies":"Giant Head","floor":42.0,"turns":5.0},{"damage":9.0,"enemies":"4 Shapes","floor":44.0,"turns":3.0},{"damage":0.0,"enemies":"Maw","floor":45.0,"turns":5.0},{"damage":0.0,"enemies":"Spire Growth","floor":46.0,"turns":3.0},{"damage":27,"enemies":"Awakened One","floor":50,"turns":15}],"seed_played":"1360446675805194569","potions_obtained":[{"floor":2.0,"key":"Swift Potion"},{"floor":3.0,"key":"Fire Potion"},{"floor":5.0,"key":"AttackPotion"},{"floor":7.0,"key":"SpeedPotion"},{"floor":16.0,"key":"Block Potion"},{"floor":20.0,"key":"Block Potion"},{"floor":24.0,"key":"Poison Potion"},{"floor":31.0,"key":"SteroidPotion"},{"floor":33.0,"key":"Swift Potion"},{"floor":40.0,"key":"Weak Potion"},{"floor":42.0,"key":"EssenceOfSteel"},{"floor":45.0,"key":"Dexterity Potion"},{"floor":46.0,"key":"Energy Potion"}],"is_trial":false,"path_per_floor":["M","M","M","M","M","E","M","R","T","?","E","R","?","E","R","B",null,"M","M","M","M","?","R","M","R","T","M","E","?","$","M","R","B",null,"M","?","?","?","M","E","R","E","T","M","M","M","$","?","R","B"],"character_chosen":"THE_SILENT","items_purchased":["Happy Flower","Toy Ornithopter","Calipers","Dagger Throw","Escape Plan","Dodge and Roll","Blind"],"campfire_rested":4,"item_purchase_floors":[30,30,30,47,47,47,47],"current_hp_per_floor":[70,70,70,66,66,64,64,64,64,64,54,54,40,36,36,10,70,70,57,27,6,6,27,27,48,48,48,41,41,41,33,54,17,70,70,66,66,66,66,49,66,65,65,56,66,66,66,66,66,47],"gold":127,"neow_bonus":"BOSS_RELIC","is_prod":false,"is_daily":false,"chose_seed":false,"campfire_upgraded":3,"win_rate":0,"timestamp":1540279933,"path_taken":["M","M","M","M","M","E","M","R","T","?","E","R","?","E","R","BOSS","M","M","M","M","?","R","M","R","T","M","E","?","$","M","R","BOSS","M","?","?","?","M","E","R","E","T","M","M","M","$","?","R","BOSS"],"build_version":"2018-10-18","purchased_purges":0,"victory":true,"max_hp_per_floor":[70,70,70,70,70,70,70,70,70,70,70,70,70,70,70,70,70,70,70,70,70,70,70,70,70,70,70,70,70,70,70,70,70,70,70,66,66,66,66,66,66,66,66,66,66,66,66,66,66,66],"card_choices":[{"not_picked":["Underhanded Strike","Distraction"],"picked":"Blur","floor":1.0},{"not_picked":["Well Laid Plans","Deflect"],"picked":"Masterful Stab","floor":2.0},{"not_picked":["Blur","Deflect"],"picked":"Finisher","floor":3.0},{"not_picked":["Calculated Gamble","Deadly Poison"],"picked":"Masterful Stab","floor":4.0},{"not_picked":["Dagger Throw","Masterful Stab"],"picked":"Expertise","floor":5.0},{"not_picked":["Caltrops","Dagger Throw"],"picked":"Blade Dance","floor":6.0},{"not_picked":["Prepared","Catalyst"],"picked":"Flying Knee","floor":7.0},{"not_picked":["Dagger Throw","Slice"],"picked":"Dagger Spray","floor":11.0},{"not_picked":["Dagger Throw","Outmaneuver"],"picked":"Predator","floor":14.0},{"not_picked":["Night Terror","Storm of Steel"],"picked":"Tools of the Trade","floor":16.0},{"not_picked":["Dodge and Roll","Blade Dance+1"],"picked":"Backflip+1","floor":18.0},{"not_picked":["Acrobatics","Prepared"],"picked":"Dash","floor":19.0},{"not_picked":["Skewer","Riddle With Holes"],"picked":"Quick Slash","floor":20.0},{"not_picked":["Underhanded Strike","Well Laid Plans"],"picked":"Flying Knee+1","floor":21.0},{"not_picked":["Acrobatics","Blade Dance","Crippling Poison"],"picked":"SKIP","floor":24.0},{"not_picked":["Dagger Throw+1","Riddle With Holes"],"picked":"Dash+1","floor":27.0},{"not_picked":["Blur","Quick Slash"],"picked":"Corpse Explosion","floor":28.0},{"not_picked":["Heel Hook","Escape Plan"],"picked":"Blade Dance+1","floor":31.0},{"not_picked":["Storm of Steel","Phantasmal Killer"],"picked":"Burst","floor":33.0},{"not_picked":["Dagger Spray+1","Tactician","Infinite Blades"],"picked":"SKIP","floor":35.0},{"not_picked":["Poisoned Stab+1","Slice"],"picked":"Reflex+1","floor":37.0},{"not_picked":["Poisoned Stab","Quick Slash+1"],"picked":"Acrobatics","floor":39.0},{"not_picked":["Heel Hook","Dagger Throw"],"picked":"Backflip+1","floor":40.0},{"not_picked":["Corpse Explosion","Night Terror"],"picked":"Leg Sweep+1","floor":42.0},{"not_picked":["Outmaneuver","Deadly Poison+1"],"picked":"Backflip","floor":44.0},{"not_picked":["Deflect+1","PiercingWail"],"picked":"Dodge and Roll+1","floor":45.0},{"not_picked":["Bane+1","Skewer","Deadly Poison"],"picked":"SKIP","floor":46.0}],"player_experience":34904,"relics_obtained":[{"floor":6.0,"key":"Ancient Tea Set"},{"floor":9.0,"key":"Dodecahedron"},{"floor":11.0,"key":"Juzu Bracelet"},{"floor":14.0,"key":"StoneCalendar"},{"floor":26.0,"key":"Bag of Marbles"},{"floor":28.0,"key":"Whetstone"},{"floor":37.0,"key":"Tingsha"},{"floor":40.0,"key":"Unceasing Top"},{"floor":42.0,"key":"Girya"},{"floor":43.0,"key":"Omamori"}],"event_choices":[{"damage_healed":0.0,"max_hp_gain":0.0,"max_hp_loss":0.0,"gold_gain":57.0,"event_name":"Golden Wing","player_choice":"Gained Gold","floor":10.0,"gold_loss":0.0,"damage_taken":0.0},{"damage_healed":0.0,"max_hp_gain":0.0,"max_hp_loss":0.0,"gold_gain":0.0,"event_name":"Shining Light","player_choice":"Entered Light","floor":13.0,"gold_loss":0.0,"damage_taken":14.0,"cards_upgraded":["Blur","Masterful Stab"]},{"damage_healed":0.0,"max_hp_gain":0.0,"max_hp_loss":0.0,"gold_gain":99.0,"event_name":"Nest","player_choice":"Stole From Cult","floor":22.0,"gold_loss":0.0,"damage_taken":0.0},{"damage_healed":0.0,"max_hp_gain":0.0,"max_hp_loss":0.0,"gold_gain":0.0,"event_name":"The Mausoleum","player_choice":"Opened","floor":29.0,"gold_loss":0.0,"damage_taken":0.0,"relics_obtained":["Centennial Puzzle"]},{"damage_healed":0.0,"max_hp_gain":0.0,"max_hp_loss":4.0,"gold_gain":0.0,"event_name":"Winding Halls","player_choice":"Max HP","floor":36.0,"gold_loss":0.0,"damage_taken":0.0},{"damage_healed":0.0,"max_hp_gain":0.0,"max_hp_loss":0.0,"gold_gain":0.0,"event_name":"MindBloom","player_choice":"Fight","floor":37.0,"gold_loss":0.0,"damage_taken":0.0},{"cards_removed":["Tools of the Trade"],"damage_healed":0.0,"max_hp_gain":0.0,"max_hp_loss":0.0,"gold_gain":0.0,"event_name":"Falling","player_choice":"Removed Power","floor":38.0,"gold_loss":0.0,"damage_taken":0.0},{"damage_healed":0.0,"max_hp_gain":0.0,"max_hp_loss":0.0,"gold_gain":0.0,"event_name":"SecretPortal","player_choice":"Ignored","floor":48.0,"gold_loss":0.0,"damage_taken":0.0}],"is_beta":false,"boss_relics":[{"not_picked":["Lizard Tail","Runic Pyramid"],"picked":"Pandora\u0027s Box"},{"not_picked":["Cursed Key","Runic Dome"],"picked":"Fusion Hammer"}],"items_purged_floors":[],"is_endless":false,"potions_floor_spawned":[2,3,5,7,16,20,24,31,33,40,42,45,46],"ascension_level":4}