{"gold_per_floor":[112,112,287,303,316,350,350,394,394,111,111,125,148,163,163,294,294,315,238,262,262,262,297,311,311,311,324,324],"floor_reached":28,"playtime":2078,"items_purged":[],"score":250,"play_id":"683f1989-c4d1-4853-b8db-57b650ebcc7a","local_time":"20180624143510","is_ascension_mode":false,"campfire_choices":[{"data":"Rainbow","floor":7,"key":"SMITH"},{"floor":11,"key":"REST"},{"floor":15,"key":"REST"},{"floor":25,"key":"REST"}],"neow_cost":"NONE","seed_source_timestamp":20678293561407,"circlet_count":0,"master_deck":["Strike_B","Strike_B","Strike_B","Strike_B","Defend_B","Defend_B","Defend_B","Zap","Dualcast","Turbo","Injury","Doubt","Compile Driver","Chaos","Rainbow+1","BootSequence","Panache","Streamline","Auto Shields","Static Discharge","Go for the Eyes","Static Discharge","Reprogram","Chaos","Thunder Strike","Redo+1","Streamline+1","Redo","Ball Lightning+1","Streamline"],"relics":["Cracked Core","Golden Idol","Matryoshka","Mummified Hand","Dream Catcher","Bottled Flame","Nuclear Battery","Nilry\u0027s Codex","Calipers","Darkstone Periapt","Vajra","Pen Nib"],"potions_floor_usage":[8,8,24],"damage_taken":[{"damage":0,"enemies":"Small Slimes","floor":1,"turns":2},{"damage":10,"enemies":"2 Louse","floor":4,"turns":2},{"damage":6,"enemies":"Jaw Worm","floor":5,"turns":2},{"damage":21,"enemies":"Lagavulin","floor":6,"turns":5},{"damage":29,"enemies":"3 Sentries","floor":8,"turns":5},{"damage":7,"enemies":"Exordium Wildlife","floor":12,"turns":5},{"damage":0,"enemies":"Red Slaver","floor":13,"turns":3},{"damage":5,"enemies":"Exordium Thugs","floor":14,"turns":3},{"damage":22,"enemies":"The Guardian","floor":16,"turns":8},{"damage":7,"enemies":"3 Byrds","floor":18,"turns":4},{"damage":20,"enemies":"2 Thieves","floor":20,"turns":4},{"damage":21,"enemies":"Slavers","floor":23,"turns":4},{"damage":3,"enemies":"Snake Plant","floor":24,"turns":4},{"damage":13,"enemies":"Centurion and Healer","floor":27,"turns":6},{"damage":30,"enemies":"Snecko","floor":28,"turns":3}],"seed_played":"-7359474573775617272","potions_obtained":[{"floor":4,"key":"FearPotion"},{"floor":5,"key":"Strength Potion"},{"floor":6,"key":"Ancient Potion"},{"floor":13,"key":"Explosive Potion"},{"floor":20,"key":"EssenceOfSteel"},{"floor":24,"key":"EssenceOfSteel"}],"is_trial":false,"path_per_floor":["M","?","?","M","M","E","R","E","T","$","R","M","M","M","R","B",null,"M","?","M","?","?","E","M","R","T","M"],"character_chosen":"DEFECT","items_purchased":["Panache","Streamline","Auto Shields"],"campfire_rested":3,"item_purchase_floors":[10,10,10],"current_hp_per_floor":[75,75,75,65,59,38,38,9,9,9,31,24,24,19,41,19,75,68,68,48,32,32,11,8,30,30,24,0],"gold":324,"neow_bonus":"REMOVE_CARD","is_prod":false,"is_daily":false,"chose_seed":false,"campfire_upgraded":1,"win_rate":0.0,"timestamp":1529865310,"path_taken":["M","?","?","?","M","E","R","E","T","$","R","M","M","M","R","BOSS","M","?","M","?","?","E","M","R","T","M","?"],"build_version":"2018-06-21v2","purchased_purges":0,"victory":false,"max_hp_per_floor":[75,75,75,75,75,75,75,75,75,75,75,75,75,75,75,75,75,75,75,75,75,75,75,75,75,75,75,75],"card_choices":[{"not_picked":["Beam Cell","Aggregate"],"picked":"Turbo","floor":1},{"not_picked":["Go for the Eyes","Scrape"],"picked":"Compile Driver","floor":4},{"not_picked":["Streamline","Steam"],"picked":"Chaos","floor":5},{"not_picked":["Go for the Eyes","Streamline"],"picked":"Rainbow","floor":6},{"not_picked":["Self Repair","Amplify"],"picked":"BootSequence","floor":8},{"not_picked":["Go for the Eyes","Beam Cell"],"picked":"Static Discharge","floor":11},{"not_picked":["Compile Driver","Stack"],"picked":"Go for the Eyes","floor":12},{"not_picked":["Blizzard","Fusion"],"picked":"Static Discharge","floor":13},{"not_picked":["Scrape","Stack"],"picked":"Reprogram","floor":14},{"not_picked":["Streamline","Conserve Battery"],"picked":"Chaos","floor":15},{"not_picked":["Seek","Multi-Cast"],"picked":"Thunder Strike","floor":16},{"not_picked":["Stack+1","Heatsinks","Beam Cell"],"picked":"SKIP","floor":18},{"not_picked":["Conserve Battery","Reinforced Body"],"picked":"Redo+1","floor":20},{"not_picked":["Hello World","Cold Snap"],"picked":"Streamline+1","floor":23},{"not_picked":["Steam","Force Field"],"picked":"Redo","floor":24},{"not_picked":["Hologram","FTL"],"picked":"Ball Lightning+1","floor":25},{"not_picked":["Hologram","Blizzard"],"picked":"Streamline","floor":27}],"player_experience":75815,"relics_obtained":[{"floor":6,"key":"Matryoshka"},{"floor":8,"key":"Mummified Hand"},{"floor":9,"key":"Dream Catcher"},{"floor":9,"key":"Bottled Flame"},{"floor":21,"key":"Nilry\u0027s Codex"},{"floor":23,"key":"Darkstone Periapt"},{"floor":26,"key":"Vajra"},{"floor":26,"key":"Pen Nib"}],"event_choices":[{"event_name":"Golden Idol","player_choice":"Take Wound","floor":2,"damage_taken":0},{"event_name":"Liars Game","player_choice":"agreed","floor":3,"damage_taken":0},{"event_name":"Drug Dealer","player_choice":"Got JAXXED","floor":19,"damage_taken":0},{"event_name":"Cursed Tome","player_choice":"Obtained Book","floor":21,"damage_taken":0},{"event_name":"Addict","player_choice":"Gave JAX","floor":22,"damage_taken":0}],"boss_relics":[{"not_picked":["Runic Pyramid","Lizard Tail"],"picked":"Nuclear Battery"}],"items_purged_floors":[],"is_endless":false,"potions_floor_spawned":[4,5,6,13,20,24,27],"killed_by":"Snecko","ascension_level":0}