{"gold_per_floor":[109,34,34,54,74,74,86,102,102,137,157,169,217,246,246,246],"floor_reached":16,"playtime":677,"items_purged":["Strike_B"],"score":205,"play_id":"61bf2f45-6707-47e6-b703-525afe20262a","local_time":"20190110233550","is_ascension_mode":true,"campfire_choices":[{"data":"Zap","floor":6,"key":"SMITH"},{"data":"Loop","floor":15,"key":"SMITH"}],"neow_cost":"NONE","seed_source_timestamp":88111519464500,"circlet_count":0,"master_deck":["AscendersBane","Strike_B","Strike_B","Strike_B","Defend_B","Defend_B","Defend_B","Defend_B","Zap+1","Dualcast","Leap","Cold Snap","Skim","Loop+1","Chill","Sweeping Beam","BootSequence","Tempest"],"relics":["Cracked Core","The Courier","Meat on the Bone","Strawberry","PreservedInsect","Dream Catcher"],"potions_floor_usage":[10,12,14,16],"damage_taken":[{"damage":2,"enemies":"Jaw Worm","floor":1,"turns":3},{"damage":1,"enemies":"Cultist","floor":4,"turns":4},{"damage":1,"enemies":"Small Slimes","floor":5,"turns":4},{"damage":7,"enemies":"Exordium Wildlife","floor":7,"turns":5},{"damage":1,"enemies":"Blue Slaver","floor":8,"turns":5},{"damage":45,"enemies":"Lagavulin","floor":10,"turns":8},{"damage":4,"enemies":"Red Slaver","floor":11,"turns":4},{"damage":12,"enemies":"Gremlin Gang","floor":12,"turns":6},{"damage":20,"enemies":"Gremlin Nob","floor":14,"turns":3},{"damage":33,"enemies":"The Guardian","floor":16,"turns":8}],"seed_played":"8366250215480396583","potions_obtained":[{"floor":4,"key":"FearPotion"},{"floor":8,"key":"Fire Potion"},{"floor":11,"key":"Energy Potion"},{"floor":14,"key":"AttackPotion"}],"is_trial":false,"path_per_floor":["M","$","?","M","M","R","M","M","T","E","M","M","T","E","R","B"],"character_chosen":"DEFECT","items_purchased":[],"campfire_rested":0,"item_purchase_floors":[],"current_hp_per_floor":[69,69,69,68,67,67,60,59,59,33,41,41,41,33,33,0],"gold":246,"neow_bonus":"TEN_PERCENT_HP_BONUS","is_prod":false,"is_daily":false,"chose_seed":false,"campfire_upgraded":2,"win_rate":0,"timestamp":1547192150,"path_taken":["M","$","?","?","M","R","M","M","T","E","M","M","?","E","R","BOSS"],"build_version":"2019-01-10","purchased_purges":1,"victory":false,"max_hp_per_floor":[78,78,78,78,78,78,78,78,78,85,85,85,85,85,85,85],"card_choices":[{"not_picked":["Barrage","Leap"],"picked":"Ball Lightning","floor":1},{"not_picked":["Barrage","Force Field"],"picked":"Leap","floor":4},{"not_picked":["Steam","Leap"],"picked":"Cold Snap","floor":5},{"not_picked":["Hologram","Heatsinks"],"picked":"Skim","floor":7},{"not_picked":["Redo","Darkness"],"picked":"Loop","floor":8},{"not_picked":["All For One","Barrage"],"picked":"Chill","floor":10},{"not_picked":["Hologram","Conserve Battery"],"picked":"Sweeping Beam","floor":11},{"not_picked":["FTL","Storm"],"picked":"BootSequence","floor":12},{"not_picked":["Cold Snap","Stack"],"picked":"Tempest","floor":14}],"player_experience":1058800,"relics_obtained":[{"floor":9,"key":"Meat on the Bone"},{"floor":10,"key":"Strawberry"},{"floor":13,"key":"PreservedInsect"},{"floor":14,"key":"Dream Catcher"}],"event_choices":[{"cards_removed":["Ball Lightning"],"damage_healed":0,"gold_gain":0,"player_choice":"Gave Card","damage_taken":0,"relics_obtained":["The Courier"],"max_hp_gain":0,"max_hp_loss":0,"event_name":"WeMeetAgain","floor":3,"gold_loss":0}],"is_beta":false,"boss_relics":[],"items_purged_floors":[2],"is_endless":false,"potions_floor_spawned":[4,8,11,14],"killed_by":"The Guardian","ascension_level":16}