{"gold_per_floor":[112,112,126,126,139,139,156,156,156,156,156,175,175,201,201,299,299,313,325,250,261,135,135,149,149,149,161,218,184,184,199,199,199],"floor_reached":33,"playtime":626,"items_purged":["Strike_B"],"score":265,"play_id":"a97c1645-26c8-4532-9bbf-74d11f6ffb0b","local_time":"20190119155624","is_ascension_mode":false,"campfire_choices":[{"data":"Dualcast","floor":6.0,"key":"SMITH"},{"data":"Zap","floor":8.0,"key":"SMITH"},{"data":"Ball Lightning","floor":10.0,"key":"SMITH"},{"data":"Electrodynamics","floor":15.0,"key":"SMITH"},{"data":"Stack","floor":23.0,"key":"SMITH"},{"data":"Echo Form","floor":25.0,"key":"SMITH"},{"data":"Defend_B","floor":27.0,"key":"SMITH"},{"data":"Conserve Battery","floor":30,"key":"SMITH"},{"data":"Electrodynamics","floor":32,"key":"SMITH"}],"neow_cost":"NONE","seed_source_timestamp":2232835849147866,"circlet_count":0,"master_deck":["Strike_B+1","Defend_B+1","Defend_B","Defend_B","Defend_B+1","Zap+1","Dualcast+1","Ball Lightning+1","Ball Lightning","Electrodynamics+1","Echo Form+1","Defragment+1","Cold Snap","Stack+1","Electrodynamics+1","Conserve Battery+1"],"special_seed":0,"relics":["Cracked Core","Pen Nib","Meat on the Bone","Sozu","MawBank"],"potions_floor_usage":[],"damage_taken":[{"damage":0.0,"enemies":"Small Slimes","floor":1.0,"turns":2.0},{"damage":0.0,"enemies":"2 Louse","floor":3.0,"turns":2.0},{"damage":0.0,"enemies":"Cultist","floor":5.0,"turns":2.0},{"damage":7.0,"enemies":"Blue Slaver","floor":7.0,"turns":2.0},{"damage":0.0,"enemies":"3 Louse","floor":12.0,"turns":2.0},{"damage":4.0,"enemies":"3 Sentries","floor":14.0,"turns":3.0},{"damage":30.0,"enemies":"Hexaghost","floor":16.0,"turns":7.0},{"damage":0.0,"enemies":"3 Byrds","floor":18.0,"turns":1.0},{"damage":2.0,"enemies":"Chosen","floor":19.0,"turns":3.0},{"damage":0.0,"enemies":"3 Cultists","floor":21.0,"turns":2.0},{"damage":2.0,"enemies":"Cultist and Chosen","floor":24.0,"turns":3.0},{"damage":23.0,"enemies":"Gremlin Leader","floor":28.0,"turns":3.0},{"damage":8,"enemies":"Snecko","floor":31,"turns":4},{"damage":50,"enemies":"Champ","floor":33,"turns":7}],"seed_played":"-8499727771984489537","potions_obtained":[{"floor":0.0,"key":"Fruit Juice"},{"floor":0.0,"key":"EssenceOfSteel"},{"floor":0.0,"key":"Weak Potion"},{"floor":3.0,"key":"Explosive Potion"},{"floor":14.0,"key":"Energy Potion"}],"is_trial":false,"path_per_floor":["M","?","M","$","M","R","M","R","T","R","?","M","?","E","R","B",null,"M","M","?","M","$","R","M","R","T","R","E","$","R","M","R","B"],"character_chosen":"DEFECT","items_purchased":["Stack","Conserve Battery"],"campfire_rested":0,"item_purchase_floors":[22,29],"current_hp_per_floor":[80,85,85,85,85,85,78,78,78,78,61,61,54,50,50,32,85,85,83,83,83,83,83,81,81,81,81,58,58,58,50,50,0],"gold":199,"neow_bonus":"THREE_SMALL_POTIONS","is_prod":false,"is_daily":false,"chose_seed":false,"campfire_upgraded":9,"win_rate":0,"timestamp":1547913384,"path_taken":["M","?","M","$","M","R","M","R","T","R","?","M","?","E","R","BOSS","M","M","?","M","$","R","M","R","T","R","E","$","R","M","R","BOSS"],"build_version":"2019-01-17v2","purchased_purges":1,"victory":false,"max_hp_per_floor":[80,85,85,85,85,85,85,85,85,85,85,85,85,85,85,85,85,85,85,85,85,85,85,85,85,85,85,85,85,85,85,85,85],"card_choices":[{"not_picked":["Hologram","Compile Driver"],"picked":"Ball Lightning","floor":1.0},{"not_picked":["Sweeping Beam","Tempest"],"picked":"Ball Lightning","floor":3.0},{"not_picked":["Turbo","Doom and Gloom","Steam"],"picked":"SKIP","floor":5.0},{"not_picked":["Turbo","Cold Snap","Beam Cell"],"picked":"SKIP","floor":7.0},{"not_picked":["Sweeping Beam","Redo","Steam"],"picked":"SKIP","floor":12.0},{"not_picked":["Scrape","Stack"],"picked":"Electrodynamics","floor":14.0},{"not_picked":["Thunder Strike","Fission"],"picked":"Echo Form","floor":16.0},{"not_picked":["Self Repair","Melter","Stack"],"picked":"SKIP","floor":18.0},{"not_picked":["Go for the Eyes","Streamline+1"],"picked":"Defragment+1","floor":19.0},{"not_picked":["Chaos","Go for the Eyes"],"picked":"Cold Snap","floor":21.0},{"not_picked":["Cold Snap","Leap","Reinforced Body"],"picked":"SKIP","floor":24.0},{"not_picked":["Turbo","Beam Cell"],"picked":"Electrodynamics","floor":28},{"not_picked":["Gash","Redo+1","Ball Lightning"],"picked":"SKIP","floor":31}],"player_experience":980865,"relics_obtained":[{"floor":9.0,"key":"Pen Nib"},{"floor":14.0,"key":"Meat on the Bone"},{"floor":26.0,"key":"MawBank"}],"event_choices":[{"damage_healed":0.0,"max_hp_gain":5.0,"max_hp_loss":0.0,"gold_gain":0.0,"event_name":"Big Fish","player_choice":"Donut","floor":2.0,"gold_loss":0.0,"damage_taken":0.0},{"damage_healed":0.0,"max_hp_gain":0.0,"max_hp_loss":0.0,"gold_gain":0.0,"event_name":"Shining Light","player_choice":"Entered Light","floor":11.0,"gold_loss":0.0,"damage_taken":17.0,"cards_upgraded":["Defend_B","Strike_B"]},{"cards_removed":["Strike_B"],"damage_healed":0.0,"max_hp_gain":0.0,"max_hp_loss":0.0,"gold_gain":0.0,"event_name":"Golden Wing","player_choice":"Card Removal","floor":13.0,"gold_loss":0.0,"damage_taken":7.0},{"cards_removed":["Strike_B"],"damage_healed":0.0,"max_hp_gain":0.0,"max_hp_loss":0.0,"gold_gain":0.0,"event_name":"Beggar","player_choice":"Gave Gold","floor":20.0,"gold_loss":75.0,"damage_taken":0.0}],"is_beta":false,"boss_relics":[{"not_picked":["Lizard Tail","Busted Crown"],"picked":"Sozu"}],"items_purged_floors":[22],"is_endless":false,"potions_floor_spawned":[3,14,16,18,24,28],"killed_by":"Champ","ascension_level":0}