{"gold_per_floor":[112,124,38,56,68,68,93,93,93,118,128,128,178,196,196,268,268,278,249,69,81,81,81,81],"floor_reached":24,"playtime":5136,"items_purged":["Strike_G"],"score":416,"play_id":"5e29613a-c709-459b-a76e-1137f8ed4fd8","local_time":"20190207102814","is_ascension_mode":true,"campfire_choices":[{"data":"Neutralize","floor":6,"key":"SMITH"},{"floor":8,"key":"REST"},{"floor":12,"key":"REST"},{"data":"Noxious Fumes","floor":15,"key":"SMITH"},{"floor":23,"key":"REST"}],"neow_cost":"NONE","seed_source_timestamp":169296407729900,"circlet_count":0,"master_deck":["AscendersBane","Defend_G","Defend_G","Defend_G","Defend_G","Defend_G","Strike_G","Strike_G","Strike_G","Survivor","Neutralize+1","Dagger Throw","Cloak And Dagger","Noxious Fumes+1","Bane","Caltrops","Die Die Die","Dodge and Roll","Footwork","Cloak And Dagger","Sucker Punch"],"relics":["Ring of the Snake","Singing Bowl","Blue Candle","Paper Crane","Sozu"],"potions_floor_usage":[7,11,14,16],"damage_taken":[{"damage":7,"enemies":"Jaw Worm","floor":1,"turns":10},{"damage":0,"enemies":"Cultist","floor":2,"turns":4},{"damage":0,"enemies":"2 Louse","floor":4,"turns":3},{"damage":1,"enemies":"Blue Slaver","floor":5,"turns":4},{"damage":22,"enemies":"Lagavulin","floor":7,"turns":8},{"damage":44,"enemies":"Gremlin Nob","floor":10,"turns":5},{"damage":1,"enemies":"2 Fungi Beasts","floor":11,"turns":4},{"damage":13,"enemies":"Large Slime","floor":14,"turns":7},{"damage":6,"enemies":"The Guardian","floor":16,"turns":12},{"damage":4,"enemies":"Shell Parasite","floor":18,"turns":7},{"damage":3,"enemies":"2 Thieves","floor":19,"turns":4},{"damage":14,"enemies":"Snecko","floor":21,"turns":8},{"damage":24,"enemies":"Colosseum Slavers","floor":22,"turns":5},{"damage":43,"enemies":"Gremlin Leader","floor":24,"turns":7}],"seed_played":"-3581404189525696304","potions_obtained":[{"floor":2,"key":"AttackPotion"},{"floor":7,"key":"Regen Potion"},{"floor":10,"key":"Explosive Potion"},{"floor":11,"key":"SteroidPotion"}],"is_trial":false,"path_per_floor":["M","M","$","M","M","R","E","R","T","E","M","R","?","M","R","B",null,"M","M","$","M","?","R","E"],"character_chosen":"THE_SILENT","items_purchased":["Noxious Fumes","Footwork","Cloak And Dagger"],"campfire_rested":3,"item_purchase_floors":[3,20,20],"current_hp_per_floor":[52,52,52,52,51,51,31,51,51,7,20,40,34,23,23,19,59,57,56,56,42,18,40,0],"gold":81,"neow_bonus":"REMOVE_CARD","is_prod":false,"is_daily":false,"chose_seed":false,"campfire_upgraded":2,"win_rate":0,"timestamp":1549531694,"path_taken":["M","M","$","M","M","R","E","R","T","E","M","R","?","?","R","BOSS","M","M","$","M","?","R","E"],"build_version":"2019-01-23","purchased_purges":1,"victory":false,"max_hp_per_floor":[66,66,66,66,66,66,68,68,68,68,68,68,68,70,70,72,72,74,76,76,76,76,76,76],"card_choices":[{"not_picked":["Underhanded Strike","Reflex"],"picked":"Dagger Throw","floor":1},{"not_picked":["Dagger Throw","Backflip"],"picked":"Cloak And Dagger","floor":2},{"not_picked":["Blade Dance","Eviscerate"],"picked":"Bane","floor":4},{"not_picked":["Distraction","Quick Slash"],"picked":"Caltrops","floor":5},{"not_picked":["All Out Attack","Accuracy","Doppelganger"],"picked":"Singing Bowl","floor":7},{"not_picked":["Terror","Caltrops"],"picked":"Die Die Die","floor":10},{"not_picked":["Caltrops","Blade Dance"],"picked":"Dodge and Roll","floor":11},{"not_picked":["Caltrops","Predator","Sucker Punch"],"picked":"Singing Bowl","floor":14},{"not_picked":["Storm of Steel","Unload","Glass Knife"],"picked":"Singing Bowl","floor":16},{"not_picked":["Flying Knee","Prepared","Poisoned Stab"],"picked":"Singing Bowl","floor":18},{"not_picked":["Slice","Deflect","Endless Agony"],"picked":"Singing Bowl","floor":19},{"not_picked":["Catalyst","Poisoned Stab"],"picked":"Sucker Punch","floor":21}],"player_experience":453407,"relics_obtained":[{"floor":7,"key":"Singing Bowl"},{"floor":9,"key":"Blue Candle"},{"floor":10,"key":"Paper Crane"}],"event_choices":[{"damage_healed":0,"gold_gain":50,"player_choice":"Touch","damage_taken":6,"max_hp_gain":0,"max_hp_loss":0,"event_name":"FaceTrader","floor":13,"gold_loss":0},{"damage_healed":0,"gold_gain":0,"player_choice":"Fight","damage_taken":0,"max_hp_gain":0,"max_hp_loss":0,"event_name":"Colosseum","floor":22,"gold_loss":0},{"damage_healed":0,"gold_gain":0,"player_choice":"Fled From Nobs","damage_taken":0,"max_hp_gain":0,"max_hp_loss":0,"event_name":"Colosseum","floor":22,"gold_loss":0}],"is_beta":false,"boss_relics":[{"not_picked":["White Beast Statue","Philosopher\u0027s Stone"],"picked":"Sozu"}],"items_purged_floors":[20],"is_endless":false,"potions_floor_spawned":[2,7,10,11,18,22],"killed_by":"Gremlin Leader","ascension_level":20}