{"gold_per_floor":[111,111,111,111,130,130,160,160,160,174,201,201,201,234,234,336,336,276,276,276,276,276,276,276,276,276,276,276,276,276,276,276,276,276,276,276,276,276,276,276,276,276,276,9,9,9,9,9,9,9],"floor_reached":51,"playtime":1692,"items_purged":["Recycle"],"score":730,"play_id":"969683d9-9c11-4cdc-8c91-2fe9c1a0ea49","local_time":"20190101182305","is_ascension_mode":false,"campfire_choices":[{"data":"Defragment","floor":6.0,"key":"SMITH"},{"data":"Zap","floor":12.0,"key":"SMITH"},{"data":"Rainbow","floor":15.0,"key":"SMITH"},{"data":"Buffer","floor":23.0,"key":"SMITH"},{"data":"Echo Form","floor":25.0,"key":"SMITH"},{"data":"Rainbow","floor":27.0,"key":"SMITH"},{"data":"Ball Lightning","floor":29.0,"key":"SMITH"},{"floor":32.0,"key":"REST"},{"data":"Chaos","floor":40,"key":"SMITH"},{"data":"Conserve Battery","floor":46,"key":"SMITH"},{"floor":49,"key":"REST"}],"neow_cost":"NONE","seed_source_timestamp":685058482148450,"circlet_count":0,"master_deck":["Defend_B","Defend_B+1","Defend_B","Defend_B","Zap+1","Dualcast+1","Defragment+1","Conserve Battery+1","Rainbow+1","Buffer+1","Echo Form+1","Ball Lightning+1","Rainbow+1","Chaos+1","Hologram+1","Coolheaded+1","Chill+1","BootSequence+1"],"special_seed":0,"relics":["Cracked Core","Meat on the Bone","Potion Belt","Singing Bowl","Blood Vial","Bag of Marbles","Ectoplasm","DataDisk","Tiny House","Du-Vu Doll","Shuriken","Cauldron"],"potions_floor_usage":[37,37,50,50,50,50,50,50,50],"damage_taken":[{"damage":0.0,"enemies":"Small Slimes","floor":1.0,"turns":4.0},{"damage":3.0,"enemies":"2 Louse","floor":5.0,"turns":3.0},{"damage":8.0,"enemies":"Gremlin Nob","floor":7.0,"turns":3.0},{"damage":0.0,"enemies":"Jaw Worm","floor":10.0,"turns":3.0},{"damage":21.0,"enemies":"Lagavulin","floor":14.0,"turns":7.0},{"damage":10.0,"enemies":"Hexaghost","floor":16.0,"turns":8.0},{"damage":13.0,"enemies":"2 Thieves","floor":18.0,"turns":5.0},{"damage":6.0,"enemies":"Shell Parasite","floor":20.0,"turns":6.0},{"damage":29.0,"enemies":"Centurion and Healer","floor":21.0,"turns":7.0},{"damage":12.0,"enemies":"3 Cultists","floor":22.0,"turns":6.0},{"damage":10.0,"enemies":"Colosseum Slavers","floor":28.0,"turns":4.0},{"damage":8.0,"enemies":"Shelled Parasite and Fungi","floor":30.0,"turns":4.0},{"damage":39.0,"enemies":"Automaton","floor":33.0,"turns":11.0},{"damage":14.0,"enemies":"3 Darklings","floor":35.0,"turns":6.0},{"damage":0.0,"enemies":"Mind Bloom Boss Battle","floor":36.0,"turns":6.0},{"damage":4,"enemies":"3 Shapes","floor":37,"turns":4},{"damage":4,"enemies":"Jaw Worm Horde","floor":39,"turns":5},{"damage":0,"enemies":"3 Darklings","floor":41,"turns":6},{"damage":0,"enemies":"Spire Growth","floor":42,"turns":6},{"damage":24,"enemies":"Jaw Worm Horde","floor":45,"turns":5},{"damage":0,"enemies":"Sphere and 2 Shapes","floor":47,"turns":4},{"damage":0,"enemies":"Donu and Deca","floor":50,"turns":10}],"seed_played":"1095885086773469287","potions_obtained":[{"floor":1.0,"key":"AttackPotion"},{"floor":5.0,"key":"Energy Potion"},{"floor":16.0,"key":"Fire Potion"},{"floor":20.0,"key":"Energy Potion"},{"floor":22.0,"key":"AttackPotion"},{"floor":33.0,"key":"Dexterity Potion"},{"floor":34.0,"key":"FairyPotion"},{"floor":37,"key":"EssenceOfSteel"},{"floor":39,"key":"AttackPotion"},{"floor":44,"key":"FocusPotion"},{"floor":44,"key":"FocusPotion"},{"floor":44,"key":"EntropicBrew"},{"floor":44,"key":"EssenceOfSteel"}],"is_trial":false,"path_per_floor":["M","$","?","?","M","R","E","?","T","M","T","R","$","E","R","B",null,"M","$","M","M","M","R","?","R","T","R","?","R","M","?","R","B",null,"M","?","M","?","M","R","M","M","T","$","M","R","M","?","R","B",null],"character_chosen":"DEFECT","items_purchased":["Cauldron"],"campfire_rested":2,"item_purchase_floors":[44],"current_hp_per_floor":[75,75,80,73,70,70,62,50,50,52,52,52,52,45,45,49,82,71,71,69,54,44,44,44,44,44,44,48,48,56,39,66,43,100,86,90,88,88,88,88,90,94,94,94,72,72,76,76,103,103],"gold":9,"neow_bonus":"UPGRADE_CARD","is_prod":false,"is_daily":false,"chose_seed":false,"campfire_upgraded":9,"win_rate":0,"timestamp":1546366985,"path_taken":["M","$","?","?","M","R","E","?","T","?","?","R","?","E","R","BOSS","M","$","M","M","M","R","?","R","T","R","?","R","M","?","R","BOSS","M","?","M","?","M","R","M","M","T","$","M","R","M","?","R","BOSS"],"build_version":"2018-12-20","purchased_purges":1,"victory":true,"max_hp_per_floor":[75,75,80,80,80,80,80,80,80,82,82,82,82,82,82,82,82,84,84,86,86,86,86,86,86,86,86,86,86,88,93,93,95,100,100,102,102,102,104,104,104,106,106,106,106,106,108,103,103,103],"card_choices":[{"not_picked":["Reprogram","Ball Lightning"],"picked":"Defragment","floor":1.0},{"not_picked":["Storm","Redo","Streamline"],"picked":"SKIP","floor":5.0},{"not_picked":["Double Energy","FTL"],"picked":"Conserve Battery","floor":7.0},{"not_picked":["Streamline","Compile Driver","Blizzard"],"picked":"Singing Bowl","floor":10.0},{"not_picked":["Beam Cell","Aggregate"],"picked":"Rainbow","floor":14.0},{"not_picked":["Thunder Strike","Biased Cognition"],"picked":"Buffer","floor":16.0},{"not_picked":["Gash+1","Compile Driver+1","Cold Snap"],"picked":"Singing Bowl","floor":18.0},{"not_picked":["Sweeping Beam","Go for the Eyes","Gash"],"picked":"Singing Bowl","floor":20.0},{"not_picked":["Leap","Hologram"],"picked":"Echo Form","floor":21.0},{"not_picked":["Streamline","Blizzard"],"picked":"Ball Lightning","floor":22.0},{"not_picked":["Compile Driver+1","Steam Power","Self Repair"],"picked":"Singing Bowl","floor":30.0},{"not_picked":["Multi-Cast","Reboot","Rainbow"],"picked":"Singing Bowl","floor":33.0},{"not_picked":["Stack","Go for the Eyes"],"picked":"Chaos","floor":34.0},{"not_picked":["Sweeping Beam+1","Steam+1"],"picked":"Hologram+1","floor":35.0},{"not_picked":["All For One","Scrape+1","Sweeping Beam+1"],"picked":"Singing Bowl","floor":36.0},{"not_picked":["Steam+1","Recycle+1"],"picked":"Coolheaded+1","floor":37},{"not_picked":["Streamline","Sunder","Redo"],"picked":"Singing Bowl","floor":39},{"not_picked":["Redo+1","Turbo+1"],"picked":"Chill+1","floor":41},{"not_picked":["Reprogram","Compile Driver","Sweeping Beam"],"picked":"Singing Bowl","floor":42},{"not_picked":["Machine Learning","Rebound"],"picked":"BootSequence+1","floor":45},{"not_picked":["Coolheaded+1","Stack","Double Energy+1"],"picked":"Singing Bowl","floor":47}],"player_experience":934105,"relics_obtained":[{"floor":7.0,"key":"Meat on the Bone"},{"floor":9.0,"key":"Singing Bowl"},{"floor":11.0,"key":"Blood Vial"},{"floor":14.0,"key":"Bag of Marbles"},{"floor":26.0,"key":"DataDisk"},{"floor":36.0,"key":"Du-Vu Doll"},{"floor":43,"key":"Shuriken"}],"event_choices":[{"damage_healed":0.0,"max_hp_gain":5.0,"max_hp_loss":0.0,"gold_gain":0.0,"event_name":"Big Fish","player_choice":"Donut","floor":3.0,"gold_loss":0.0,"damage_taken":0.0},{"cards_removed":["Strike_B"],"damage_healed":0.0,"max_hp_gain":0.0,"max_hp_loss":0.0,"gold_gain":0.0,"event_name":"Golden Wing","player_choice":"Card Removal","floor":4.0,"gold_loss":0.0,"damage_taken":7.0},{"damage_healed":0.0,"max_hp_gain":0.0,"max_hp_loss":0.0,"gold_gain":0.0,"event_name":"Scrap Ooze","player_choice":"Success","floor":8.0,"gold_loss":0.0,"damage_taken":12.0,"relics_obtained":["Potion Belt"]},{"damage_healed":0.0,"max_hp_gain":0.0,"max_hp_loss":0.0,"gold_gain":0.0,"cards_transformed":["Strike_B","Strike_B"],"event_name":"Drug Dealer","player_choice":"Became Test Subject","floor":24.0,"gold_loss":0.0,"damage_taken":0.0,"cards_obtained":["Recycle","Rainbow"]},{"damage_healed":0.0,"max_hp_gain":0.0,"max_hp_loss":0.0,"gold_gain":0.0,"event_name":"Colosseum","player_choice":"Fight","floor":28.0,"gold_loss":0.0,"damage_taken":0.0},{"damage_healed":0.0,"max_hp_gain":0.0,"max_hp_loss":0.0,"gold_gain":0.0,"event_name":"Colosseum","player_choice":"Fled From Nobs","floor":28.0,"gold_loss":0.0,"damage_taken":0.0},{"damage_healed":0.0,"max_hp_gain":5.0,"max_hp_loss":0.0,"gold_gain":0.0,"event_name":"Forgotten Altar","player_choice":"Shed Blood","floor":31.0,"gold_loss":0.0,"damage_taken":22.0},{"damage_healed":0.0,"max_hp_gain":0.0,"max_hp_loss":0.0,"gold_gain":0.0,"event_name":"MindBloom","player_choice":"Fight","floor":36.0,"gold_loss":0.0,"damage_taken":0.0},{"cards_removed":["Strike_B"],"damage_healed":0,"gold_gain":0,"player_choice":"Removed Attack","damage_taken":0,"max_hp_gain":0,"max_hp_loss":0,"event_name":"Falling","floor":38,"gold_loss":0},{"damage_healed":0,"gold_gain":0,"player_choice":"Max HP","damage_taken":0,"max_hp_gain":0,"max_hp_loss":5,"event_name":"Winding Halls","floor":48,"gold_loss":0}],"is_beta":false,"boss_relics":[{"not_picked":["Empty Cage","Runic Dome"],"picked":"Ectoplasm"},{"not_picked":["Velvet Choker","Busted Crown"],"picked":"Tiny House"}],"items_purged_floors":[44],"is_endless":false,"potions_floor_spawned":[1,5,16,20,22,33,37,39,42,47],"ascension_level":0}