{"gold_per_floor":[116,126,201,213,232,232,250,278,278,288,288,288,23,42,42,147,147,167,186,186,186,204,77,96,96,96,126,126,136,51,51,51,147,147,162,172,172,185,185,185,202,202,271,286,298,309,112,132,132,132],"floor_reached":51,"playtime":5273,"items_purged":["Defend_B"],"score":800,"play_id":"abbc9ab5-f02d-4970-8833-7ce899ac3d67","local_time":"20181129230109","is_ascension_mode":false,"campfire_choices":[{"data":"Zap","floor":6,"key":"SMITH"},{"data":"Doom and Gloom","floor":12,"key":"SMITH"},{"data":"Double Energy","floor":15,"key":"SMITH"},{"data":"Biased Cognition","floor":25,"key":"SMITH"},{"data":"Sunder","floor":28,"key":"SMITH"},{"data":"Undo","floor":32,"key":"SMITH"},{"floor":40,"key":"REST"},{"floor":42,"key":"REST"},{"floor":49,"key":"REST"}],"neow_cost":"NONE","seed_source_timestamp":429693247483552,"circlet_count":0,"master_deck":["Defend_B","Zap+1","Dualcast","Doom and Gloom+1","BootSequence","Cold Snap","Coolheaded","Double Energy+1","Glacier","Sunder+1","Biased Cognition+1","White Noise+1","Chaos+1","Aggregate+1","Compile Driver","Core Surge","Steam","Reboot","Undo+1","Creative AI+1","Hologram+1","Machine Learning+1","Leap+1","Capacitor+1","Loop+1","Tempest","Redo+1"],"relics":["Cracked Core","Anchor","Mercury Hourglass","Lee\u0027s Waffle","Astrolabe","Blue Candle","Frozen Egg 2","Pantograph","Blood Vial","Fusion Hammer","Shuriken"],"potions_floor_usage":[48,50,50],"damage_taken":[{"damage":0,"enemies":"Small Slimes","floor":1,"turns":2},{"damage":1,"enemies":"Jaw Worm","floor":2,"turns":2},{"damage":0,"enemies":"2 Louse","floor":4,"turns":2},{"damage":0,"enemies":"Looter","floor":5,"turns":3},{"damage":1,"enemies":"Exordium Thugs","floor":7,"turns":4},{"damage":26,"enemies":"3 Sentries","floor":8,"turns":7},{"damage":3,"enemies":"Large Slime","floor":10,"turns":4},{"damage":0,"enemies":"2 Fungi Beasts","floor":14,"turns":2},{"damage":11,"enemies":"The Guardian","floor":16,"turns":11},{"damage":0,"enemies":"Shell Parasite","floor":18,"turns":5},{"damage":0,"enemies":"Spheric Guardian","floor":19,"turns":3},{"damage":4,"enemies":"Snake Plant","floor":22,"turns":4},{"damage":0,"enemies":"Sentry and Sphere","floor":24,"turns":6},{"damage":8,"enemies":"Book of Stabbing","floor":27,"turns":4},{"damage":0,"enemies":"Centurion and Healer","floor":29,"turns":5},{"damage":0,"enemies":"Champ","floor":33,"turns":19},{"damage":0,"enemies":"Orb Walker","floor":35,"turns":4},{"damage":0,"enemies":"3 Shapes","floor":36,"turns":4},{"damage":0,"enemies":"Maw","floor":38,"turns":8},{"damage":0,"enemies":"4 Shapes","floor":41,"turns":5},{"damage":0,"enemies":"Transient","floor":44,"turns":5},{"damage":3,"enemies":"Maw","floor":45,"turns":7},{"damage":0,"enemies":"Sphere and 2 Shapes","floor":46,"turns":7},{"damage":10,"enemies":"Spire Growth","floor":48,"turns":4},{"damage":7,"enemies":"Donu and Deca","floor":50,"turns":8}],"seed_played":"3089144020064490049","potions_obtained":[{"floor":2,"key":"SteroidPotion"},{"floor":4,"key":"SteroidPotion"},{"floor":5,"key":"FocusPotion"},{"floor":10,"key":"LiquidBronze"},{"floor":16,"key":"SpeedPotion"},{"floor":19,"key":"AttackPotion"},{"floor":35,"key":"Weak Potion"}],"is_trial":false,"path_per_floor":["M","M","?","M","M","R","M","E","T","M","?","R","$","M","R","B",null,"M","M","?","?","M","$","M","R","T","E","R","M","?","?","R","B",null,"M","M","?","M","?","R","M","R","T","M","M","M","$","M","R","B",null],"character_chosen":"DEFECT","items_purchased":["Lee\u0027s Waffle","Sunder","Core Surge","Steam","Tempest","Dexterity Potion"],"campfire_rested":3,"item_purchase_floors":[13,13,23,23,47,47],"current_hp_per_floor":[75,74,63,63,63,63,62,36,36,33,26,26,82,82,82,71,82,82,82,82,82,78,78,78,78,78,70,70,70,70,70,70,82,82,82,82,82,82,82,82,82,82,82,82,79,81,81,72,82,75],"gold":132,"neow_bonus":"TRANSFORM_CARD","is_prod":false,"is_daily":false,"chose_seed":false,"campfire_upgraded":6,"win_rate":0,"timestamp":1543550469,"path_taken":["M","M","?","M","M","R","M","E","T","M","?","R","?","M","R","BOSS","M","M","?","?","?","$","M","R","T","E","R","M","?","?","R","BOSS","M","M","?","M","?","R","M","R","T","M","M","M","$","M","R","BOSS"],"build_version":"2018-11-15","purchased_purges":1,"victory":true,"max_hp_per_floor":[75,75,75,75,75,75,75,75,75,75,75,75,82,82,82,82,82,82,82,82,82,82,82,82,82,82,82,82,82,82,82,82,82,82,82,82,82,82,82,82,82,82,82,82,82,82,82,82,82,82],"card_choices":[{"not_picked":["Sweeping Beam","Auto Shields"],"picked":"BootSequence","floor":1},{"not_picked":["Tempest","Skim","Turbo"],"picked":"SKIP","floor":2},{"not_picked":["Compile Driver","Sweeping Beam"],"picked":"Cold Snap","floor":4},{"not_picked":["Tempest","Beam Cell"],"picked":"Coolheaded","floor":5},{"not_picked":["Heatsinks","Coolheaded"],"picked":"Double Energy","floor":7},{"not_picked":["Beam Cell","Gash","Skim"],"picked":"SKIP","floor":8},{"not_picked":["Storm","Barrage"],"picked":"Glacier","floor":10},{"not_picked":["Redo","Steam Power","Lockon"],"picked":"SKIP","floor":14},{"not_picked":["Machine Learning","Meteor Strike"],"picked":"Biased Cognition","floor":16},{"not_picked":["Rip and Tear","Blizzard+1","Stack"],"picked":"SKIP","floor":18},{"not_picked":["Skim","Turbo"],"picked":"Compile Driver","floor":19},{"not_picked":["Gash+1","Coolheaded","Sweeping Beam"],"picked":"SKIP","floor":22},{"not_picked":["Chaos","Blizzard"],"picked":"Reboot","floor":24},{"not_picked":["Ball Lightning","FTL","Sweeping Beam"],"picked":"SKIP","floor":27},{"not_picked":["Ball Lightning","Redo","Fusion"],"picked":"SKIP","floor":29},{"not_picked":["Meteor Strike","Fission"],"picked":"Creative AI+1","floor":33},{"not_picked":["Leap","Darkness+1","Hologram+1"],"picked":"SKIP","floor":35},{"not_picked":["Gash+1","Chaos+1","Rebound+1"],"picked":"SKIP","floor":36},{"not_picked":["Barrage","BootSequence+1"],"picked":"Hologram+1","floor":38},{"not_picked":["Conserve Battery","Steam+1"],"picked":"Leap+1","floor":41},{"not_picked":["Rebound+1","Lockon+1"],"picked":"Capacitor+1","floor":44},{"not_picked":["Coolheaded+1","Core Surge"],"picked":"Loop+1","floor":45},{"not_picked":["Stack+1","Ball Lightning+1","Steam"],"picked":"SKIP","floor":46},{"not_picked":["Conserve Battery+1","Self Repair+1"],"picked":"Redo+1","floor":48}],"player_experience":3436159,"relics_obtained":[{"floor":8,"key":"Anchor"},{"floor":9,"key":"Mercury Hourglass"},{"floor":26,"key":"Frozen Egg 2"},{"floor":27,"key":"Pantograph"},{"floor":43,"key":"Shuriken"}],"event_choices":[{"damage_healed":0,"gold_gain":75,"player_choice":"Gather Gold","damage_taken":11,"max_hp_gain":0,"max_hp_loss":0,"event_name":"World of Goop","floor":3,"gold_loss":0},{"cards_removed":["Strike_B"],"damage_healed":0,"gold_gain":0,"player_choice":"Card Removal","damage_taken":7,"max_hp_gain":0,"max_hp_loss":0,"event_name":"Golden Wing","floor":11,"gold_loss":0},{"damage_healed":0,"gold_gain":0,"player_choice":"Opened","damage_taken":0,"relics_obtained":["Blue Candle"],"max_hp_gain":0,"max_hp_loss":0,"event_name":"The Mausoleum","floor":20,"gold_loss":0,"cards_obtained":["Writhe"]},{"cards_removed":["Writhe"],"damage_healed":0,"gold_gain":0,"player_choice":"Removed Curses","damage_taken":0,"max_hp_gain":0,"max_hp_loss":0,"event_name":"Fountain of Cleansing","floor":21,"gold_loss":0},{"damage_healed":0,"gold_gain":0,"player_choice":"Obtained Relic","damage_taken":0,"relics_obtained":["Blood Vial"],"max_hp_gain":0,"max_hp_loss":0,"event_name":"Addict","floor":30,"gold_loss":85},{"damage_healed":0,"gold_gain":0,"player_choice":"Read","damage_taken":0,"max_hp_gain":0,"max_hp_loss":0,"event_name":"The Library","floor":31,"gold_loss":0,"cards_obtained":["Undo"]},{"cards_removed":["Defend_B"],"damage_healed":0,"gold_gain":0,"player_choice":"Removed Skill","damage_taken":0,"max_hp_gain":0,"max_hp_loss":0,"event_name":"Falling","floor":37,"gold_loss":0},{"damage_healed":0,"gold_gain":0,"player_choice":"1 cards matched","damage_taken":0,"max_hp_gain":0,"max_hp_loss":0,"event_name":"Match and Keep!","floor":39,"gold_loss":0,"cards_obtained":["Machine Learning"]}],"is_beta":false,"boss_relics":[{"not_picked":["Runic Dome","Runic Pyramid"],"picked":"Astrolabe"},{"not_picked":["Orrery","Snecko Eye"],"picked":"Fusion Hammer"}],"items_purged_floors":[47],"is_endless":false,"potions_floor_spawned":[2,4,5,10,16,19,24,35,36,38,45],"ascension_level":0}