{"gold_per_floor":[114,114,132,62,62,97,97,129,129,129,204,204,217,229,229,328,328,339,68,83,7,107,107,107,127,127,142,161,176,190,217,217,322,322,338,338,352,369,369,369,294,305,352,372,404,424,424,424,424,424,424,424,65,96,96],"floor_reached":56,"playtime":2455,"items_purged":["Defend_B","Strike_B"],"score":1284,"play_id":"db7e0499-3e41-464f-9ac3-bf8fe3faa3fb","local_time":"20190117190348","is_ascension_mode":false,"campfire_choices":[{"data":"Defragment","floor":7.0,"key":"SMITH"},{"data":"Defragment","floor":10.0,"key":"SMITH"},{"data":"Zap","floor":15.0,"key":"SMITH"},{"data":"Defragment","floor":23.0,"key":"SMITH"},{"data":"Capacitor","floor":32.0,"key":"SMITH"},{"floor":40.0,"key":"RECALL"},{"data":"Rainbow","floor":49.0,"key":"SMITH"},{"data":"Blind","floor":52,"key":"SMITH"}],"neow_cost":"NONE","seed_source_timestamp":2069380830545434,"circlet_count":0,"master_deck":["Strike_B","Defend_B","Defend_B","Zap+1","Dualcast+1","Chill","Defragment+1","Defragment+1","Conserve Battery","Rainbow+1","Ball Lightning+1","Force Field+1","Chaos+1","BootSequence","Defragment+1","Glacier","Defragment+1","Capacitor+1","Glacier+1","Blind+1","Go for the Eyes+1","Writhe","Blizzard+1","Loop","Coolheaded+1"],"special_seed":0,"relics":["Cracked Core","Cables","Gremlin Horn","Matryoshka","Pantograph","Shovel","Orichalcum","Astrolabe","DollysMirror","Du-Vu Doll","Blue Candle","Darkstone Periapt","PreservedInsect","Oddly Smooth Stone","Sozu","Molten Egg 2","DataDisk","Anchor"],"potions_floor_usage":[55,55],"damage_taken":[{"damage":0.0,"enemies":"Small Slimes","floor":1.0,"turns":4.0},{"damage":0.0,"enemies":"Jaw Worm","floor":3.0,"turns":4.0},{"damage":14.0,"enemies":"Lagavulin","floor":6.0,"turns":6.0},{"damage":22.0,"enemies":"Gremlin Nob","floor":8.0,"turns":4.0},{"damage":0.0,"enemies":"Cultist","floor":13.0,"turns":3.0},{"damage":4.0,"enemies":"2 Fungi Beasts","floor":14.0,"turns":4.0},{"damage":26.0,"enemies":"The Guardian","floor":16.0,"turns":11.0},{"damage":4.0,"enemies":"Chosen","floor":18.0,"turns":5.0},{"damage":0.0,"enemies":"Shell Parasite","floor":20.0,"turns":3.0},{"damage":0.0,"enemies":"Colosseum Slavers","floor":22.0,"turns":3.0},{"damage":8.0,"enemies":"Colosseum Nobs","floor":22.0,"turns":5.0},{"damage":0.0,"enemies":"Cultist and Chosen","floor":25.0,"turns":5.0},{"damage":0.0,"enemies":"Snake Plant","floor":27.0,"turns":3.0},{"damage":3.0,"enemies":"Snecko","floor":28.0,"turns":4.0},{"damage":0.0,"enemies":"Chosen and Byrds","floor":29.0,"turns":6.0},{"damage":0.0,"enemies":"Snake Plant","floor":30.0,"turns":6.0},{"damage":2.0,"enemies":"Gremlin Leader","floor":31.0,"turns":5.0},{"damage":0.0,"enemies":"Collector","floor":33.0,"turns":9.0},{"damage":0.0,"enemies":"Orb Walker","floor":35.0,"turns":4.0},{"damage":0.0,"enemies":"3 Shapes","floor":37.0,"turns":6.0},{"damage":17.0,"enemies":"Maw","floor":38.0,"turns":7.0},{"damage":0.0,"enemies":"3 Darklings","floor":42.0,"turns":7.0},{"damage":0.0,"enemies":"4 Shapes","floor":44.0,"turns":9.0},{"damage":0.0,"enemies":"Giant Head","floor":45.0,"turns":8.0},{"damage":1.0,"enemies":"Maw","floor":46.0,"turns":7.0},{"damage":12.0,"enemies":"Awakened One","floor":50.0,"turns":17.0},{"damage":5,"enemies":"Shield and Spear","floor":54,"turns":9},{"damage":40,"enemies":"The Heart","floor":55,"turns":15}],"seed_played":"7427436938129589006","potions_obtained":[{"floor":6.0,"key":"SkillPotion"},{"floor":13.0,"key":"Strength Potion"},{"floor":16.0,"key":"AttackPotion"},{"floor":20.0,"key":"AttackPotion"},{"floor":27.0,"key":"Ancient Potion"},{"floor":31.0,"key":"Weak Potion"}],"is_trial":false,"path_per_floor":["M","?","M","$","?","E","R","E","T","R","?","?","M","M","R","B",null,"M","$","M","$","?","R","?","M","T","M","M","M","M","E","R","B",null,"M","?","M","M","?","R","$","M","T","M","E","M","?","?","R","B",null,"R","$","E","B",null],"character_chosen":"DEFECT","items_purchased":["Defragment","DollysMirror","Glacier","Defragment","DataDisk","Blizzard+1","Loop"],"campfire_rested":0,"item_purchase_floors":[4,19,19,21,53,53,53],"current_hp_per_floor":[75,80,80,80,68,54,54,32,32,32,21,21,21,17,17,16,80,76,76,76,76,68,68,68,68,68,68,65,65,65,63,63,80,80,80,80,80,63,63,63,63,63,63,63,63,62,86,86,86,74,86,86,86,81,46],"gold":96,"neow_bonus":"UPGRADE_CARD","is_prod":false,"is_daily":false,"chose_seed":false,"campfire_upgraded":7,"win_rate":0,"timestamp":1547751828,"path_taken":["M","?","M","$","?","E","R","E","T","R","?","?","M","?","R","BOSS","M","$","M","$","?","R","?","M","T","M","M","M","M","E","R","BOSS","M","?","M","M","?","R","$","M","T","M","E","M","?","?","R","BOSS","R","$","E","BOSS"],"build_version":"2019-01-10","purchased_purges":2,"victory":true,"max_hp_per_floor":[75,80,80,80,80,80,80,80,80,80,80,80,80,80,80,80,80,80,80,80,80,80,80,80,80,80,80,80,80,80,80,80,80,80,80,80,80,80,80,80,80,80,80,80,80,80,86,86,86,86,86,86,86,86,86],"card_choices":[{"not_picked":["Redo","Stack"],"picked":"Chill","floor":1.0},{"not_picked":["Sweeping Beam","Gash"],"picked":"Defragment","floor":3.0},{"not_picked":["Auto Shields","Steam Power","Redo"],"picked":"SKIP","floor":6.0},{"not_picked":["Creative AI","FTL","Compile Driver"],"picked":"SKIP","floor":8.0},{"not_picked":["Double Energy","Blizzard","Leap"],"picked":"SKIP","floor":13.0},{"not_picked":["Static Discharge","White Noise"],"picked":"Conserve Battery","floor":14.0},{"not_picked":["All For One","Meteor Strike"],"picked":"Rainbow","floor":16.0},{"not_picked":["Sweeping Beam","Genetic Algorithm+1"],"picked":"BootSequence","floor":18.0},{"not_picked":["Darkness+1","Sunder+1","Turbo"],"picked":"SKIP","floor":20.0},{"not_picked":["Go for the Eyes","Blizzard","Redo"],"picked":"SKIP","floor":25.0},{"not_picked":["Heatsinks","Leap","Steam+1"],"picked":"SKIP","floor":27.0},{"not_picked":["Ball Lightning","Lockon"],"picked":"Capacitor","floor":28.0},{"not_picked":["Static Discharge","Fusion","Consume"],"picked":"SKIP","floor":29.0},{"not_picked":["Reinforced Body","Turbo","Thunder Strike"],"picked":"SKIP","floor":30.0},{"not_picked":["Lockon","Go for the Eyes","FTL"],"picked":"SKIP","floor":31.0},{"not_picked":["Steam","Beam Cell","Barrage"],"picked":"SKIP","floor":35.0},{"not_picked":["Fusion","Barrage","Sweeping Beam+1"],"picked":"SKIP","floor":37.0},{"not_picked":["Self Repair","Cold Snap+1"],"picked":"Glacier+1","floor":38.0},{"not_picked":["Secret Weapon","Secret Technique"],"picked":"Blind","floor":39.0},{"not_picked":["Go for the Eyes+1","Compile Driver","Steam Power"],"picked":"SKIP","floor":42.0},{"not_picked":["Streamline","Sweeping Beam","Compile Driver+1"],"picked":"SKIP","floor":44.0},{"not_picked":["Redo","Fission","Streamline"],"picked":"SKIP","floor":45.0},{"not_picked":["Rebound+1","Ball Lightning+1"],"picked":"Go for the Eyes+1","floor":46.0},{"not_picked":["Ball Lightning+1","Gash+1"],"picked":"Coolheaded+1","floor":54}],"player_experience":975714,"relics_obtained":[{"floor":6.0,"key":"Gremlin Horn"},{"floor":8.0,"key":"Matryoshka"},{"floor":9.0,"key":"Pantograph"},{"floor":9.0,"key":"Shovel"},{"floor":22.0,"key":"Du-Vu Doll"},{"floor":22.0,"key":"Blue Candle"},{"floor":26.0,"key":"Darkstone Periapt"},{"floor":26.0,"key":"PreservedInsect"},{"floor":31.0,"key":"Oddly Smooth Stone"},{"floor":45.0,"key":"Molten Egg 2"},{"floor":54,"key":"Anchor"}],"event_choices":[{"damage_healed":0.0,"max_hp_gain":5.0,"max_hp_loss":0.0,"gold_gain":0.0,"event_name":"Big Fish","player_choice":"Donut","floor":2.0,"gold_loss":0.0,"damage_taken":0.0},{"damage_healed":0.0,"max_hp_gain":0.0,"max_hp_loss":0.0,"gold_gain":0.0,"event_name":"Scrap Ooze","player_choice":"Success","floor":5.0,"gold_loss":0.0,"damage_taken":12.0,"relics_obtained":["Cables"]},{"damage_healed":0.0,"max_hp_gain":0.0,"max_hp_loss":0.0,"gold_gain":75.0,"event_name":"World of Goop","player_choice":"Gather Gold","floor":11.0,"gold_loss":0.0,"damage_taken":11.0},{"damage_healed":0.0,"max_hp_gain":0.0,"max_hp_loss":0.0,"gold_gain":0.0,"event_name":"WeMeetAgain","player_choice":"Gave Potion","floor":12.0,"gold_loss":0.0,"damage_taken":0.0,"relics_obtained":["Orichalcum"]},{"damage_healed":0.0,"max_hp_gain":0.0,"max_hp_loss":0.0,"gold_gain":0.0,"event_name":"Colosseum","player_choice":"Fight","floor":22.0,"gold_loss":0.0,"damage_taken":0.0},{"damage_healed":0.0,"max_hp_gain":0.0,"max_hp_loss":0.0,"gold_gain":0.0,"event_name":"Colosseum","player_choice":"Fought Nobs","floor":22.0,"gold_loss":0.0,"damage_taken":0.0},{"damage_healed":0.0,"max_hp_gain":0.0,"max_hp_loss":0.0,"gold_gain":0.0,"event_name":"Ghosts","player_choice":"Ignored","floor":24.0,"gold_loss":0.0,"damage_taken":0.0},{"damage_healed":0.0,"max_hp_gain":0.0,"max_hp_loss":0.0,"gold_gain":0.0,"event_name":"Tomb of Lord Red Mask","player_choice":"Ignored","floor":36.0,"gold_loss":0.0,"damage_taken":0.0},{"damage_healed":0.0,"max_hp_gain":0.0,"max_hp_loss":0.0,"gold_gain":0.0,"event_name":"SensoryStone","player_choice":"Memory 1","floor":39.0,"gold_loss":0.0,"damage_taken":0.0},{"damage_healed":20.0,"max_hp_gain":0.0,"max_hp_loss":0.0,"gold_gain":0.0,"event_name":"Winding Halls","player_choice":"Writhe","floor":47.0,"gold_loss":0.0,"damage_taken":0.0,"cards_obtained":["Writhe"]},{"damage_healed":0.0,"max_hp_gain":0.0,"max_hp_loss":0.0,"gold_gain":0.0,"event_name":"Mysterious Sphere","player_choice":"Ignored","floor":48.0,"gold_loss":0.0,"damage_taken":0.0}],"is_beta":false,"boss_relics":[{"not_picked":["Nuclear Battery","Runic Pyramid"],"picked":"Astrolabe"},{"not_picked":["Orrery","FrozenCore"],"picked":"Sozu"}],"items_purged_floors":[41,53],"is_endless":false,"potions_floor_spawned":[6,13,16,20,22,27,31,38,46],"ascension_level":0}