{"gold_per_floor":[113,124,124,124,49,49,49,68,68,68,87,107,107],"floor_reached":13,"playtime":274,"items_purged":[],"score":75,"play_id":"abb5b0e1-a12d-49ff-a9d9-8f254f00f1a6","local_time":"20181205203651","is_ascension_mode":false,"campfire_choices":[{"data":"Bash","floor":6,"key":"SMITH"},{"data":"Twin Strike","floor":10,"key":"SMITH"}],"neow_cost":"NONE","seed_source_timestamp":596206478167182,"circlet_count":0,"master_deck":["Strike_R","Strike_R","Strike_R","Defend_R","Defend_R","Defend_R","Defend_R","Bash+1","Flex","Twin Strike+1","Rage","Offering","Wild Strike","Cleave","True Grit"],"relics":["Burning Blood","Smiling Mask","Golden Idol","Matryoshka"],"potions_floor_usage":[],"damage_taken":[{"damage":0,"enemies":"2 Louse","floor":1,"turns":3},{"damage":3,"enemies":"Jaw Worm","floor":2,"turns":3},{"damage":6,"enemies":"Cultist","floor":8,"turns":2},{"damage":13,"enemies":"Blue Slaver","floor":11,"turns":2},{"damage":2,"enemies":"2 Fungi Beasts","floor":12,"turns":3},{"damage":27,"enemies":"Lagavulin","floor":13,"turns":5}],"seed_played":"8167688365999799472","potions_obtained":[{"floor":1,"key":"AttackPotion"},{"floor":8,"key":"EssenceOfSteel"},{"floor":11,"key":"Swift Potion"}],"is_trial":false,"path_per_floor":["M","M","?","?","$","R","?","M","T","R","M","M","E"],"character_chosen":"IRONCLAD","items_purchased":["Rage"],"campfire_rested":0,"item_purchase_floors":[5],"current_hp_per_floor":[80,80,73,53,53,53,53,53,53,53,46,50,23],"gold":107,"neow_bonus":"RANDOM_COMMON_RELIC","is_prod":false,"is_daily":false,"chose_seed":false,"campfire_upgraded":2,"win_rate":0,"timestamp":1544042211,"path_taken":["M","M","?","?","$","R","?","M","T","R","M","M","E"],"build_version":"2018-11-15","purchased_purges":0,"victory":false,"max_hp_per_floor":[80,80,80,80,80,80,80,80,80,80,80,80,80],"card_choices":[{"not_picked":["True Grit","Havoc"],"picked":"Flex","floor":1},{"not_picked":["Rampage","Evolve"],"picked":"Twin Strike","floor":2},{"not_picked":["Twin Strike","Bludgeon"],"picked":"Wild Strike","floor":8},{"not_picked":["Spot Weakness","Hemokinesis"],"picked":"Cleave","floor":11},{"not_picked":["Sentinel","Pommel Strike"],"picked":"True Grit","floor":12}],"player_experience":858898,"relics_obtained":[{"floor":9,"key":"Matryoshka"}],"event_choices":[{"cards_removed":["Strike_R"],"damage_healed":0,"gold_gain":0,"player_choice":"Card Removal","damage_taken":7,"max_hp_gain":0,"max_hp_loss":0,"event_name":"Golden Wing","floor":3,"gold_loss":0},{"damage_healed":0,"gold_gain":0,"player_choice":"Take Damage","damage_taken":20,"relics_obtained":["Golden Idol"],"max_hp_gain":0,"max_hp_loss":0,"event_name":"Golden Idol","floor":4,"gold_loss":0},{"damage_healed":0,"gold_gain":0,"cards_transformed":["Strike_R"],"player_choice":"Transformed","damage_taken":0,"max_hp_gain":0,"max_hp_loss":0,"event_name":"Transmorgrifier","floor":7,"gold_loss":0,"cards_obtained":["Offering"]}],"is_beta":false,"boss_relics":[],"items_purged_floors":[],"is_endless":false,"potions_floor_spawned":[1,8,11],"killed_by":"Lagavulin","ascension_level":0}