{"gold_per_floor":[113,188,198,198,198,225,271,287,287,299,326,326,338,48,48,147,147,158,158,158,158,170,170],"floor_reached":23,"playtime":1628,"items_purged":[],"score":316,"play_id":"ccd4edf8-26be-49c3-87b4-e0b971af7079","local_time":"20181023235255","is_ascension_mode":true,"campfire_choices":[{"floor":15,"key":"REST"}],"neow_cost":"NONE","seed_source_timestamp":276188998832206,"circlet_count":0,"master_deck":["Defend_G","Defend_G","Defend_G","Defend_G","Survivor","Neutralize","Blade Dance+1","Backstab","Sucker Punch+1","Dagger Spray","Heel Hook","Backflip","A Thousand Cuts","Sucker Punch","Terror","Cloak And Dagger","Backflip","Doppelganger","Dodge and Roll+1","Backflip+1","Skewer+1","Flying Knee","Bite","Bite","Bite","Bite","Bite","Choke"],"relics":["Ring of the Snake","NeowsBlessing","Smiling Mask","Strawberry","The Courier","Bag of Preparation","Whetstone","Astrolabe"],"potions_floor_usage":[16,16,23],"damage_taken":[{"damage":0,"enemies":"Cultist","floor":1,"turns":1},{"damage":0,"enemies":"Small Slimes","floor":3,"turns":1},{"damage":0,"enemies":"Gremlin Nob","floor":6,"turns":1},{"damage":4,"enemies":"Jaw Worm","floor":8,"turns":3},{"damage":0,"enemies":"Red Slaver","floor":10,"turns":3},{"damage":35,"enemies":"Lagavulin","floor":11,"turns":9},{"damage":0,"enemies":"Looter","floor":13,"turns":3},{"damage":21,"enemies":"The Guardian","floor":16,"turns":12},{"damage":8,"enemies":"Shell Parasite","floor":18,"turns":6},{"damage":16,"enemies":"Spheric Guardian","floor":22,"turns":4},{"damage":47,"enemies":"Gremlin Leader","floor":23,"turns":8}],"seed_played":"-5884115239381385513","potions_obtained":[{"floor":6,"key":"AttackPotion"},{"floor":11,"key":"Energy Potion"},{"floor":13,"key":"Regen Potion"}],"is_trial":false,"path_per_floor":["M","?","M","?","$","E","T","M","T","M","E","?","M","$","R","B",null,"M","?","?","?","M"],"character_chosen":"THE_SILENT","items_purchased":["Sucker Punch","Whetstone","Terror","Cloak And Dagger","Backflip"],"campfire_rested":1,"item_purchase_floors":[14,14,14,14,14],"current_hp_per_floor":[63,52,52,52,52,52,59,55,55,55,20,5,5,5,28,22,63,55,41,41,41,27,0],"gold":170,"neow_bonus":"THREE_ENEMY_KILL","is_prod":false,"is_daily":false,"chose_seed":false,"campfire_upgraded":0,"win_rate":0,"timestamp":1540363975,"path_taken":["M","?","?","?","$","E","?","M","T","M","E","?","M","$","R","BOSS","M","?","?","?","?","E"],"build_version":"2018-10-18","purchased_purges":0,"victory":false,"max_hp_per_floor":[70,70,70,70,70,70,77,77,77,77,77,77,77,77,77,77,77,77,82,57,57,57,57],"card_choices":[{"not_picked":["Prepared","Accuracy"],"picked":"Blade Dance","floor":1},{"not_picked":["Escape Plan","Skewer"],"picked":"Backstab","floor":3},{"not_picked":["Leg Sweep","Backflip"],"picked":"Sucker Punch","floor":6},{"not_picked":["Acrobatics","Outmaneuver"],"picked":"Dagger Spray","floor":8},{"not_picked":["Endless Agony","Catalyst"],"picked":"Heel Hook","floor":10},{"not_picked":["Escape Plan","Deadly Poison"],"picked":"Backflip","floor":11},{"not_picked":["Bane","Deadly Poison"],"picked":"A Thousand Cuts","floor":13},{"not_picked":["A Thousand Cuts","Storm of Steel"],"picked":"Doppelganger","floor":16},{"not_picked":["PiercingWail","Riddle With Holes"],"picked":"Flying Knee","floor":18},{"not_picked":["Leg Sweep","Backflip","Dagger Throw"],"picked":"SKIP","floor":22}],"player_experience":43869,"relics_obtained":[{"floor":6,"key":"Smiling Mask"},{"floor":7,"key":"Strawberry"},{"floor":9,"key":"The Courier"},{"floor":11,"key":"Bag of Preparation"}],"event_choices":[{"damage_healed":0,"gold_gain":75,"player_choice":"Gather Gold","damage_taken":11,"max_hp_gain":0,"max_hp_loss":0,"event_name":"World of Goop","floor":2,"gold_loss":0},{"damage_healed":0,"gold_gain":0,"player_choice":"0 cards matched","damage_taken":0,"max_hp_gain":0,"max_hp_loss":0,"event_name":"Match and Keep!","floor":4,"gold_loss":0,"cards_obtained":[]},{"damage_healed":0,"gold_gain":0,"player_choice":"0 cards matched","damage_taken":0,"max_hp_gain":0,"max_hp_loss":0,"event_name":"Match and Keep!","floor":4,"gold_loss":0,"cards_obtained":[]},{"damage_healed":0,"gold_gain":0,"player_choice":"Entered Light","damage_taken":15,"max_hp_gain":0,"max_hp_loss":0,"event_name":"Shining Light","floor":12,"gold_loss":0,"cards_upgraded":["Strike_G","Blade Dance"]},{"damage_healed":0,"gold_gain":0,"player_choice":"Shed Blood","damage_taken":19,"max_hp_gain":5,"max_hp_loss":0,"event_name":"Forgotten Altar","floor":19,"gold_loss":0},{"damage_healed":0,"gold_gain":0,"player_choice":"Became a vampire","damage_taken":0,"max_hp_gain":0,"max_hp_loss":25,"event_name":"Vampires","floor":20,"gold_loss":0,"cards_obtained":["Bite","Bite","Bite","Bite","Bite"]},{"damage_healed":0,"gold_gain":0,"player_choice":"1 cards matched","damage_taken":0,"max_hp_gain":0,"max_hp_loss":0,"event_name":"Match and Keep!","floor":21,"gold_loss":0,"cards_obtained":["Choke"]}],"is_beta":false,"boss_relics":[{"not_picked":["Runic Pyramid","Ring of the Serpent"],"picked":"Astrolabe"}],"items_purged_floors":[],"is_endless":false,"potions_floor_spawned":[6,11,13],"killed_by":"Gremlin Leader","ascension_level":6}