{"gold_per_floor":[114,114,37,37,37,81,81,124,124,124,124,86,101,115,115,243,243,264,92,92,115,140,140,69,88,88,187,201,215,215,230,230,355,355,380,305,329,176,190,190,290,290,290,304,323,349,349,363,363,363],"floor_reached":51,"playtime":4199,"items_purged":["Injury"],"score":875,"play_id":"2d9ec9fa-2881-4088-bdf5-c1a59da82731","local_time":"20190210134310","is_ascension_mode":true,"campfire_choices":[{"floor":7.0,"key":"REST"},{"floor":10.0,"key":"REST"},{"data":"Predator","floor":15.0,"key":"SMITH"},{"floor":23.0,"key":"REST"},{"floor":32.0,"key":"REST"},{"floor":40.0,"key":"REST"},{"data":"Accuracy","floor":42.0,"key":"SMITH"},{"floor":49.0,"key":"REST"}],"neow_cost":"NONE","seed_source_timestamp":0,"circlet_count":0,"master_deck":["Survivor","Neutralize","Predator+1","Leg Sweep","Acrobatics","Noxious Fumes","Parasite","Calculated Gamble+1","Storm of Steel+1","Acrobatics+1","Accuracy+1","Discovery+1","Leg Sweep+1","Leg Sweep+1","Malaise+1","A Thousand Cuts+1","Infinite Blades","Endless Agony","Unload","Expertise+1","Bane","Storm of Steel+1","A Thousand Cuts","Deflect+1","Noxious Fumes","Backstab","Leg Sweep+1","Parasite","Night Terror+1","Dash+1","Crippling Poison+1"],"special_seed":0,"relics":["Snecko Eye","Golden Idol","Pocketwatch","Darkstone Periapt","Toxic Egg 2","Lizard Tail","Meat on the Bone","Pandora\u0027s Box","Oddly Smooth Stone","Frozen Egg 2","Bronze Scales"],"potions_floor_usage":[50],"damage_taken":[{"damage":8.0,"enemies":"2 Louse","floor":1.0,"turns":4.0},{"damage":14.0,"enemies":"Lagavulin","floor":6.0,"turns":9.0},{"damage":40.0,"enemies":"Gremlin Nob","floor":8.0,"turns":5.0},{"damage":4.0,"enemies":"Small Slimes","floor":13.0,"turns":4.0},{"damage":0.0,"enemies":"Jaw Worm","floor":14.0,"turns":4.0},{"damage":19.0,"enemies":"The Guardian","floor":16.0,"turns":11.0},{"damage":4.0,"enemies":"Shell Parasite","floor":18.0,"turns":6.0},{"damage":27.0,"enemies":"2 Thieves","floor":21.0,"turns":5.0},{"damage":0.0,"enemies":"Snecko","floor":22.0,"turns":4.0},{"damage":0.0,"enemies":"Chosen and Byrds","floor":25.0,"turns":5.0},{"damage":28.0,"enemies":"Snake Plant","floor":28.0,"turns":5.0},{"damage":0.0,"enemies":"3 Cultists","floor":29.0,"turns":5.0},{"damage":0.0,"enemies":"Centurion and Healer","floor":31.0,"turns":5.0},{"damage":56.0,"enemies":"Collector","floor":33.0,"turns":6.0},{"damage":5.0,"enemies":"3 Darklings","floor":35.0,"turns":3.0},{"damage":2.0,"enemies":"Orb Walker","floor":37.0,"turns":3.0},{"damage":6.0,"enemies":"Writhing Mass","floor":39.0,"turns":9.0},{"damage":0.0,"enemies":"Sphere and 2 Shapes","floor":44.0,"turns":5.0},{"damage":6.0,"enemies":"Transient","floor":45.0,"turns":5.0},{"damage":15.0,"enemies":"Writhing Mass","floor":48.0,"turns":4.0},{"damage":62,"enemies":"Donu and Deca","floor":50,"turns":7}],"seed_played":"-5144198452877731855","potions_obtained":[{"floor":1.0,"key":"LiquidBronze"},{"floor":6.0,"key":"AttackPotion"},{"floor":13.0,"key":"Energy Potion"},{"floor":18.0,"key":"GhostInAJar"},{"floor":22.0,"key":"AttackPotion"},{"floor":25.0,"key":"Explosive Potion"},{"floor":28.0,"key":"GamblersBrew"},{"floor":35.0,"key":"LiquidBronze"},{"floor":37.0,"key":"Block Potion"}],"is_trial":false,"path_per_floor":["M","?","$","?","$","E","R","E","T","R","?","$","M","M","R","B",null,"M","$","?","M","M","R","$","M","T","?","M","M","?","M","R","B",null,"M","$","M","$","M","R","?","R","T","M","M","T","?","M","R","B",null],"character_chosen":"THE_SILENT","items_purchased":["Leg Sweep","Calculated Gamble+1","Accuracy","Discovery+1","Leg Sweep+1","Oddly Smooth Stone"],"campfire_rested":6,"item_purchase_floors":[3,12,19,19,24,38],"current_hp_per_floor":[55,55,55,55,55,41,62,22,22,43,66,66,62,62,62,43,68,64,64,64,37,37,59,59,59,59,59,43,43,43,43,65,21,62,57,57,55,55,55,79,79,79,79,79,73,73,73,58,82,32],"gold":363,"neow_bonus":"BOSS_RELIC","is_prod":false,"is_daily":false,"chose_seed":false,"campfire_upgraded":2,"win_rate":0,"timestamp":1549824190,"path_taken":["M","?","$","?","$","E","R","E","T","R","?","$","M","M","R","BOSS","M","$","?","M","M","R","$","M","T","?","M","M","?","M","R","BOSS","M","$","M","$","M","R","?","R","T","M","?","?","?","?","R","BOSS"],"build_version":"2019-01-23","purchased_purges":1,"victory":true,"max_hp_per_floor":[70,70,70,70,70,70,70,70,70,70,76,76,76,76,76,76,76,76,76,76,76,76,76,76,76,76,76,76,76,76,76,76,76,76,76,76,76,76,82,82,82,82,82,82,82,82,82,82,82,82],"card_choices":[{"not_picked":["Deflect","Acrobatics"],"picked":"Predator","floor":1.0},{"not_picked":["Infinite Blades","Noxious Fumes"],"picked":"Acrobatics","floor":6.0},{"not_picked":["Prepared","Infinite Blades"],"picked":"Noxious Fumes","floor":8.0},{"not_picked":["Dagger Throw","Outmaneuver+1","Sucker Punch"],"picked":"SKIP","floor":13.0},{"not_picked":["Finisher","Prepared+1","Dodge and Roll+1"],"picked":"SKIP","floor":14.0},{"not_picked":["Die Die Die","After Image"],"picked":"Storm of Steel+1","floor":16.0},{"not_picked":["Underhanded Strike","Prepared+1"],"picked":"Acrobatics+1","floor":18.0},{"not_picked":["Backstab","Bane+1","Dagger Spray"],"picked":"SKIP","floor":21.0},{"not_picked":["Poisoned Stab","Terror+1","Slice"],"picked":"SKIP","floor":22.0},{"not_picked":["Concentrate+1","Flying Knee","Dagger Throw"],"picked":"SKIP","floor":25.0},{"not_picked":["Deadly Poison+1","Well Laid Plans+1","Calculated Gamble+1"],"picked":"SKIP","floor":28.0},{"not_picked":["Slice","Cloak And Dagger+1"],"picked":"Leg Sweep+1","floor":29.0},{"not_picked":["Cloak And Dagger+1","Blade Dance+1"],"picked":"Malaise+1","floor":31.0},{"not_picked":["Venomology+1","Glass Knife"],"picked":"A Thousand Cuts","floor":33.0},{"not_picked":["Poisoned Stab+1","Underhanded Strike+1","Flying Knee+1"],"picked":"SKIP","floor":35.0},{"not_picked":["PiercingWail+1","Backstab+1"],"picked":"Leg Sweep+1","floor":37.0},{"not_picked":["Masterful Stab+1","Slice","Dagger Throw"],"picked":"SKIP","floor":39.0},{"not_picked":["Crippling Poison+1","Deflect+1"],"picked":"Night Terror+1","floor":44.0},{"not_picked":["Dodge and Roll+1","Prepared+1"],"picked":"Dash+1","floor":45.0},{"not_picked":["Outmaneuver+1","Flying Knee"],"picked":"Crippling Poison+1","floor":48.0}],"player_experience":995471,"relics_obtained":[{"floor":6.0,"key":"Pocketwatch"},{"floor":8.0,"key":"Darkstone Periapt"},{"floor":9.0,"key":"Toxic Egg 2"},{"floor":26.0,"key":"Meat on the Bone"},{"floor":43.0,"key":"Frozen Egg 2"},{"floor":46.0,"key":"Bronze Scales"}],"event_choices":[{"damage_healed":0.0,"max_hp_gain":0.0,"max_hp_loss":0.0,"gold_gain":0.0,"event_name":"Shining Light","player_choice":"Ignored","floor":2.0,"gold_loss":0.0,"damage_taken":0.0},{"damage_healed":0.0,"max_hp_gain":0.0,"max_hp_loss":0.0,"gold_gain":0.0,"event_name":"Golden Idol","player_choice":"Take Wound","floor":4.0,"gold_loss":0.0,"damage_taken":0.0,"relics_obtained":["Golden Idol"],"cards_obtained":["Injury"]},{"damage_healed":17.0,"max_hp_gain":0.0,"max_hp_loss":0.0,"gold_gain":0.0,"event_name":"Mushrooms","player_choice":"Healed and dodged fight","floor":11.0,"gold_loss":0.0,"damage_taken":0.0,"cards_obtained":["Parasite"]},{"damage_healed":0.0,"max_hp_gain":0.0,"max_hp_loss":0.0,"gold_gain":0.0,"event_name":"Vampires","player_choice":"Ignored","floor":20.0,"gold_loss":0.0,"damage_taken":0.0},{"damage_healed":0.0,"max_hp_gain":0.0,"max_hp_loss":0.0,"gold_gain":99.0,"event_name":"Nest","player_choice":"Stole From Cult","floor":27.0,"gold_loss":0.0,"damage_taken":0.0},{"damage_healed":0.0,"max_hp_gain":0.0,"max_hp_loss":0.0,"gold_gain":0.0,"event_name":"Ghosts","player_choice":"Ignored","floor":30.0,"gold_loss":0.0,"damage_taken":0.0},{"damage_healed":0.0,"max_hp_gain":0.0,"max_hp_loss":0.0,"gold_gain":100.0,"event_name":"Golden Shrine","player_choice":"Pray","floor":41.0,"gold_loss":0.0,"damage_taken":0.0},{"damage_healed":0.0,"max_hp_gain":0.0,"max_hp_loss":0.0,"gold_gain":0.0,"event_name":"Accursed Blacksmith","player_choice":"Forge","floor":47.0,"gold_loss":0.0,"damage_taken":0.0,"cards_upgraded":["A Thousand Cuts"]}],"is_beta":false,"boss_relics":[{"not_picked":["White Beast Statue","Cursed Key"],"picked":"Lizard Tail"},{"not_picked":["Runic Dome","Black Star"],"picked":"Pandora\u0027s Box"}],"items_purged_floors":[36],"is_endless":false,"potions_floor_spawned":[1,6,13,18,22,25,28,35,37],"ascension_level":8}