{"gold_per_floor":[210,225,225,150,170,170,185,185,185,203,103,103,103,120,120,223,273,286,300,175,175,195,195,195,195,273,288,138,149,166,176,176,279,279,294,294,41,52,71,71,89,89,114,127,28,44,55,69,69,69],"floor_reached":51,"playtime":65991,"items_purged":["Strike_R","Defend_R","Strike_R","Strike_R+1","Strike_R+1"],"score":647,"play_id":"d57a2a3d-c60a-4b66-b754-5b816cc42a54","local_time":"20180817185208","is_ascension_mode":false,"campfire_choices":[{"data":"Defend_R","floor":6,"key":"SMITH"},{"data":"Defend_R","floor":8,"key":"SMITH"},{"data":"Bash","floor":12,"key":"SMITH"},{"data":"Demon Form","floor":15,"key":"SMITH"},{"data":"Thunderclap","floor":23,"key":"SMITH"},{"data":"Ghostly","floor":25,"key":"SMITH"},{"data":"Ghostly","floor":32,"key":"SMITH"},{"data":"Offering","floor":40,"key":"SMITH"},{"data":"Impervious","floor":42,"key":"SMITH"},{"floor":49,"key":"REST"}],"neow_cost":"NONE","seed_source_timestamp":460077049265552,"circlet_count":0,"master_deck":["Defend_R+1","Defend_R+1","Defend_R+1","Bash+1","Demon Form+1","Impervious+1","Thunderclap+1","Ghostly+1","Ghostly+1","Ghostly","Ghostly+1","Ghostly","Shockwave+1","Dropkick","Offering+1","Seeing Red+1","Violence+1","Dropkick","True Grit","Purity","Corruption+1"],"relics":["Burning Blood","Prayer Wheel","Tiny House","Bottled Flame","War Paint"],"potions_floor_usage":[16,16,17,33,35,50,50,50],"damage_taken":[{"damage":3,"enemies":"2 Louse","floor":1,"turns":4},{"damage":0,"enemies":"Small Slimes","floor":2,"turns":3},{"damage":4,"enemies":"Jaw Worm","floor":5,"turns":6},{"damage":23,"enemies":"Large Slime","floor":7,"turns":14},{"damage":4,"enemies":"Looter","floor":10,"turns":4},{"damage":1,"enemies":"Exordium Wildlife","floor":14,"turns":5},{"damage":36,"enemies":"Hexaghost","floor":16,"turns":10},{"damage":16,"enemies":"3 Byrds","floor":18,"turns":9},{"damage":5,"enemies":"Chosen","floor":19,"turns":7},{"damage":0,"enemies":"Snecko","floor":22,"turns":4},{"damage":0,"enemies":"Snake Plant","floor":27,"turns":6},{"damage":11,"enemies":"Cultist and Chosen","floor":29,"turns":10},{"damage":1,"enemies":"Snecko","floor":30,"turns":7},{"damage":4,"enemies":"Centurion and Healer","floor":31,"turns":6},{"damage":8,"enemies":"Champ","floor":33,"turns":13},{"damage":8,"enemies":"Flame Bruiser 1 Orb","floor":35,"turns":7},{"damage":6,"enemies":"Orb Walker","floor":38,"turns":5},{"damage":3,"enemies":"Transient","floor":39,"turns":5},{"damage":3,"enemies":"3 Darklings","floor":41,"turns":7},{"damage":1,"enemies":"Maw","floor":44,"turns":8},{"damage":24,"enemies":"Transient","floor":46,"turns":4},{"damage":5,"enemies":"4 Shapes","floor":47,"turns":18},{"damage":6,"enemies":"Maw","floor":48,"turns":6},{"damage":10,"enemies":"Awakened One","floor":50,"turns":6}],"seed_played":"8127124332714495109","potions_obtained":[{"floor":10,"key":"SteroidPotion"},{"floor":14,"key":"Weak Potion"},{"floor":16,"key":"Dexterity Potion"},{"floor":17,"key":"Fruit Juice"},{"floor":18,"key":"BloodPotion"},{"floor":27,"key":"Fire Potion"},{"floor":30,"key":"PowerPotion"},{"floor":35,"key":"Fire Potion"},{"floor":41,"key":"SteroidPotion"}],"is_trial":false,"path_per_floor":["M","M","?","$","M","R","M","R","T","M","$","R","?","M","R","B",null,"M","M","$","?","M","R","?","R","T","M","$","M","M","M","R","B",null,"M","?","$","M","M","R","M","R","T","M","$","M","M","M","R","B"],"character_chosen":"IRONCLAD","items_purchased":["Dropkick","Purity"],"campfire_rested":1,"item_purchase_floors":[37,45],"current_hp_per_floor":[80,80,73,73,75,75,58,58,58,60,60,60,44,49,49,19,90,80,81,81,81,87,87,45,45,45,45,45,40,45,45,45,43,45,43,43,43,43,45,45,45,45,45,45,45,27,28,28,41,37],"gold":69,"neow_bonus":"HUNDRED_GOLD","is_prod":false,"is_daily":false,"chose_seed":false,"campfire_upgraded":9,"win_rate":0,"timestamp":1534546328,"path_taken":["M","M","?","$","M","R","M","R","T","M","$","R","?","M","R","BOSS","M","M","$","?","M","R","?","R","T","M","$","M","M","M","R","BOSS","M","?","$","M","M","R","?","R","T","?","$","M","M","M","R","BOSS"],"build_version":"2018-08-16","purchased_purges":5,"victory":true,"max_hp_per_floor":[80,80,80,80,80,80,80,80,80,80,80,80,80,80,80,80,90,90,90,90,90,90,90,45,45,45,45,45,45,45,45,45,45,45,45,45,45,45,45,45,45,45,45,45,45,45,45,45,45,45],"card_choices":[{"not_picked":["Iron Wave","Wild Strike","Headbutt"],"picked":"SKIP","floor":1},{"not_picked":["Seeing Red","Twin Strike","Iron Wave"],"picked":"SKIP","floor":2},{"not_picked":["Twin Strike","Blood for Blood","Rage"],"picked":"SKIP","floor":5},{"not_picked":["Twin Strike","Bloodletting","Pommel Strike"],"picked":"SKIP","floor":7},{"not_picked":["Iron Wave","Burning Pact","Infernal Blade"],"picked":"SKIP","floor":10},{"not_picked":["Corruption","Entrench","Pommel Strike"],"picked":"SKIP","floor":10},{"not_picked":["Intimidate","Pommel Strike"],"picked":"Demon Form","floor":14},{"not_picked":["Fire Breathing","Cleave","Headbutt"],"picked":"SKIP","floor":14},{"not_picked":["Dark Embrace","Demon Form"],"picked":"Impervious","floor":16},{"not_picked":["Clothesline","Warcry"],"picked":"Thunderclap","floor":17},{"not_picked":["Flame Barrier+1","Bloodletting+1","Clash"],"picked":"SKIP","floor":18},{"not_picked":["Twin Strike","Metallicize","Combust"],"picked":"SKIP","floor":18},{"not_picked":["Spot Weakness+1","Uppercut","Corruption+1"],"picked":"SKIP","floor":19},{"not_picked":["Sword Boomerang+1","Heavy Blade","Clash"],"picked":"SKIP","floor":19},{"not_picked":["True Grit+1","Sentinel","Battle Trance"],"picked":"SKIP","floor":22},{"not_picked":["Blood for Blood","Inflame+1","Uppercut+1"],"picked":"SKIP","floor":22},{"not_picked":["Searing Blow","Headbutt","Inflame"],"picked":"SKIP","floor":27},{"not_picked":["Brutality","Iron Wave","Cleave"],"picked":"SKIP","floor":27},{"not_picked":["Iron Wave","Inflame"],"picked":"Shockwave+1","floor":29},{"not_picked":["Pommel Strike","Iron Wave+1","Feel No Pain"],"picked":"SKIP","floor":29},{"not_picked":["Headbutt","Searing Blow"],"picked":"Dropkick","floor":30},{"not_picked":["Cleave","Intimidate+1","Heavy Blade"],"picked":"SKIP","floor":30},{"not_picked":["Clothesline","Flame Barrier","Sentinel+1"],"picked":"SKIP","floor":31},{"not_picked":["Second Wind","Clothesline","Iron Wave"],"picked":"SKIP","floor":31},{"not_picked":["Impervious","Immolate"],"picked":"Offering","floor":33},{"not_picked":["Bloodletting+1","Combust+1"],"picked":"Seeing Red+1","floor":35},{"not_picked":["Heavy Blade+1","Iron Wave","Anger+1"],"picked":"SKIP","floor":35},{"not_picked":["Forethought","Enlightenment"],"picked":"Violence","floor":36},{"not_picked":["Clothesline","Shockwave","Corruption+1"],"picked":"SKIP","floor":38},{"not_picked":["Pommel Strike+1","Clash","Uppercut"],"picked":"SKIP","floor":38},{"not_picked":["Pummel","Warcry+1","Cleave+1"],"picked":"SKIP","floor":39},{"not_picked":["Headbutt+1","Infernal Blade+1","Clothesline+1"],"picked":"SKIP","floor":39},{"not_picked":["Heavy Blade+1","Flame Barrier","Anger"],"picked":"SKIP","floor":41},{"not_picked":["Pommel Strike","Battle Trance+1","Evolve"],"picked":"SKIP","floor":41},{"not_picked":["Bloodletting","Battle Trance+1"],"picked":"True Grit","floor":44},{"not_picked":["Shrug It Off+1","Barricade","Bloodletting"],"picked":"SKIP","floor":44},{"not_picked":["Second Wind+1","Battle Trance","Clash"],"picked":"SKIP","floor":46},{"not_picked":["Flame Barrier+1","Twin Strike","Hemokinesis"],"picked":"SKIP","floor":46},{"not_picked":["Wild Strike","Heavy Blade","Pommel Strike+1"],"picked":"SKIP","floor":47},{"not_picked":["Body Slam","Wild Strike+1","Armaments"],"picked":"SKIP","floor":47},{"not_picked":["Clash+1","Perfected Strike+1"],"picked":"Corruption+1","floor":48},{"not_picked":["Rampage+1","Reckless Charge+1","Clothesline"],"picked":"SKIP","floor":48}],"player_experience":2237330,"relics_obtained":[{"floor":9,"key":"Prayer Wheel"},{"floor":26,"key":"Bottled Flame"},{"floor":43,"key":"War Paint"}],"event_choices":[{"event_name":"Golden Wing","player_choice":"Card Removal","floor":3,"damage_taken":0},{"event_name":"Shining Light","player_choice":"Entered Light","floor":13,"damage_taken":0},{"event_name":"Drug Dealer","player_choice":"Ignored","floor":21,"damage_taken":0},{"event_name":"Ghosts","player_choice":"Became a Ghost","floor":24,"damage_taken":0},{"event_name":"SensoryStone","player_choice":"Memory 1","floor":36,"damage_taken":0}],"is_beta":false,"boss_relics":[{"not_picked":["White Beast Statue","Pandora\u0027s Box"],"picked":"Tiny House"},{"not_picked":["Snecko Eye","Busted Crown","Calling Bell"]}],"items_purged_floors":[4,11,20,28,37],"is_endless":false,"potions_floor_spawned":[10,14,16,18,27,29,30,35,41,47],"ascension_level":0}