{"gold_per_floor":[213,213,233,246,321,321,382,382,433,433,449,466,478,492,492,589,589],"floor_reached":17,"playtime":427,"items_purged":[],"score":159,"play_id":"28258aed-2a15-4374-a2d4-1ff5cf3f510d","local_time":"20181222164209","is_ascension_mode":false,"campfire_choices":[{"data":"Dualcast","floor":6,"key":"SMITH"},{"data":"Zap","floor":8,"key":"SMITH"},{"data":"Go for the Eyes","floor":15,"key":"SMITH"}],"neow_cost":"NONE","seed_source_timestamp":2050802282115101,"circlet_count":0,"master_deck":["Strike_B","Strike_B+1","Strike_B+1","Strike_B","Defend_B","Defend_B","Defend_B","Defend_B","Zap+1","Dualcast+1","Chill","Conserve Battery","Go for the Eyes+1"],"special_seed":0,"relics":["FrozenCore","Tiny Chest","Whetstone"],"potions_floor_usage":[7],"damage_taken":[{"damage":0.0,"enemies":"Small Slimes","floor":1.0,"turns":3.0},{"damage":0.0,"enemies":"Cultist","floor":3.0,"turns":4.0},{"damage":6.0,"enemies":"Jaw Worm","floor":4.0,"turns":4.0},{"damage":35,"enemies":"Lagavulin","floor":7,"turns":7},{"damage":0,"enemies":"2 Fungi Beasts","floor":11,"turns":2},{"damage":0,"enemies":"Large Slime","floor":12,"turns":6},{"damage":0,"enemies":"Looter","floor":13,"turns":3},{"damage":3,"enemies":"2 Fungi Beasts","floor":14,"turns":3},{"damage":13,"enemies":"The Guardian","floor":16,"turns":14}],"seed_played":"4747552597908261994","potions_obtained":[{"floor":1.0,"key":"Poison Potion"},{"floor":7,"key":"Fire Potion"},{"floor":11,"key":"PowerPotion"}],"is_trial":false,"path_per_floor":["M","$","M","M","?","R","E","R","T","$","M","M","M","M","R","B",null],"character_chosen":"DEFECT","items_purchased":[],"campfire_rested":0,"item_purchase_floors":[],"current_hp_per_floor":[75,75,75,69,62,62,27,27,27,27,27,27,27,24,24,11,75],"gold":589,"neow_bonus":"HUNDRED_GOLD","is_prod":false,"is_daily":false,"chose_seed":false,"campfire_upgraded":3,"win_rate":0,"timestamp":1545496929,"path_taken":["M","$","M","M","?","R","E","R","T","$","M","?","M","M","R","BOSS"],"build_version":"2018-12-20","purchased_purges":0,"victory":false,"max_hp_per_floor":[75,75,75,75,75,75,75,75,75,75,75,75,75,75,75,75,75],"card_choices":[{"not_picked":["Consume","Redo","Hologram"],"picked":"SKIP","floor":1.0},{"not_picked":["Consume","Doom and Gloom","Barrage"],"picked":"SKIP","floor":3.0},{"not_picked":["Beam Cell","Scrape","Leap"],"picked":"SKIP","floor":4.0},{"not_picked":["Rip and Tear","Sweeping Beam","Beam Cell"],"picked":"SKIP","floor":7},{"not_picked":["Redo","Doom and Gloom"],"picked":"Chill","floor":11},{"not_picked":["Scrape","Storm"],"picked":"Conserve Battery","floor":12},{"not_picked":["Genetic Algorithm","Stack"],"picked":"Go for the Eyes","floor":13},{"not_picked":["Coolheaded","Hologram","Rebound"],"picked":"SKIP","floor":14}],"player_experience":902255,"relics_obtained":[{"floor":7,"key":"Tiny Chest"},{"floor":9,"key":"Whetstone"}],"event_choices":[{"damage_healed":0,"gold_gain":75,"player_choice":"Touch","damage_taken":7,"max_hp_gain":0,"max_hp_loss":0,"event_name":"FaceTrader","floor":5,"gold_loss":0}],"is_beta":false,"boss_relics":[{"not_picked":["Runic Pyramid","Tiny House"],"picked":"FrozenCore"}],"items_purged_floors":[],"is_endless":false,"potions_floor_spawned":[1,7,11],"ascension_level":0}