{"gold_per_floor":[110,20,20,36,36,68,68,103,103,103,103,103,28,53,53,157,157,177,194,294,322,151,151,176,176,230,250,165,18,30,61,61,158,158,168,221,109,32,45,78,78,108,108,121,155,173,173,186,186,186],"floor_reached":51,"playtime":2410,"items_purged":["Pain","Strike_R","Strike_R"],"score":1260,"play_id":"3b638b6a-5e70-4ba6-bf33-709d7c28e967","local_time":"20190210110504","is_ascension_mode":true,"campfire_choices":[{"data":"Entrench","floor":7,"key":"SMITH"},{"data":"Body Slam","floor":10,"key":"SMITH"},{"floor":12,"key":"REST"},{"floor":15,"key":"REST"},{"data":"Armaments","floor":23,"key":"SMITH"},{"data":"Body Slam","floor":25,"key":"SMITH"},{"data":"Shockwave","floor":32,"key":"SMITH"},{"data":"Barricade","floor":41,"key":"SMITH"},{"data":"Demon Form","floor":49,"key":"SMITH"}],"neow_cost":"NONE","seed_source_timestamp":1756439746994,"circlet_count":0,"master_deck":["Strike_R","Strike_R","Strike_R+1","Defend_R","Defend_R+1","Defend_R","Defend_R","Bash","Flame Barrier","Finesse","Body Slam+1","Entrench+1","Body Slam+1","Impervious","Demon Form+1","Armaments+1","Power Through","Shockwave+1","Metallicize+1","Inflame","Metallicize","Body Slam+1","Shrug It Off","Iron Wave","Iron Wave","Barricade+1","Flame Barrier+1","Warcry","Spot Weakness","Battle Trance","Writhe","Entrench","Impervious","Headbutt+1","Corruption+1"],"relics":["Burning Blood","NeowsBlessing","WarpedTongs","Orichalcum","Darkstone Periapt","Question Card","Mercury Hourglass","Centennial Puzzle","Sozu","Peace Pipe","Matryoshka","Red Mask","Paper Frog","Lantern","PreservedInsect","Gremlin Horn","Bag of Marbles","Cursed Key","Gambling Chip","Mummified Hand","Juzu Bracelet","Dead Branch","Ancient Tea Set","Anchor","Dodecahedron"],"potions_floor_usage":[16,16],"damage_taken":[{"damage":0,"enemies":"Small Slimes","floor":1,"turns":1},{"damage":0,"enemies":"Cultist","floor":4,"turns":1},{"damage":0,"enemies":"Lagavulin","floor":6,"turns":1},{"damage":31,"enemies":"Gremlin Nob","floor":8,"turns":4},{"damage":37,"enemies":"Lagavulin","floor":14,"turns":7},{"damage":32,"enemies":"Hexaghost","floor":16,"turns":8},{"damage":0,"enemies":"Chosen","floor":18,"turns":5},{"damage":0,"enemies":"3 Byrds","floor":19,"turns":2},{"damage":7,"enemies":"Colosseum Slavers","floor":20,"turns":3},{"damage":0,"enemies":"Colosseum Nobs","floor":20,"turns":6},{"damage":18,"enemies":"Masked Bandits","floor":21,"turns":6},{"damage":3,"enemies":"Slavers","floor":24,"turns":8},{"damage":8,"enemies":"Snake Plant","floor":27,"turns":5},{"damage":3,"enemies":"Shelled Parasite and Fungi","floor":30,"turns":7},{"damage":6,"enemies":"Book of Stabbing","floor":31,"turns":4},{"damage":0,"enemies":"Champ","floor":33,"turns":9},{"damage":1,"enemies":"3 Darklings","floor":35,"turns":4},{"damage":14,"enemies":"2 Orb Walkers","floor":36,"turns":5},{"damage":0,"enemies":"Orb Walker","floor":39,"turns":2},{"damage":0,"enemies":"Reptomancer","floor":40,"turns":3},{"damage":0,"enemies":"Nemesis","floor":42,"turns":5},{"damage":0,"enemies":"Transient","floor":44,"turns":5},{"damage":1,"enemies":"Reptomancer","floor":45,"turns":2},{"damage":0,"enemies":"4 Shapes","floor":46,"turns":3},{"damage":0,"enemies":"Spire Growth","floor":48,"turns":3},{"damage":6,"enemies":"Donu and Deca","floor":50,"turns":4}],"seed_played":"6529442170362113447","potions_obtained":[{"floor":1,"key":"LiquidBronze"},{"floor":14,"key":"Swift Potion"},{"floor":16,"key":"Regen Potion"}],"is_trial":false,"path_per_floor":["M","$","?","M","T","E","R","E","T","R","?","R","$","E","R","B",null,"M","M","?","?","$","R","E","R","T","M","?","$","M","E","R","B",null,"M","?","$","?","M","E","R","E","T","M","E","M","?","M","R","B",null],"character_chosen":"IRONCLAD","items_purchased":["Finesse","Inflame","Shrug It Off","Flash of Steel","Warcry"],"campfire_rested":2,"item_purchase_floors":[2,22,29,37,37],"current_hp_per_floor":[80,80,80,80,80,80,80,55,55,55,39,63,63,32,56,30,80,80,80,80,68,68,68,71,71,71,69,69,69,72,72,72,78,80,80,72,72,72,78,80,80,80,86,86,86,86,86,86,86,86],"gold":186,"neow_bonus":"THREE_ENEMY_KILL","is_prod":false,"is_daily":false,"chose_seed":false,"campfire_upgraded":7,"win_rate":0,"timestamp":1549818304,"path_taken":["M","$","?","?","?","E","R","E","T","R","?","R","$","E","R","BOSS","M","M","?","?","$","R","E","R","T","M","?","$","M","E","R","BOSS","M","?","$","?","?","E","R","E","T","M","E","M","?","M","R","BOSS"],"build_version":"2019-01-23","purchased_purges":3,"victory":true,"max_hp_per_floor":[80,80,80,80,80,80,80,80,80,80,80,80,80,80,80,80,80,80,80,80,80,80,80,80,80,80,80,80,80,80,80,80,80,80,80,80,80,80,80,80,80,80,86,86,86,86,86,86,86,86],"card_choices":[{"not_picked":["Fire Breathing","Anger"],"picked":"Flame Barrier","floor":1},{"not_picked":["Disarm","True Grit"],"picked":"Body Slam","floor":4},{"not_picked":["Fire Breathing","True Grit"],"picked":"Entrench","floor":6},{"not_picked":["Second Wind","Havoc"],"picked":"Body Slam","floor":8},{"not_picked":["Feed","Berserk","Brutality"],"picked":"Impervious","floor":14},{"not_picked":["Bludgeon","Berserk","Fiend Fire"],"picked":"Demon Form","floor":16},{"not_picked":["Cleave","Hemokinesis","Warcry"],"picked":"Armaments","floor":18},{"not_picked":["Heavy Blade","Havoc+1","Clash"],"picked":"Power Through","floor":19},{"not_picked":["Burning Pact","Twin Strike","Armaments"],"picked":"Shockwave","floor":20},{"not_picked":["Combust","Disarm","Headbutt"],"picked":"Metallicize+1","floor":21},{"not_picked":["Havoc+1","Bludgeon","Sever Soul+1"],"picked":"Metallicize","floor":24},{"not_picked":["Clash","Clothesline+1","Pommel Strike"],"picked":"Body Slam+1","floor":27},{"not_picked":["Blood for Blood","Heavy Blade","Wild Strike"],"picked":"Iron Wave","floor":30},{"not_picked":["Sever Soul","Havoc","Intimidate"],"picked":"Iron Wave","floor":31},{"not_picked":["Dark Embrace","Immolate","Demon Form"],"picked":"Barricade","floor":33},{"not_picked":["Sword Boomerang","Wild Strike","Rupture","Heavy Blade"],"picked":"SKIP","floor":35},{"not_picked":["True Grit+1","Body Slam","Evolve+1"],"picked":"Flame Barrier+1","floor":36},{"not_picked":["Reckless Charge+1","Perfected Strike","Ghostly Armor","Pummel+1"],"picked":"SKIP","floor":39},{"not_picked":["Perfected Strike+1","Feel No Pain+1","True Grit"],"picked":"Spot Weakness","floor":40},{"not_picked":["Hemokinesis","Sword Boomerang+1","Armaments+1"],"picked":"Battle Trance","floor":42},{"not_picked":["Body Slam","Clash","Carnage+1"],"picked":"Entrench","floor":44},{"not_picked":["Carnage","Immolate","Body Slam"],"picked":"Impervious","floor":45},{"not_picked":["Hemokinesis+1","Second Wind","Cleave"],"picked":"Headbutt+1","floor":46},{"not_picked":["Perfected Strike+1","Heavy Blade+1","Warcry+1"],"picked":"Corruption+1","floor":48}],"player_experience":142909,"relics_obtained":[{"floor":5,"key":"Orichalcum"},{"floor":6,"key":"Darkstone Periapt"},{"floor":8,"key":"Question Card"},{"floor":9,"key":"Mercury Hourglass"},{"floor":14,"key":"Centennial Puzzle"},{"floor":20,"key":"Peace Pipe"},{"floor":20,"key":"Matryoshka"},{"floor":21,"key":"Red Mask"},{"floor":24,"key":"Paper Frog"},{"floor":26,"key":"Lantern"},{"floor":26,"key":"PreservedInsect"},{"floor":31,"key":"Bag of Marbles"},{"floor":36,"key":"Gambling Chip"},{"floor":40,"key":"Juzu Bracelet"},{"floor":42,"key":"Dead Branch"},{"floor":43,"key":"Ancient Tea Set"},{"floor":43,"key":"Anchor"},{"floor":45,"key":"Dodecahedron"}],"event_choices":[{"damage_healed":0,"gold_gain":0,"player_choice":"Rummage","damage_taken":0,"relics_obtained":["WarpedTongs"],"max_hp_gain":0,"max_hp_loss":0,"event_name":"Accursed Blacksmith","floor":3,"gold_loss":0,"cards_obtained":["Pain"]},{"damage_healed":0,"gold_gain":0,"player_choice":"Entered Light","damage_taken":16,"max_hp_gain":0,"max_hp_loss":0,"event_name":"Shining Light","floor":11,"gold_loss":0,"cards_upgraded":["Defend_R","Strike_R"]},{"damage_healed":0,"gold_gain":0,"player_choice":"Fight","damage_taken":0,"max_hp_gain":0,"max_hp_loss":0,"event_name":"Colosseum","floor":20,"gold_loss":0},{"damage_healed":0,"gold_gain":0,"player_choice":"Fought Nobs","damage_taken":0,"max_hp_gain":0,"max_hp_loss":0,"event_name":"Colosseum","floor":20,"gold_loss":0},{"damage_healed":0,"gold_gain":0,"player_choice":"Fought Bandits","damage_taken":0,"max_hp_gain":0,"max_hp_loss":0,"event_name":"Masked Bandits","floor":21,"gold_loss":0},{"damage_healed":0,"gold_gain":0,"player_choice":"Obtained Relic","damage_taken":0,"relics_obtained":["Gremlin Horn"],"max_hp_gain":0,"max_hp_loss":0,"event_name":"Addict","floor":28,"gold_loss":85},{"damage_healed":0,"gold_gain":0,"player_choice":"Fight","damage_taken":0,"max_hp_gain":0,"max_hp_loss":0,"event_name":"Mysterious Sphere","floor":36,"gold_loss":0},{"damage_healed":0,"gold_gain":0,"player_choice":"Paid Gold","damage_taken":0,"relics_obtained":["Mummified Hand"],"max_hp_gain":0,"max_hp_loss":0,"event_name":"WeMeetAgain","floor":38,"gold_loss":77},{"cards_removed":["Flash of Steel"],"damage_healed":0,"gold_gain":0,"player_choice":"Removed Attack","damage_taken":0,"max_hp_gain":0,"max_hp_loss":0,"event_name":"Falling","floor":47,"gold_loss":0}],"is_beta":false,"boss_relics":[{"not_picked":["Mark of Pain","Eternal Feather"],"picked":"Sozu"},{"not_picked":["Runic Dome","Snecko Eye"],"picked":"Cursed Key"}],"items_purged_floors":[13,22,29],"is_endless":false,"potions_floor_spawned":[1,14,16,19,20,21,24,27,35,36,42,45,46],"ascension_level":3}