{"gold_per_floor":[219,22,22,32,52,77,87,87,133,167,186,199,229,229,229,334,334,334,30,30,30,30,30,30,30,30,30,30,30,30,30,30,30,30,30,30,30,30,30,30,30,30,30,30,30,30,30,30,30,30],"floor_reached":51,"playtime":2060,"items_purged":["Defend_R"],"score":1161,"play_id":"be629eb4-304d-4caa-b97e-53c744fb7d3f","local_time":"20181219145135","is_ascension_mode":true,"campfire_choices":[{"data":"Heavy Blade","floor":15,"key":"SMITH"},{"data":"Whirlwind","floor":24,"key":"SMITH"},{"data":"Double Tap","floor":27,"key":"SMITH"},{"data":"Armaments","floor":29,"key":"SMITH"},{"data":"Bash","floor":32,"key":"SMITH"},{"data":"Limit Break","floor":41,"key":"SMITH"},{"data":"True Grit","floor":49,"key":"SMITH"}],"neow_cost":"NONE","seed_source_timestamp":188165489999803,"circlet_count":0,"master_deck":["Strike_R","Strike_R","Strike_R","Strike_R","Strike_R","Defend_R","Defend_R","Defend_R","Bash+1","Battle Trance","Clothesline","Disarm","Heavy Blade+1","Intimidate+1","True Grit+1","Double Tap+1","Armaments+1","Offering","True Grit+1","Twin Strike","Whirlwind+1","Infernal Blade+1","Power Through","RitualDagger","Limit Break+1","Heavy Blade+1","Thunderclap+1","Dropkick+1"],"relics":["Burning Blood","Brimstone","Matryoshka","Strawberry","Anchor","Happy Flower","Darkstone Periapt","Bronze Scales","Ectoplasm","Pen Nib","Bag of Marbles","Self Forming Clay","FossilizedHelix","Centennial Puzzle","Vajra","Bird Faced Urn","Black Star","SsserpentHead","War Paint","Bottled Flame","Champion Belt","Pear","Dream Catcher","Pantograph","MawBank"],"potions_floor_usage":[12,16,21,21,23],"damage_taken":[{"damage":3,"enemies":"2 Louse","floor":1,"turns":3},{"damage":0,"enemies":"Cultist","floor":4,"turns":2},{"damage":0,"enemies":"Small Slimes","floor":5,"turns":2},{"damage":28,"enemies":"3 Sentries","floor":6,"turns":5},{"damage":4,"enemies":"Blue Slaver","floor":7,"turns":3},{"damage":16,"enemies":"Lagavulin","floor":10,"turns":5},{"damage":0,"enemies":"Looter","floor":11,"turns":2},{"damage":0,"enemies":"Gremlin Gang","floor":12,"turns":1},{"damage":6,"enemies":"Gremlin Nob","floor":13,"turns":3},{"damage":0,"enemies":"Slime Boss","floor":16,"turns":3},{"damage":16,"enemies":"3 Byrds","floor":18,"turns":4},{"damage":6,"enemies":"Chosen","floor":20,"turns":3},{"damage":6,"enemies":"Shelled Parasite and Fungi","floor":21,"turns":3},{"damage":18,"enemies":"Book of Stabbing","floor":23,"turns":2},{"damage":6,"enemies":"Slavers","floor":25,"turns":2},{"damage":0,"enemies":"Centurion and Healer","floor":28,"turns":3},{"damage":0,"enemies":"Book of Stabbing","floor":30,"turns":2},{"damage":56,"enemies":"Automaton","floor":33,"turns":5},{"damage":0,"enemies":"3 Darklings","floor":35,"turns":1},{"damage":0,"enemies":"3 Shapes","floor":37,"turns":1},{"damage":0,"enemies":"Reptomancer","floor":40,"turns":2},{"damage":0,"enemies":"Giant Head","floor":44,"turns":4},{"damage":0,"enemies":"Spire Growth","floor":46,"turns":3},{"damage":0,"enemies":"Transient","floor":47,"turns":5},{"damage":0,"enemies":"Nemesis","floor":48,"turns":3},{"damage":41,"enemies":"Awakened One","floor":50,"turns":6}],"seed_played":"-9186481782691265670","potions_obtained":[{"floor":1,"key":"LiquidBronze"},{"floor":6,"key":"AttackPotion"},{"floor":11,"key":"PowerPotion"},{"floor":12,"key":"SkillPotion"},{"floor":13,"key":"Block Potion"},{"floor":20,"key":"Fruit Juice"},{"floor":21,"key":"Swift Potion"},{"floor":28,"key":"Explosive Potion"},{"floor":35,"key":"Dexterity Potion"},{"floor":44,"key":"Fire Potion"},{"floor":46,"key":"PowerPotion"},{"floor":47,"key":"FearPotion"}],"is_trial":false,"path_per_floor":["M","$","?","M","M","E","M","$","T","E","M","M","E","?","R","B",null,"M","$","M","M","?","E","R","E","T","R","M","R","E","?","R","B",null,"M","?","M","$","?","E","R","$","T","E","$","M","M","E","R","B",null],"character_chosen":"IRONCLAD","items_purchased":["Brimstone","Offering","Pen Nib"],"campfire_rested":0,"item_purchase_floors":[2,19,19],"current_hp_per_floor":[80,80,80,80,80,65,67,67,67,57,63,69,69,74,74,80,92,82,82,82,87,93,81,81,81,81,81,87,87,93,87,87,37,103,103,103,103,103,103,103,103,103,103,113,113,113,113,113,113,78],"gold":30,"neow_bonus":"HUNDRED_GOLD","is_prod":false,"is_daily":false,"chose_seed":false,"campfire_upgraded":7,"win_rate":0,"timestamp":1545259895,"path_taken":["M","$","?","M","M","E","M","?","T","E","M","M","E","?","R","BOSS","M","$","M","M","?","E","R","E","T","R","M","R","E","?","R","BOSS","M","?","?","?","?","E","R","$","T","E","$","M","?","E","R","BOSS"],"build_version":"2018-12-13","purchased_purges":1,"victory":true,"max_hp_per_floor":[80,80,80,80,80,87,87,87,87,87,87,87,87,92,92,92,92,92,92,92,97,103,103,103,103,103,103,103,103,103,103,103,103,103,103,103,103,103,103,103,103,103,103,113,113,113,113,113,113,113],"card_choices":[{"not_picked":["Clash","Clothesline"],"picked":"Battle Trance","floor":1},{"not_picked":["Thunderclap","Iron Wave"],"picked":"Clothesline","floor":4},{"not_picked":["Flex","Corruption"],"picked":"Disarm","floor":5},{"not_picked":["True Grit","Power Through","Body Slam"],"picked":"SKIP","floor":6},{"not_picked":["Thunderclap","Warcry"],"picked":"Heavy Blade","floor":7},{"not_picked":["Twin Strike","Fire Breathing"],"picked":"Intimidate","floor":10},{"not_picked":["Fire Breathing","Warcry","Body Slam"],"picked":"SKIP","floor":11},{"not_picked":["Hemokinesis","Perfected Strike"],"picked":"True Grit","floor":12},{"not_picked":["Shockwave","Entrench","Wild Strike"],"picked":"SKIP","floor":13},{"not_picked":["Reaper","Impervious"],"picked":"Double Tap","floor":16},{"not_picked":["Clothesline","Warcry"],"picked":"Armaments","floor":18},{"not_picked":["Body Slam","Rampage"],"picked":"True Grit","floor":20},{"not_picked":["Wild Strike","Perfected Strike"],"picked":"Twin Strike","floor":21},{"not_picked":["Sword Boomerang","Feel No Pain+1"],"picked":"Whirlwind","floor":23},{"not_picked":["Demon Form","Shrug It Off"],"picked":"Infernal Blade+1","floor":25},{"not_picked":["Perfected Strike+1","True Grit"],"picked":"Power Through","floor":28},{"not_picked":["Inflame","Wild Strike","Body Slam"],"picked":"SKIP","floor":30},{"not_picked":["Immolate","Offering"],"picked":"Limit Break","floor":33},{"not_picked":["Clash","Fire Breathing+1","Carnage"],"picked":"SKIP","floor":35},{"not_picked":["Hemokinesis","Battle Trance+1"],"picked":"Heavy Blade+1","floor":37},{"not_picked":["Clothesline","Sever Soul"],"picked":"Thunderclap+1","floor":40},{"not_picked":["Rampage","Armaments+1","Body Slam"],"picked":"SKIP","floor":44},{"not_picked":["Anger","Power Through","Dual Wield+1"],"picked":"SKIP","floor":46},{"not_picked":["Twin Strike","Bloodletting+1","Rupture"],"picked":"SKIP","floor":47},{"not_picked":["Hemokinesis","Reckless Charge+1"],"picked":"Dropkick+1","floor":48}],"player_experience":167528,"relics_obtained":[{"floor":6,"key":"Strawberry"},{"floor":9,"key":"Anchor"},{"floor":9,"key":"Happy Flower"},{"floor":10,"key":"Darkstone Periapt"},{"floor":13,"key":"Bronze Scales"},{"floor":23,"key":"Self Forming Clay"},{"floor":25,"key":"FossilizedHelix"},{"floor":26,"key":"Centennial Puzzle"},{"floor":26,"key":"Vajra"},{"floor":30,"key":"Bird Faced Urn"},{"floor":40,"key":"War Paint"},{"floor":40,"key":"Bottled Flame"},{"floor":43,"key":"Champion Belt"},{"floor":44,"key":"Pear"},{"floor":44,"key":"Dream Catcher"},{"floor":48,"key":"Pantograph"},{"floor":48,"key":"MawBank"}],"event_choices":[{"damage_healed":0,"gold_gain":0,"player_choice":"Gave Potion","damage_taken":0,"relics_obtained":["Matryoshka"],"max_hp_gain":0,"max_hp_loss":0,"event_name":"WeMeetAgain","floor":3,"gold_loss":0},{"damage_healed":0,"gold_gain":0,"player_choice":"Donut","damage_taken":0,"max_hp_gain":5,"max_hp_loss":0,"event_name":"Big Fish","floor":14,"gold_loss":0},{"damage_healed":0,"gold_gain":0,"player_choice":"Stole Relic","damage_taken":0,"relics_obtained":["Bag of Marbles"],"max_hp_gain":0,"max_hp_loss":0,"event_name":"Addict","floor":22,"gold_loss":0,"cards_obtained":["Shame"]},{"damage_healed":0,"gold_gain":0,"player_choice":"Joined the Cult","damage_taken":6,"max_hp_gain":0,"max_hp_loss":0,"event_name":"Nest","floor":31,"gold_loss":0,"cards_obtained":["RitualDagger"]},{"damage_healed":0,"gold_gain":0,"player_choice":"Trade","damage_taken":0,"relics_obtained":["SsserpentHead"],"max_hp_gain":0,"max_hp_loss":0,"event_name":"FaceTrader","floor":36,"gold_loss":0},{"cards_removed":["Shame"],"damage_healed":0,"gold_gain":0,"player_choice":"Purged","damage_taken":0,"max_hp_gain":0,"max_hp_loss":0,"event_name":"Purifier","floor":39,"gold_loss":0}],"is_beta":false,"boss_relics":[{"not_picked":["Calling Bell","Runic Dome"],"picked":"Ectoplasm"},{"not_picked":["Lizard Tail","Orrery"],"picked":"Black Star"}],"items_purged_floors":[19],"is_endless":false,"potions_floor_spawned":[1,6,11,12,13,20,21,28,35,44,46,47],"ascension_level":1}