{"gold_per_floor":[209,209,209,225,242,275,275,303,379,379,379,379,390,410,410,511,511,522,541,541,591,66,66,83,98,122,132,132,149,149,149,149,149],"floor_reached":33,"playtime":1672,"items_purged":["Parasite"],"score":347,"play_id":"541ed8fe-ce9c-4793-869b-e5dbf6e2cfab","local_time":"20190209210819","is_ascension_mode":true,"campfire_choices":[{"floor":7,"key":"REST"},{"data":"Feed","floor":10,"key":"SMITH"},{"data":"True Grit","floor":15,"key":"SMITH"},{"data":"Limit Break","floor":23,"key":"SMITH"},{"data":"Armaments","floor":28,"key":"SMITH"},{"floor":32,"key":"REST"}],"neow_cost":"NONE","seed_source_timestamp":93442685847271,"circlet_count":0,"master_deck":["Strike_R+1","Strike_R+1","Strike_R+1","Strike_R+1","Strike_R+1","Defend_R+1","Defend_R+1","Defend_R+1","Defend_R+1","Bash","Infernal Blade+1","Sword Boomerang","Spot Weakness","Pummel","Evolve","Feed+1","True Grit+1","Reaper","Flame Barrier","Headbutt","Limit Break+1","Battle Trance","True Grit","Seeing Red","Armaments+1","Whirlwind","Seeing Red","Flame Barrier"],"relics":["Burning Blood","Prayer Wheel","Dream Catcher","Vajra","Meat on the Bone","Kunai","Runic Cube","Boot","Mummified Hand","Ancient Tea Set","Enchiridion"],"potions_floor_usage":[16,18,25,25,33],"damage_taken":[{"damage":7,"enemies":"Jaw Worm","floor":1,"turns":3},{"damage":1,"enemies":"2 Louse","floor":4,"turns":2},{"damage":6,"enemies":"Cultist","floor":5,"turns":3},{"damage":55,"enemies":"Lagavulin","floor":6,"turns":7},{"damage":25,"enemies":"3 Sentries","floor":8,"turns":8},{"damage":12,"enemies":"Looter","floor":13,"turns":3},{"damage":0,"enemies":"2 Fungi Beasts","floor":14,"turns":3},{"damage":57,"enemies":"Slime Boss","floor":16,"turns":11},{"damage":23,"enemies":"3 Byrds","floor":18,"turns":6},{"damage":22,"enemies":"Spheric Guardian","floor":19,"turns":4},{"damage":35,"enemies":"Centurion and Healer","floor":24,"turns":6},{"damage":35,"enemies":"Snake Plant","floor":25,"turns":6},{"damage":26,"enemies":"Shelled Parasite and Fungi","floor":27,"turns":4},{"damage":14,"enemies":"Centurion and Healer","floor":29,"turns":10},{"damage":79,"enemies":"Automaton","floor":33,"turns":6}],"seed_played":"2950038794841064657","potions_obtained":[{"floor":8,"key":"BloodPotion"},{"floor":14,"key":"Swift Potion"},{"floor":16,"key":"GamblersBrew"},{"floor":24,"key":"Weak Potion"},{"floor":29,"key":"LiquidBronze"}],"is_trial":false,"path_per_floor":["M","?","?","M","M","E","R","E","T","R","?","T","M","M","R","B",null,"M","M","?","?","$","R","M","M","T","M","R","M","?","?","R","B"],"character_chosen":"IRONCLAD","items_purchased":["Mummified Hand","Limit Break","Battle Trance"],"campfire_rested":2,"item_purchase_floors":[22,22,22],"current_hp_per_floor":[71,71,68,73,73,24,48,29,29,29,49,49,55,61,61,26,70,65,53,53,53,53,53,48,35,35,34,34,38,22,22,49,0],"gold":149,"neow_bonus":"HUNDRED_GOLD","is_prod":false,"is_daily":false,"chose_seed":false,"campfire_upgraded":4,"win_rate":0,"timestamp":1549714099,"path_taken":["M","?","?","M","M","E","R","E","T","R","?","?","M","M","R","BOSS","M","M","?","?","$","R","M","M","T","M","R","?","?","?","R","BOSS"],"build_version":"2019-01-23","purchased_purges":1,"victory":false,"max_hp_per_floor":[80,80,80,80,80,80,80,80,80,80,80,80,80,80,80,84,84,88,92,92,92,89,89,89,93,93,93,93,93,93,93,93,93],"card_choices":[{"not_picked":["Sword Boomerang","True Grit"],"picked":"Infernal Blade","floor":1},{"not_picked":["Spot Weakness","Warcry"],"picked":"Sword Boomerang","floor":4},{"not_picked":["Iron Wave","Second Wind"],"picked":"Spot Weakness","floor":4},{"not_picked":["Body Slam","Anger"],"picked":"Pummel","floor":5},{"not_picked":["Perfected Strike","Pommel Strike","Hemokinesis"],"picked":"SKIP","floor":5},{"not_picked":["Anger","Thunderclap"],"picked":"Evolve","floor":6},{"not_picked":["Pommel Strike","Clash"],"picked":"Feed","floor":8},{"not_picked":["Flex","Sword Boomerang","Twin Strike"],"picked":"SKIP","floor":13},{"not_picked":["Havoc","Twin Strike","Feed"],"picked":"SKIP","floor":13},{"not_picked":["Berserk","Corruption"],"picked":"True Grit","floor":14},{"not_picked":["Anger","Havoc","Clothesline"],"picked":"SKIP","floor":14},{"not_picked":["Exhume","Juggernaut"],"picked":"Reaper","floor":16},{"not_picked":["Rampage","Perfected Strike"],"picked":"Flame Barrier","floor":18},{"not_picked":["Havoc","Sentinel","Rupture"],"picked":"SKIP","floor":18},{"not_picked":["Perfected Strike","Iron Wave+1"],"picked":"Headbutt","floor":19},{"not_picked":["Perfected Strike","Twin Strike","Sentinel+1"],"picked":"SKIP","floor":19},{"not_picked":["Headbutt","Spot Weakness"],"picked":"True Grit","floor":24},{"not_picked":["Headbutt+1","Iron Wave+1","Pommel Strike"],"picked":"SKIP","floor":24},{"not_picked":["Sever Soul+1","Burning Pact+1"],"picked":"Seeing Red","floor":25},{"not_picked":["Seeing Red","Corruption"],"picked":"Armaments","floor":25},{"not_picked":["Thunderclap","Searing Blow+1"],"picked":"Whirlwind","floor":27},{"not_picked":["Heavy Blade","Feel No Pain","Combust"],"picked":"SKIP","floor":27},{"not_picked":["Perfected Strike","Flex"],"picked":"Seeing Red","floor":29},{"not_picked":["Battle Trance","Seeing Red+1"],"picked":"Flame Barrier","floor":29}],"player_experience":849006,"relics_obtained":[{"floor":6,"key":"Dream Catcher"},{"floor":8,"key":"Vajra"},{"floor":9,"key":"Meat on the Bone"},{"floor":12,"key":"Kunai"},{"floor":26,"key":"Ancient Tea Set"},{"floor":30,"key":"Enchiridion"}],"event_choices":[{"damage_healed":0,"gold_gain":0,"player_choice":"Grow","damage_taken":0,"max_hp_gain":0,"max_hp_loss":0,"event_name":"Living Wall","floor":2,"gold_loss":0,"cards_upgraded":["Infernal Blade"]},{"damage_healed":0,"gold_gain":0,"player_choice":"Success","damage_taken":3,"relics_obtained":["Prayer Wheel"],"max_hp_gain":0,"max_hp_loss":0,"event_name":"Scrap Ooze","floor":3,"gold_loss":0},{"damage_healed":20,"gold_gain":0,"player_choice":"Healed and dodged fight","damage_taken":0,"max_hp_gain":0,"max_hp_loss":0,"event_name":"Mushrooms","floor":11,"gold_loss":0,"cards_obtained":["Parasite"]},{"damage_healed":0,"gold_gain":0,"player_choice":"Opened","damage_taken":0,"relics_obtained":["Boot"],"max_hp_gain":0,"max_hp_loss":0,"event_name":"The Mausoleum","floor":20,"gold_loss":0},{"damage_healed":0,"gold_gain":100,"player_choice":"Bet on Murderer","damage_taken":0,"max_hp_gain":0,"max_hp_loss":0,"event_name":"The Joust","floor":21,"gold_loss":50},{"damage_healed":0,"gold_gain":0,"player_choice":"Obtained Book","damage_taken":16,"max_hp_gain":0,"max_hp_loss":0,"event_name":"Cursed Tome","floor":30,"gold_loss":0},{"damage_healed":0,"gold_gain":0,"player_choice":"Simplicity","damage_taken":0,"max_hp_gain":0,"max_hp_loss":0,"event_name":"Back to Basics","floor":31,"gold_loss":0,"cards_upgraded":["Strike_R","Strike_R","Strike_R","Strike_R","Strike_R","Defend_R","Defend_R","Defend_R","Defend_R"]}],"is_beta":false,"boss_relics":[{"not_picked":["Lizard Tail","Black Star"],"picked":"Runic Cube"}],"items_purged_floors":[22],"is_endless":false,"potions_floor_spawned":[8,14,16,24,29],"killed_by":"Automaton","ascension_level":7}