{"gold_per_floor":[111,186,186,34,54,54,84,97,97,107,127,127,138,138,138,237,237,237,237,237,237,237,237,237,237,237,237,190,190,190,190,190,190,190,190,190,190,117,117,117,117,0,0,0,0,0,0,0,0,0],"floor_reached":51,"playtime":1424,"items_purged":[],"score":742,"play_id":"9c459ca4-ea2f-46b2-8ba4-ccea684b4e3f","local_time":"20190116221855","is_ascension_mode":false,"campfire_choices":[{"data":"Dualcast","floor":6.0,"key":"SMITH"},{"data":"Zap","floor":12.0,"key":"SMITH"},{"data":"Ball Lightning","floor":15.0,"key":"SMITH"},{"data":"Seek","floor":23,"key":"SMITH"},{"data":"Electrodynamics","floor":32,"key":"SMITH"},{"data":"Coolheaded","floor":40,"key":"SMITH"},{"data":"Coolheaded","floor":44,"key":"SMITH"},{"data":"Undo","floor":49,"key":"SMITH"}],"neow_cost":"NONE","seed_source_timestamp":1995820690003060,"circlet_count":0,"master_deck":["Zap+1","Dualcast+1","Conserve Battery+1","Chill","Ball Lightning+1","Seek+1","Defragment+1","White Noise","Coolheaded+1","Undo+1","Electrodynamics+1","Capacitor+1","Auto Shields","Cold Snap","Melter","Electrodynamics","Coolheaded+1","Barrage+1","Ball Lightning+1","BootSequence","Chaos+1"],"special_seed":0,"relics":["Cracked Core","DataDisk","Bird Faced Urn","Ectoplasm","Letter Opener","Tiny Chest","Pandora\u0027s Box","Red Mask","Bronze Scales"],"potions_floor_usage":[50,50,50],"damage_taken":[{"damage":0.0,"enemies":"2 Louse","floor":1.0,"turns":2.0},{"damage":0.0,"enemies":"Cultist","floor":5.0,"turns":3.0},{"damage":7.0,"enemies":"Gremlin Nob","floor":7.0,"turns":3.0},{"damage":0.0,"enemies":"Small Slimes","floor":8.0,"turns":3.0},{"damage":0.0,"enemies":"Blue Slaver","floor":10.0,"turns":4.0},{"damage":0.0,"enemies":"Looter","floor":11.0,"turns":3.0},{"damage":0.0,"enemies":"Exordium Wildlife","floor":13.0,"turns":3.0},{"damage":21.0,"enemies":"The Guardian","floor":16.0,"turns":9.0},{"damage":0.0,"enemies":"3 Byrds","floor":18.0,"turns":6.0},{"damage":10.0,"enemies":"Shell Parasite","floor":19.0,"turns":4.0},{"damage":2.0,"enemies":"3 Cultists","floor":20.0,"turns":6.0},{"damage":3,"enemies":"Shelled Parasite and Fungi","floor":22,"turns":8},{"damage":15,"enemies":"Centurion and Healer","floor":24,"turns":6},{"damage":0,"enemies":"Slavers","floor":30,"turns":4},{"damage":0,"enemies":"Chosen and Byrds","floor":31,"turns":4},{"damage":0,"enemies":"Champ","floor":33,"turns":10},{"damage":0,"enemies":"3 Shapes","floor":35,"turns":3},{"damage":0,"enemies":"Orb Walker","floor":36,"turns":2},{"damage":9,"enemies":"3 Darklings","floor":39,"turns":2},{"damage":0,"enemies":"Jaw Worm Horde","floor":47,"turns":1},{"damage":16,"enemies":"Donu and Deca","floor":50,"turns":7}],"seed_played":"8653272149739511109","potions_obtained":[{"floor":5.0,"key":"FearPotion"},{"floor":13.0,"key":"LiquidBronze"},{"floor":16.0,"key":"SmokeBomb"},{"floor":30,"key":"GamblersBrew"},{"floor":33,"key":"PowerPotion"}],"is_trial":false,"path_per_floor":["M","?","?","$","M","R","E","M","T","M","M","R","M","?","R","B",null,"M","M","M","$","M","R","M","?","T","?","$","?","E","M","R","B",null,"M","M","?","$","M","R","$","?","T","R","?","?","M","$","R","B",null],"character_chosen":"DEFECT","items_purchased":["DataDisk","Coolheaded","BootSequence"],"campfire_rested":0,"item_purchase_floors":[4,28,38],"current_hp_per_floor":[75,64,64,64,64,64,57,57,57,57,57,57,57,42,42,21,75,75,65,65,65,64,64,51,51,51,51,51,51,55,59,59,65,75,75,75,75,75,66,66,66,66,66,66,66,66,70,70,70,61],"gold":0,"neow_bonus":"THREE_CARDS","is_prod":false,"is_daily":false,"chose_seed":false,"campfire_upgraded":8,"win_rate":0,"timestamp":1547677135,"path_taken":["M","?","?","$","M","R","E","M","T","M","M","R","?","?","R","BOSS","M","M","M","$","M","R","M","?","T","?","$","?","E","M","R","BOSS","M","M","?","$","?","R","$","?","T","R","?","?","M","?","R","BOSS"],"build_version":"2019-01-10","purchased_purges":0,"victory":true,"max_hp_per_floor":[75,75,75,75,75,75,75,75,75,75,75,75,75,75,75,75,75,75,75,75,75,75,75,75,75,75,75,75,75,75,75,75,75,75,75,75,75,75,75,75,75,75,75,75,75,75,75,75,75,75],"card_choices":[{"not_picked":["Skim","Barrage"],"picked":"Conserve Battery","floor":0.0},{"not_picked":["Streamline","Barrage","Blizzard"],"picked":"SKIP","floor":1.0},{"not_picked":["Rebound","Gash"],"picked":"Chill","floor":5.0},{"not_picked":["Fusion","Beam Cell","Static Discharge"],"picked":"SKIP","floor":7.0},{"not_picked":["Go for the Eyes","Rebound","Steam"],"picked":"SKIP","floor":8.0},{"not_picked":["Sunder","Go for the Eyes"],"picked":"Ball Lightning","floor":10.0},{"not_picked":["Redo","Storm","Reprogram"],"picked":"SKIP","floor":11.0},{"not_picked":["Storm","Rebound","Tempest"],"picked":"SKIP","floor":13.0},{"not_picked":["Core Surge","Creative AI"],"picked":"Seek","floor":16.0},{"not_picked":["Hologram","Gash","Recycle+1"],"picked":"SKIP","floor":18.0},{"not_picked":["Turbo","Rebound"],"picked":"Defragment+1","floor":19.0},{"not_picked":["Reprogram","Stack","Steam"],"picked":"SKIP","floor":20.0},{"not_picked":["Rebound","Cold Snap","Fusion"],"picked":"SKIP","floor":22},{"not_picked":["Sweeping Beam+1","Streamline","Skim+1"],"picked":"SKIP","floor":24},{"not_picked":["Steam+1","Barrage"],"picked":"Undo","floor":30},{"not_picked":["Stack+1","Go for the Eyes+1"],"picked":"Electrodynamics","floor":31},{"not_picked":["Compile Driver+1","Steam"],"picked":"Barrage+1","floor":35},{"not_picked":["Scrape+1","Stack"],"picked":"Ball Lightning+1","floor":36},{"not_picked":["Sweeping Beam","Tempest"],"picked":"Chaos+1","floor":39},{"not_picked":["Steam+1","Cold Snap+1","Rebound+1"],"picked":"SKIP","floor":47}],"player_experience":973980,"relics_obtained":[{"floor":7.0,"key":"Bird Faced Urn"},{"floor":26,"key":"Letter Opener"},{"floor":30,"key":"Tiny Chest"},{"floor":43,"key":"Bronze Scales"}],"event_choices":[{"damage_healed":0.0,"max_hp_gain":0.0,"max_hp_loss":0.0,"gold_gain":75.0,"event_name":"World of Goop","player_choice":"Gather Gold","floor":2.0,"gold_loss":0.0,"damage_taken":11.0},{"damage_healed":0.0,"max_hp_gain":0.0,"max_hp_loss":0.0,"gold_gain":0.0,"event_name":"NoteForYourself","player_choice":"Ignored","floor":3.0,"gold_loss":0.0,"damage_taken":0.0},{"damage_healed":0.0,"max_hp_gain":0.0,"max_hp_loss":0.0,"gold_gain":0.0,"event_name":"Shining Light","player_choice":"Entered Light","floor":14.0,"gold_loss":0.0,"damage_taken":15.0,"cards_upgraded":["Defend_B","Conserve Battery"]},{"damage_healed":0,"gold_gain":0,"player_choice":"Ignored","damage_taken":0,"max_hp_gain":0,"max_hp_loss":0,"event_name":"Vampires","floor":25,"gold_loss":0},{"damage_healed":0,"gold_gain":0,"cards_transformed":["Strike_B","Defend_B"],"player_choice":"Became Test Subject","damage_taken":0,"max_hp_gain":0,"max_hp_loss":0,"event_name":"Drug Dealer","floor":27,"gold_loss":0,"cards_obtained":["Stack","White Noise"]},{"damage_healed":0,"gold_gain":0,"player_choice":"Simplicity","damage_taken":0,"max_hp_gain":0,"max_hp_loss":0,"event_name":"Back to Basics","floor":29,"gold_loss":0,"cards_upgraded":["Strike_B","Strike_B","Strike_B","Defend_B","Defend_B"]},{"damage_healed":0,"gold_gain":0,"player_choice":"Upgraded","damage_taken":0,"max_hp_gain":0,"max_hp_loss":0,"event_name":"Upgrade Shrine","floor":37,"gold_loss":0,"cards_upgraded":["Capacitor"]},{"damage_healed":0,"gold_gain":0,"player_choice":"Paid","damage_taken":0,"relics_obtained":["Red Mask"],"max_hp_gain":0,"max_hp_loss":0,"event_name":"Tomb of Lord Red Mask","floor":42,"gold_loss":117},{"damage_healed":0,"gold_gain":0,"player_choice":"Ignored","damage_taken":0,"max_hp_gain":0,"max_hp_loss":0,"event_name":"Mysterious Sphere","floor":45,"gold_loss":0},{"cards_removed":["Stack"],"damage_healed":0,"gold_gain":0,"player_choice":"Removed Skill","damage_taken":0,"max_hp_gain":0,"max_hp_loss":0,"event_name":"Falling","floor":46,"gold_loss":0}],"is_beta":false,"boss_relics":[{"not_picked":["Empty Cage","Eternal Feather"],"picked":"Ectoplasm"},{"not_picked":["Philosopher\u0027s Stone","Cursed Key"],"picked":"Pandora\u0027s Box"}],"items_purged_floors":[],"is_endless":false,"potions_floor_spawned":[5,13,16,30,31,33,35,39,47],"ascension_level":0}