{"gold_per_floor":[113,288,303,47,60,95,95,160,207,207,207,218,251,262,262,362,362,381,381,398,417,417],"floor_reached":22,"playtime":2350,"items_purged":["Doubt"],"score":255,"play_id":"d09660f2-8192-4f15-8412-58ea7545e71b","local_time":"20190126122455","is_ascension_mode":true,"campfire_choices":[{"data":"Neutralize","floor":7,"key":"SMITH"},{"data":"Cloak And Dagger","floor":11,"key":"SMITH"},{"data":"A Thousand Cuts","floor":15,"key":"SMITH"}],"neow_cost":"NONE","seed_source_timestamp":142638484348900,"circlet_count":0,"master_deck":["Defend_G","Defend_G","Defend_G","Defend_G","Defend_G","Strike_G","Strike_G","Strike_G","Strike_G","Strike_G","Survivor","Neutralize+1","Quick Slash","Dagger Throw","Cloak And Dagger+1","Infinite Blades","Dodge and Roll","Leg Sweep","Dagger Spray","A Thousand Cuts+1","Backflip","Accuracy","Die Die Die","Blade Dance"],"relics":["Ring of the Serpent","Bag of Preparation","Strawberry","Art of War","The Courier","Smiling Mask"],"potions_floor_usage":[6,6,12,20,20],"damage_taken":[{"damage":6,"enemies":"Jaw Worm","floor":1,"turns":4},{"damage":0,"enemies":"2 Louse","floor":3,"turns":4},{"damage":0,"enemies":"Small Slimes","floor":5,"turns":3},{"damage":13,"enemies":"Lagavulin","floor":6,"turns":6},{"damage":52,"enemies":"Lagavulin Event","floor":8,"turns":11},{"damage":9,"enemies":"Gremlin Gang","floor":12,"turns":4},{"damage":22,"enemies":"3 Sentries","floor":13,"turns":9},{"damage":0,"enemies":"Red Slaver","floor":14,"turns":4},{"damage":25,"enemies":"The Guardian","floor":16,"turns":15},{"damage":9,"enemies":"Shell Parasite","floor":18,"turns":8},{"damage":12,"enemies":"2 Thieves","floor":20,"turns":4},{"damage":21,"enemies":"Snake Plant","floor":21,"turns":6},{"damage":33,"enemies":"Cultist and Chosen","floor":22,"turns":8}],"seed_played":"440311577980416205","potions_obtained":[{"floor":3,"key":"Strength Potion"},{"floor":8,"key":"Energy Potion"},{"floor":16,"key":"FearPotion"},{"floor":18,"key":"Fire Potion"}],"is_trial":false,"path_per_floor":["M","?","M","$","M","E","R","?","T","?","R","M","E","M","R","B",null,"M","T","M","M","M"],"character_chosen":"THE_SILENT","items_purchased":["Fire Potion","Dagger Throw","Cloak And Dagger","Infinite Blades"],"campfire_rested":0,"item_purchase_floors":[4,4,4,4],"current_hp_per_floor":[64,64,64,64,64,51,51,6,6,84,84,75,53,53,53,28,70,61,61,49,28,0],"gold":417,"neow_bonus":"TEN_PERCENT_HP_BONUS","is_prod":false,"is_daily":false,"chose_seed":false,"campfire_upgraded":3,"win_rate":0,"timestamp":1548501895,"path_taken":["M","?","M","$","M","E","R","?","T","?","R","?","E","M","R","BOSS","M","?","M","?","M"],"build_version":"2019-01-23","purchased_purges":1,"victory":false,"max_hp_per_floor":[77,77,77,77,77,77,77,84,84,84,84,84,84,84,84,84,84,84,84,84,84,84],"card_choices":[{"not_picked":["Slice","Poisoned Stab"],"picked":"Quick Slash","floor":1},{"not_picked":["Reflex","Slice"],"picked":"Escape Plan","floor":3},{"not_picked":["Flying Knee","Deadly Poison"],"picked":"Dodge and Roll","floor":5},{"not_picked":["Deadly Poison","PiercingWail"],"picked":"Leg Sweep","floor":6},{"not_picked":["Underhanded Strike","Bane"],"picked":"Dagger Spray","floor":8},{"not_picked":["Underhanded Strike","Dodge and Roll"],"picked":"A Thousand Cuts","floor":12},{"not_picked":["Acrobatics","Terror"],"picked":"Backflip","floor":13},{"not_picked":["Caltrops","Quick Slash"],"picked":"Accuracy","floor":14},{"not_picked":["Tools of the Trade","Unload"],"picked":"Die Die Die","floor":16},{"not_picked":["Dagger Spray","Outmaneuver","Quick Slash"],"picked":"SKIP","floor":18},{"not_picked":["Dagger Throw","Endless Agony","Prepared"],"picked":"SKIP","floor":20},{"not_picked":["Noxious Fumes","Tactician"],"picked":"Blade Dance","floor":21}],"player_experience":105185,"relics_obtained":[{"floor":6,"key":"Bag of Preparation"},{"floor":9,"key":"Art of War"},{"floor":13,"key":"The Courier"},{"floor":19,"key":"Smiling Mask"}],"event_choices":[{"damage_healed":0,"gold_gain":175,"player_choice":"AGREE","damage_taken":0,"max_hp_gain":0,"max_hp_loss":0,"event_name":"Liars Game","floor":2,"gold_loss":0,"cards_obtained":["Doubt"]},{"damage_healed":0,"gold_gain":30,"player_choice":"Searched \u00273\u0027 times","damage_taken":0,"relics_obtained":["Strawberry"],"max_hp_gain":0,"max_hp_loss":0,"event_name":"Dead Adventurer","floor":8,"gold_loss":0},{"cards_removed":["Escape Plan"],"damage_healed":78,"gold_gain":0,"player_choice":"Offered Uncommon","damage_taken":0,"max_hp_gain":0,"max_hp_loss":0,"event_name":"Bonfire Elementals","floor":10,"gold_loss":0}],"is_beta":false,"boss_relics":[{"not_picked":["Orrery","Black Star"],"picked":"Ring of the Serpent"}],"items_purged_floors":[4],"is_endless":false,"potions_floor_spawned":[3,8,16,18],"killed_by":"Cultist and Chosen","ascension_level":6}