{"gold_per_floor":[109,109,127,127,127,127,161,181,181,181,201,276,78,94,94,189,189,204,204,217,244,254,254,48,61,107,107,123,141,141,66,66,171,171,190,190,190,190,66,77,77,77,77,97,97,112,112,127,127,127],"floor_reached":51,"playtime":1368,"items_purged":["Strike_B"],"score":747,"play_id":"16f0b019-2176-4c73-876a-36bc5f99e77f","local_time":"20181119221645","is_ascension_mode":false,"campfire_choices":[{"data":"Dualcast","floor":6.0,"key":"SMITH"},{"data":"Zap","floor":10.0,"key":"SMITH"},{"data":"Core Surge","floor":15.0,"key":"SMITH"},{"data":"Echo Form","floor":23.0,"key":"SMITH"},{"data":"Strike_B","floor":27.0,"key":"SMITH"},{"data":"Defend_B","floor":30.0,"key":"SMITH"},{"data":"Seek","floor":32.0,"key":"SMITH"},{"data":"Rainbow","floor":42.0,"key":"SMITH"},{"floor":49,"key":"REST"}],"neow_cost":"NONE","seed_source_timestamp":178130812551241,"circlet_count":0,"master_deck":["Strike_B+1","Strike_B","Defend_B+1","Defend_B","Defend_B","Defend_B","Zap+1","Dualcast+1","Conserve Battery","Core Surge+1","Ball Lightning+1","Cold Snap+1","Echo Form+1","Glacier+1","Blizzard+1","Lockon+1","Seek+1","Rainbow+1","Capacitor","Go for the Eyes+1","Writhe"],"special_seed":0,"relics":["Cracked Core","DataDisk","Darkstone Periapt","Molten Egg 2","Pen Nib","Sozu","Red Mask","Lee\u0027s Waffle","Orichalcum","Cursed Key"],"potions_floor_usage":[50,50],"damage_taken":[{"damage":0.0,"enemies":"2 Louse","floor":1.0,"turns":2.0},{"damage":6.0,"enemies":"Jaw Worm","floor":3.0,"turns":2.0},{"damage":8.0,"enemies":"Lagavulin","floor":7.0,"turns":8.0},{"damage":0.0,"enemies":"Cultist","floor":8.0,"turns":2.0},{"damage":0.0,"enemies":"3 Louse","floor":11.0,"turns":2.0},{"damage":0.0,"enemies":"Blue Slaver","floor":14.0,"turns":1.0},{"damage":17.0,"enemies":"Hexaghost","floor":16.0,"turns":9.0},{"damage":0.0,"enemies":"Spheric Guardian","floor":18.0,"turns":3.0},{"damage":6.0,"enemies":"3 Byrds","floor":20.0,"turns":4.0},{"damage":3.0,"enemies":"Masked Bandits","floor":21.0,"turns":5.0},{"damage":13.0,"enemies":"Snake Plant","floor":22.0,"turns":3.0},{"damage":8.0,"enemies":"Shelled Parasite and Fungi","floor":25.0,"turns":5.0},{"damage":1.0,"enemies":"Centurion and Healer","floor":28.0,"turns":4.0},{"damage":1.0,"enemies":"3 Cultists","floor":29.0,"turns":5.0},{"damage":25.0,"enemies":"Automaton","floor":33.0,"turns":8.0},{"damage":20.0,"enemies":"3 Darklings","floor":35.0,"turns":6.0},{"damage":0.0,"enemies":"Orb Walker","floor":40.0,"turns":3.0},{"damage":16.0,"enemies":"Spire Growth","floor":44.0,"turns":6.0},{"damage":3.0,"enemies":"3 Darklings","floor":46.0,"turns":4.0},{"damage":25,"enemies":"Jaw Worm Horde","floor":48,"turns":6},{"damage":65,"enemies":"Donu and Deca","floor":50,"turns":10}],"seed_played":"6852671498076840883","potions_obtained":[{"floor":3.0,"key":"Fire Potion"},{"floor":8.0,"key":"AttackPotion"},{"floor":14.0,"key":"SkillPotion"}],"is_trial":false,"path_per_floor":["M","?","M","?","$","R","E","M","T","R","M","?","$","M","R","B",null,"M","?","M","?","M","R","$","M","T","R","M","M","R","$","R","B",null,"M","$","?","?","$","M","?","R","T","M","$","M","T","M","R","B",null],"character_chosen":"DEFECT","items_purchased":["Ball Lightning+1","Pen Nib","Lee\u0027s Waffle","Capacitor","Go for the Eyes+1"],"campfire_rested":1,"item_purchase_floors":[13,13,24,39,39],"current_hp_per_floor":[75,75,69,62,62,62,54,54,54,54,54,43,43,43,43,26,75,75,68,62,59,46,46,82,74,74,74,73,72,72,72,72,47,82,62,62,62,62,62,62,88,88,88,72,72,69,69,44,70,5],"gold":127,"neow_bonus":"RANDOM_COMMON_RELIC","is_prod":false,"is_daily":false,"chose_seed":false,"campfire_upgraded":8,"win_rate":0,"timestamp":1542665805,"path_taken":["M","?","M","?","$","R","E","M","T","R","M","?","?","M","R","BOSS","M","?","?","?","M","R","$","M","T","R","M","M","R","$","R","BOSS","M","$","?","?","?","M","?","R","T","M","$","M","?","M","R","BOSS"],"build_version":"2018-11-15","purchased_purges":1,"victory":true,"max_hp_per_floor":[75,75,75,75,75,75,75,75,75,75,75,75,75,75,75,75,75,75,75,75,75,75,75,82,82,82,82,82,82,82,82,82,82,82,82,82,82,82,82,82,88,88,88,88,88,88,88,88,88,88],"card_choices":[{"not_picked":["Streamline","Recycle","Steam"],"picked":"SKIP","floor":1.0},{"not_picked":["Steam","Storm"],"picked":"Conserve Battery","floor":3.0},{"not_picked":["Sweeping Beam","Blizzard"],"picked":"Core Surge","floor":7.0},{"not_picked":["Barrage","Doom and Gloom","Sunder"],"picked":"SKIP","floor":8.0},{"not_picked":["Rebound+1","Rip and Tear+1","Barrage+1"],"picked":"SKIP","floor":11.0},{"not_picked":["Compile Driver+1","All For One+1"],"picked":"Cold Snap+1","floor":14.0},{"not_picked":["Rainbow","Fission"],"picked":"Echo Form","floor":16.0},{"not_picked":["Reinforced Body+1","Beam Cell+1"],"picked":"Glacier+1","floor":18.0},{"not_picked":["Sweeping Beam+1","Cold Snap+1","Barrage+1"],"picked":"SKIP","floor":20.0},{"not_picked":["Ball Lightning+1","Leap"],"picked":"Blizzard+1","floor":21.0},{"not_picked":["Rebound+1","Stack","Steam"],"picked":"SKIP","floor":22.0},{"not_picked":["Tempest","Scrape+1"],"picked":"Lockon+1","floor":25.0},{"not_picked":["Redo","Sweeping Beam+1"],"picked":"Seek","floor":28.0},{"not_picked":["Cold Snap+1","Sweeping Beam+1"],"picked":"Beam Cell+1","floor":29.0},{"not_picked":["Core Surge+1","Seek"],"picked":"Rainbow","floor":33.0},{"not_picked":["Streamline+1","Ball Lightning+1","Reinforced Body+1"],"picked":"SKIP","floor":35.0},{"not_picked":["Sweeping Beam+1","Conserve Battery+1","Rebound+1"],"picked":"SKIP","floor":40.0},{"not_picked":["Static Discharge+1","Genetic Algorithm","Steam"],"picked":"SKIP","floor":44.0},{"not_picked":["Cold Snap+1","Loop","Leap+1"],"picked":"SKIP","floor":46.0},{"not_picked":["Steam","Sweeping Beam+1","Hologram+1"],"picked":"SKIP","floor":48}],"player_experience":805584,"relics_obtained":[{"floor":7.0,"key":"Darkstone Periapt"},{"floor":9.0,"key":"Molten Egg 2"},{"floor":21.0,"key":"Red Mask"},{"floor":26.0,"key":"Orichalcum"}],"event_choices":[{"damage_healed":0.0,"max_hp_gain":0.0,"max_hp_loss":0.0,"gold_gain":0.0,"event_name":"The Cleric","player_choice":"Leave","floor":2.0,"gold_loss":0.0,"damage_taken":0.0},{"cards_removed":["Strike_B"],"damage_healed":0.0,"max_hp_gain":0.0,"max_hp_loss":0.0,"gold_gain":0.0,"event_name":"Golden Wing","player_choice":"Card Removal","floor":4.0,"gold_loss":0.0,"damage_taken":7.0},{"damage_healed":0.0,"max_hp_gain":0.0,"max_hp_loss":0.0,"gold_gain":75.0,"event_name":"World of Goop","player_choice":"Gather Gold","floor":12.0,"gold_loss":0.0,"damage_taken":11.0},{"damage_healed":0.0,"max_hp_gain":0.0,"max_hp_loss":0.0,"gold_gain":0.0,"event_name":"Knowing Skull","player_choice":"","floor":19.0,"potions_obtained":[],"gold_loss":0.0,"damage_taken":7.0,"cards_obtained":[]},{"damage_healed":0.0,"max_hp_gain":0.0,"max_hp_loss":0.0,"gold_gain":0.0,"event_name":"Masked Bandits","player_choice":"Fought Bandits","floor":21.0,"gold_loss":0.0,"damage_taken":0.0},{"cards_removed":["Beam Cell"],"damage_healed":0.0,"max_hp_gain":0.0,"max_hp_loss":0.0,"gold_gain":0.0,"event_name":"Falling","player_choice":"Removed Attack","floor":37.0,"gold_loss":0.0,"damage_taken":0.0},{"damage_healed":0.0,"max_hp_gain":0.0,"max_hp_loss":0.0,"gold_gain":0.0,"event_name":"Mysterious Sphere","player_choice":"Ignored","floor":38.0,"gold_loss":0.0,"damage_taken":0.0},{"damage_healed":21.0,"max_hp_gain":0.0,"max_hp_loss":0.0,"gold_gain":0.0,"event_name":"Winding Halls","player_choice":"Writhe","floor":41.0,"gold_loss":0.0,"damage_taken":0.0,"cards_obtained":["Writhe"]}],"is_beta":false,"boss_relics":[{"not_picked":["Busted Crown","FrozenCore"],"picked":"Sozu"},{"not_picked":["Philosopher\u0027s Stone","Snecko Eye"],"picked":"Cursed Key"}],"items_purged_floors":[31],"is_endless":false,"potions_floor_spawned":[3,8,14,21,25,28,29,35,44,46,48],"ascension_level":0}