{"gold_per_floor":[110,128,128,146,156,156,173,183,183,183,199,217,268,301,301,400,400,381,381,398,65,80,110,110,127,127,156,168,179,179,197,197,197],"floor_reached":33,"playtime":2606,"items_purged":[],"score":413,"play_id":"b0bc8511-bec6-4f6a-9ba1-fac2a6ac8a13","local_time":"20181101235938","is_ascension_mode":true,"campfire_choices":[{"data":"Terror","floor":6,"key":"SMITH"},{"floor":10,"key":"REST"},{"data":"Dagger Spray","floor":15,"key":"SMITH"},{"floor":24,"key":"DIG"},{"floor":32,"key":"DIG"}],"neow_cost":"NONE","seed_source_timestamp":370636378702129,"circlet_count":0,"master_deck":["AscendersBane","Defend_G+1","Defend_G+1","Defend_G+1","Defend_G+1","Strike_G+1","Strike_G+1","Strike_G+1","Strike_G+1","Survivor+1","Neutralize","Dagger Spray+1","Terror+1","Prepared","Dash","Quick Slash","Dodge and Roll","All Out Attack+1","Underhanded Strike+1","Footwork","Venomology","Backflip","Blade Dance+1","Mind Blast+1","Calculated Gamble","Acrobatics+1","Outmaneuver","Deflect","Escape Plan+1","Quick Slash+1","Footwork","Acrobatics"],"relics":["Empty Cage","Molten Egg 2","Art of War","Coffee Dripper","Meat on the Bone","Shovel","Matryoshka","Blood Vial","Bottled Tornado","Red Mask","Smiling Mask"],"potions_floor_usage":[7,16,16,20,22,22,23,23,25,25,27,27,28,28,31,33,33,33,33],"damage_taken":[{"damage":1,"enemies":"Jaw Worm","floor":1,"turns":6},{"damage":1,"enemies":"2 Louse","floor":2,"turns":2},{"damage":0,"enemies":"Small Slimes","floor":4,"turns":3},{"damage":13,"enemies":"3 Louse","floor":5,"turns":4},{"damage":13,"enemies":"Exordium Thugs","floor":7,"turns":6},{"damage":14,"enemies":"Large Slime","floor":8,"turns":7},{"damage":0,"enemies":"Red Slaver","floor":11,"turns":3},{"damage":0,"enemies":"Exordium Wildlife","floor":12,"turns":2},{"damage":6,"enemies":"3 Sentries","floor":14,"turns":5},{"damage":13,"enemies":"Slime Boss","floor":16,"turns":10},{"damage":13,"enemies":"2 Thieves","floor":18,"turns":4},{"damage":2,"enemies":"Chosen","floor":20,"turns":6},{"damage":9,"enemies":"Snake Plant","floor":22,"turns":6},{"damage":16,"enemies":"Book of Stabbing","floor":23,"turns":6},{"damage":29,"enemies":"Centurion and Healer","floor":25,"turns":4},{"damage":0,"enemies":"Masked Bandits","floor":27,"turns":3},{"damage":24,"enemies":"Cultist and Chosen","floor":28,"turns":6},{"damage":0,"enemies":"Shelled Parasite and Fungi","floor":29,"turns":5},{"damage":8,"enemies":"Chosen and Byrds","floor":31,"turns":3},{"damage":54,"enemies":"Collector","floor":33,"turns":9}],"seed_played":"-1554703850239895527","potions_obtained":[{"floor":2,"key":"Block Potion"},{"floor":11,"key":"Block Potion"},{"floor":14,"key":"EssenceOfSteel"},{"floor":16,"key":"GhostInAJar"},{"floor":18,"key":"PowerPotion"},{"floor":22,"key":"EssenceOfSteel"},{"floor":23,"key":"Energy Potion"},{"floor":28,"key":"LiquidBronze"},{"floor":31,"key":"Ancient Potion"}],"is_trial":false,"path_per_floor":["M","M","?","M","M","R","M","M","T","R","M","M","?","E","R","B",null,"M","?","M","$","M","E","R","M","T","?","M","M","?","M","R","B"],"character_chosen":"THE_SILENT","items_purchased":["Meat on the Bone","Mind Blast+1"],"campfire_rested":1,"item_purchase_floors":[21,21],"current_hp_per_floor":[62,61,47,47,34,34,21,7,7,28,28,28,28,22,22,9,55,42,42,40,40,43,39,39,22,22,36,31,45,45,39,39,0],"gold":197,"neow_bonus":"BOSS_RELIC","is_prod":false,"is_daily":false,"chose_seed":false,"campfire_upgraded":2,"win_rate":0,"timestamp":1541141978,"path_taken":["M","M","?","M","M","R","M","M","T","R","M","M","?","E","R","BOSS","M","?","M","$","M","E","R","M","T","?","M","M","?","M","R","BOSS"],"build_version":"2018-11-01","purchased_purges":0,"victory":false,"max_hp_per_floor":[70,70,70,70,70,70,70,70,70,70,70,70,70,70,70,70,70,70,70,70,70,70,70,70,70,70,70,70,70,70,70,70,70],"card_choices":[{"not_picked":["Acrobatics","Crippling Poison"],"picked":"Dagger Spray","floor":1},{"not_picked":["Sucker Punch","Blur"],"picked":"Terror","floor":2},{"not_picked":["Bane","PiercingWail"],"picked":"Prepared","floor":4},{"not_picked":["Slice","Poisoned Stab"],"picked":"Dash","floor":5},{"not_picked":["Outmaneuver","Prepared"],"picked":"Quick Slash","floor":7},{"not_picked":["Terror","Riddle With Holes"],"picked":"Dodge and Roll","floor":8},{"not_picked":["Accuracy","Phantasmal Killer"],"picked":"All Out Attack+1","floor":11},{"not_picked":["Deflect","Cloak And Dagger"],"picked":"Underhanded Strike+1","floor":12},{"not_picked":["Envenom","Skewer+1"],"picked":"Footwork","floor":14},{"not_picked":["A Thousand Cuts","After Image"],"picked":"Venomology","floor":16},{"not_picked":["Terror+1","Dodge and Roll"],"picked":"Backflip","floor":18},{"not_picked":["Flying Knee+1","Backstab+1"],"picked":"Blade Dance+1","floor":20},{"not_picked":["Slice+1","Endless Agony+1"],"picked":"Calculated Gamble","floor":22},{"not_picked":["Bane+1","Crippling Poison"],"picked":"Acrobatics+1","floor":23},{"not_picked":["Prepared","Predator+1"],"picked":"Outmaneuver","floor":25},{"not_picked":["Dagger Throw+1","Cloak And Dagger"],"picked":"Deflect","floor":27},{"not_picked":["Underhanded Strike+1","Bane+1"],"picked":"Escape Plan+1","floor":28},{"not_picked":["Bouncing Flask","Setup"],"picked":"Quick Slash+1","floor":29},{"not_picked":["Underhanded Strike+1","Dagger Spray+1"],"picked":"Acrobatics","floor":31}],"player_experience":80081,"relics_obtained":[{"floor":9,"key":"Molten Egg 2"},{"floor":14,"key":"Art of War"},{"floor":23,"key":"Shovel"},{"floor":24,"key":"Matryoshka"},{"floor":26,"key":"Blood Vial"},{"floor":26,"key":"Bottled Tornado"},{"floor":27,"key":"Red Mask"},{"floor":32,"key":"Smiling Mask"}],"event_choices":[{"damage_healed":0,"gold_gain":0,"player_choice":"Entered Light","damage_taken":14,"max_hp_gain":0,"max_hp_loss":0,"event_name":"Shining Light","floor":3,"gold_loss":0,"cards_upgraded":["Strike_G","Survivor"]},{"damage_healed":0,"gold_gain":51,"player_choice":"Gained Gold","damage_taken":0,"max_hp_gain":0,"max_hp_loss":0,"event_name":"Golden Wing","floor":13,"gold_loss":0},{"damage_healed":0,"gold_gain":0,"player_choice":"Simplicity","damage_taken":0,"max_hp_gain":0,"max_hp_loss":0,"event_name":"Back to Basics","floor":19,"gold_loss":0,"cards_upgraded":["Defend_G","Defend_G","Defend_G","Defend_G","Strike_G","Strike_G","Strike_G"]},{"damage_healed":0,"gold_gain":0,"player_choice":"Fought Bandits","damage_taken":0,"max_hp_gain":0,"max_hp_loss":0,"event_name":"Masked Bandits","floor":27,"gold_loss":0},{"damage_healed":0,"gold_gain":0,"player_choice":"Copied","damage_taken":0,"max_hp_gain":0,"max_hp_loss":0,"event_name":"Duplicator","floor":30,"gold_loss":0,"cards_obtained":["Footwork"]}],"is_beta":false,"boss_relics":[{"not_picked":["WristBlade","Black Star"],"picked":"Coffee Dripper"}],"items_purged_floors":[],"is_endless":false,"potions_floor_spawned":[2,11,14,16,18,22,23,28,31],"killed_by":"Collector","ascension_level":10}