{"gold_per_floor":[109,109,120,120,120,120,152,152,177,177],"floor_reached":10,"playtime":207,"items_purged":[],"score":64,"play_id":"457fdb21-f887-48fd-a159-040955de422e","local_time":"20190123220656","is_ascension_mode":false,"campfire_choices":[{"data":"Cleave","floor":6,"key":"SMITH"},{"floor":8,"key":"REST"}],"neow_cost":"PERCENT_DAMAGE","seed_source_timestamp":264454547077273,"circlet_count":0,"master_deck":["Strike_R","Strike_R","Strike_R","Strike_R","Strike_R","Defend_R","Defend_R","Defend_R","Defend_R","Bash","Evolve","Cleave+1","Regret","Shrug It Off"],"relics":["Burning Blood","Charon\u0027s Ashes","Juzu Bracelet","Blood Vial","Red Skull","Happy Flower"],"potions_floor_usage":[7],"damage_taken":[{"damage":11,"enemies":"Jaw Worm","floor":1,"turns":7},{"damage":1,"enemies":"2 Louse","floor":3,"turns":2},{"damage":46,"enemies":"Lagavulin","floor":7,"turns":6},{"damage":41,"enemies":"Gremlin Nob","floor":10,"turns":4}],"seed_played":"-7477542153809188119","potions_obtained":[{"floor":1,"key":"SpeedPotion"},{"floor":3,"key":"Block Potion"},{"floor":7,"key":"Swift Potion"}],"is_trial":false,"path_per_floor":["M","?","M","?","?","R","E","R","T","E"],"character_chosen":"IRONCLAD","items_purchased":[],"campfire_rested":1,"item_purchase_floors":[],"current_hp_per_floor":[51,48,53,53,53,53,15,39,39,0],"gold":177,"neow_bonus":"ONE_RARE_RELIC","is_prod":false,"is_daily":false,"chose_seed":false,"campfire_upgraded":1,"win_rate":0,"timestamp":1548252416,"path_taken":["M","?","M","?","?","R","E","R","T","E"],"build_version":"2019-01-17v2","purchased_purges":0,"victory":false,"max_hp_per_floor":[80,80,80,80,80,80,80,80,80,80],"card_choices":[{"not_picked":["Flex","Burning Pact"],"picked":"Evolve","floor":1},{"not_picked":["Headbutt","Armaments"],"picked":"Cleave","floor":3},{"not_picked":["Spot Weakness","Clothesline"],"picked":"Shrug It Off","floor":7}],"player_experience":126564,"relics_obtained":[{"floor":7,"key":"Red Skull"},{"floor":9,"key":"Happy Flower"}],"event_choices":[{"damage_healed":0,"gold_gain":0,"player_choice":"Success","damage_taken":3,"relics_obtained":["Juzu Bracelet"],"max_hp_gain":0,"max_hp_loss":0,"event_name":"Scrap Ooze","floor":2,"gold_loss":0},{"damage_healed":0,"gold_gain":0,"player_choice":"Ignored","damage_taken":0,"max_hp_gain":0,"max_hp_loss":0,"event_name":"Shining Light","floor":4,"gold_loss":0},{"damage_healed":0,"gold_gain":0,"player_choice":"Box","damage_taken":0,"relics_obtained":["Blood Vial"],"max_hp_gain":0,"max_hp_loss":0,"event_name":"Big Fish","floor":5,"gold_loss":0,"cards_obtained":["Regret"]}],"is_beta":false,"boss_relics":[],"items_purged_floors":[],"is_endless":false,"potions_floor_spawned":[1,3,7],"killed_by":"Gremlin Nob","ascension_level":0}