{"gold_per_floor":[114,129,9,9,23,23,50,50,74,104,104,104,25,59,59,133,133,143,143,155,180,64,64,79,410,433,445,445,457,457,490,490,561,561,579,592,592,592,592,607,607,163,235,235,250,0,0,0,0,0],"floor_reached":51,"playtime":4695,"items_purged":["Strike_G","Strike_G"],"score":1258,"play_id":"f630550b-b808-4943-9385-55ac49c629ca","local_time":"20190130132902","is_ascension_mode":true,"campfire_choices":[{"data":"Neutralize","floor":6,"key":"SMITH"},{"floor":8,"key":"REST"},{"floor":15,"key":"REST"},{"data":"Noxious Fumes","floor":23,"key":"SMITH"},{"floor":30,"key":"REST"},{"data":"After Image","floor":32,"key":"SMITH"},{"data":"Secret Technique","floor":44,"key":"SMITH"},{"data":"Noxious Fumes","floor":49,"key":"SMITH"}],"neow_cost":"NONE","seed_source_timestamp":0,"circlet_count":0,"master_deck":["AscendersBane","Defend_G","Defend_G","Defend_G","Defend_G","Defend_G","Strike_G+1","Strike_G","Strike_G","Survivor","Neutralize+1","Bouncing Flask","Footwork+1","Leg Sweep","Crippling Poison","Noxious Fumes+1","Adrenaline","After Image+1","Well Laid Plans","Catalyst+1","Well Laid Plans","Dodge and Roll","Backstab","Acrobatics","Noxious Fumes+1","PiercingWail+1","Secret Technique+1"],"special_seed":0,"relics":["Ring of the Snake","Blood Vial","Potion Belt","Bag of Marbles","Shovel","Lantern","Sozu","Bag of Preparation","Old Coin","Regal Pillow","Juzu Bracelet","Centennial Puzzle","Snecko Eye","Ancient Tea Set","Mercury Hourglass","Red Mask","Dream Catcher"],"potions_floor_usage":[7,10,16],"damage_taken":[{"damage":0,"enemies":"Small Slimes","floor":1,"turns":4},{"damage":0,"enemies":"2 Louse","floor":2,"turns":2},{"damage":0,"enemies":"Jaw Worm","floor":5,"turns":4},{"damage":12,"enemies":"Gremlin Nob","floor":7,"turns":5},{"damage":9,"enemies":"3 Sentries","floor":10,"turns":7},{"damage":25,"enemies":"Gremlin Nob","floor":14,"turns":4},{"damage":34,"enemies":"Slime Boss","floor":16,"turns":13},{"damage":14,"enemies":"3 Byrds","floor":18,"turns":6},{"damage":3,"enemies":"2 Thieves","floor":20,"turns":5},{"damage":0,"enemies":"3 Cultists","floor":24,"turns":5},{"damage":8,"enemies":"Book of Stabbing","floor":25,"turns":5},{"damage":10,"enemies":"Snecko","floor":27,"turns":4},{"damage":2,"enemies":"Sentry and Sphere","floor":29,"turns":4},{"damage":0,"enemies":"Gremlin Leader","floor":31,"turns":6},{"damage":28,"enemies":"Collector","floor":33,"turns":7},{"damage":0,"enemies":"3 Shapes","floor":35,"turns":6},{"damage":10,"enemies":"3 Darklings","floor":36,"turns":6},{"damage":0,"enemies":"4 Shapes","floor":40,"turns":5},{"damage":7,"enemies":"Maw","floor":45,"turns":6},{"damage":29,"enemies":"Donu and Deca","floor":50,"turns":11}],"seed_played":"605417955603183733","potions_obtained":[{"floor":0,"key":"GhostInAJar"},{"floor":0,"key":"Block Potion"},{"floor":2,"key":"Poison Potion"},{"floor":7,"key":"Dexterity Potion"}],"is_trial":false,"path_per_floor":["M","M","$","?","M","R","E","R","T","E","?","?","$","E","R","B",null,"M","?","M","T","$","R","M","E","T","M","T","M","R","E","R","B",null,"M","M","?","?","?","M","?","$","T","R","M","?","?","T","R","B",null],"character_chosen":"THE_SILENT","items_purchased":["Footwork","Leg Sweep","Adrenaline","Well Laid Plans","Ancient Tea Set","Secret Technique"],"campfire_rested":3,"item_purchase_floors":[3,3,13,22,42,42],"current_hp_per_floor":[59,59,59,39,39,39,27,46,46,39,28,50,50,27,46,14,53,41,41,40,40,40,40,42,36,36,28,28,28,62,64,64,38,59,61,53,53,53,53,55,55,55,55,55,50,50,50,50,50,23],"gold":0,"neow_bonus":"THREE_SMALL_POTIONS","is_prod":false,"is_daily":false,"chose_seed":false,"campfire_upgraded":5,"win_rate":0,"timestamp":1548851342,"path_taken":["M","M","$","?","M","R","E","R","T","E","?","?","$","E","R","BOSS","M","?","M","?","$","R","M","E","T","?","?","M","R","E","R","BOSS","M","M","?","?","?","M","?","$","T","R","M","?","?","?","R","BOSS"],"build_version":"2019-01-23","purchased_purges":2,"victory":true,"max_hp_per_floor":[66,66,66,66,66,66,66,66,66,66,66,66,66,66,66,66,66,66,66,66,66,66,66,66,66,66,66,66,66,66,66,66,66,66,66,66,66,66,63,63,63,63,63,63,63,63,63,63,63,63],"card_choices":[{"not_picked":["Outmaneuver","PiercingWail"],"picked":"Quick Slash","floor":1},{"not_picked":["Heel Hook","Deflect"],"picked":"Bouncing Flask","floor":2},{"not_picked":["Heel Hook","Dodge and Roll"],"picked":"Crippling Poison","floor":5},{"not_picked":["Prepared","Skewer"],"picked":"Noxious Fumes","floor":7},{"not_picked":["Acrobatics","Bouncing Flask","Deadly Poison"],"picked":"SKIP","floor":10},{"not_picked":["Skewer","Slice","Flying Knee"],"picked":"SKIP","floor":14},{"not_picked":["Venomology","Burst"],"picked":"After Image","floor":16},{"not_picked":["Deflect","Cloak And Dagger"],"picked":"Well Laid Plans","floor":18},{"not_picked":["Sucker Punch","Blade Dance"],"picked":"Catalyst+1","floor":20},{"not_picked":["Prepared","Accuracy"],"picked":"Dodge and Roll","floor":24},{"not_picked":["Sucker Punch","Slice"],"picked":"Backstab","floor":25},{"not_picked":["Reflex","Blade Dance"],"picked":"Acrobatics","floor":27},{"not_picked":["Deflect","Catalyst","Poisoned Stab+1"],"picked":"SKIP","floor":29},{"not_picked":["Flying Knee","Sucker Punch"],"picked":"Noxious Fumes","floor":31},{"not_picked":["Masterful Stab","Acrobatics","Infinite Blades+1"],"picked":"SKIP","floor":35},{"not_picked":["Deadly Poison","Expertise"],"picked":"PiercingWail+1","floor":36},{"not_picked":["Deadly Poison","Dagger Throw","Blade Dance+1"],"picked":"SKIP","floor":40},{"not_picked":["Cloak And Dagger","Deadly Poison","Prepared"],"picked":"SKIP","floor":45}],"player_experience":193519,"relics_obtained":[{"floor":7,"key":"Blood Vial"},{"floor":9,"key":"Potion Belt"},{"floor":10,"key":"Bag of Marbles"},{"floor":14,"key":"Lantern"},{"floor":21,"key":"Bag of Preparation"},{"floor":25,"key":"Old Coin"},{"floor":26,"key":"Regal Pillow"},{"floor":28,"key":"Juzu Bracelet"},{"floor":31,"key":"Centennial Puzzle"},{"floor":43,"key":"Mercury Hourglass"},{"floor":48,"key":"Dream Catcher"}],"event_choices":[{"damage_healed":0,"gold_gain":0,"player_choice":"Entered Light","damage_taken":20,"max_hp_gain":0,"max_hp_loss":0,"event_name":"Shining Light","floor":4,"gold_loss":0,"cards_upgraded":["Strike_G","Footwork"]},{"damage_healed":0,"gold_gain":0,"player_choice":"Success","damage_taken":11,"relics_obtained":["Shovel"],"max_hp_gain":0,"max_hp_loss":0,"event_name":"Scrap Ooze","floor":11,"gold_loss":0},{"damage_healed":22,"gold_gain":0,"player_choice":"Banana","damage_taken":0,"max_hp_gain":0,"max_hp_loss":0,"event_name":"Big Fish","floor":12,"gold_loss":0},{"damage_healed":0,"gold_gain":0,"player_choice":"Ignored","damage_taken":0,"max_hp_gain":0,"max_hp_loss":0,"event_name":"Ghosts","floor":19,"gold_loss":0},{"damage_healed":0,"gold_gain":0,"player_choice":"Got Potions","damage_taken":0,"max_hp_gain":0,"max_hp_loss":0,"event_name":"Lab","floor":37,"gold_loss":0},{"cards_removed":["Quick Slash"],"damage_healed":0,"gold_gain":0,"player_choice":"Removed Attack","damage_taken":0,"max_hp_gain":0,"max_hp_loss":0,"event_name":"Falling","floor":38,"gold_loss":0},{"damage_healed":0,"gold_gain":0,"player_choice":"Max HP","damage_taken":0,"max_hp_gain":0,"max_hp_loss":3,"event_name":"Winding Halls","floor":39,"gold_loss":0},{"damage_healed":0,"gold_gain":0,"player_choice":"Leave","damage_taken":0,"max_hp_gain":0,"max_hp_loss":0,"event_name":"FaceTrader","floor":41,"gold_loss":0},{"damage_healed":0,"gold_gain":0,"player_choice":"Paid","damage_taken":0,"relics_obtained":["Red Mask"],"max_hp_gain":0,"max_hp_loss":0,"event_name":"Tomb of Lord Red Mask","floor":46,"gold_loss":250},{"damage_healed":0,"gold_gain":0,"player_choice":"Memory 1","damage_taken":0,"max_hp_gain":0,"max_hp_loss":0,"event_name":"SensoryStone","floor":47,"gold_loss":0}],"is_beta":false,"boss_relics":[{"not_picked":["Empty Cage","Ectoplasm"],"picked":"Sozu"},{"not_picked":["Fusion Hammer","Tiny House"],"picked":"Snecko Eye"}],"items_purged_floors":[22,42],"is_endless":false,"potions_floor_spawned":[2,5,7,24,27,29,33,35,45],"ascension_level":16}