{"gold_per_floor":[117,131,52,79,99,134,134,148,148,148,180,192,192,192,192,192],"floor_reached":16,"playtime":903,"items_purged":[],"score":171,"play_id":"9bfb97e4-919e-4d44-9b3a-0e29f4c1c706","local_time":"20190121131233","is_ascension_mode":true,"campfire_choices":[{"data":"Defragment","floor":7,"key":"SMITH"},{"floor":10,"key":"REST"},{"data":"Glacier","floor":13,"key":"SMITH"},{"floor":15,"key":"REST"}],"neow_cost":"NONE","seed_source_timestamp":963187220912916,"circlet_count":0,"master_deck":["AscendersBane","Strike_B","Strike_B","Strike_B","Defend_B","Defend_B","Defend_B","Defend_B","Zap","Dualcast","Aggregate","Cold Snap","Leap","Defragment+1","Reboot","White Noise","Leap","Hyperbeam","Glacier+1"],"relics":["Cracked Core","Ancient Tea Set","Bag of Marbles","Bird Faced Urn","DataDisk","Ornamental Fan"],"potions_floor_usage":[6],"damage_taken":[{"damage":1,"enemies":"Cultist","floor":1,"turns":3},{"damage":5,"enemies":"Jaw Worm","floor":2,"turns":3},{"damage":3,"enemies":"Small Slimes","floor":5,"turns":3},{"damage":17,"enemies":"Lagavulin","floor":6,"turns":9},{"damage":8,"enemies":"3 Louse","floor":8,"turns":2},{"damage":46,"enemies":"Gremlin Nob","floor":11,"turns":5},{"damage":5,"enemies":"Looter","floor":12,"turns":4},{"damage":41,"enemies":"Hexaghost","floor":16,"turns":23}],"seed_played":"2131358640116241732","potions_obtained":[{"floor":2,"key":"Dexterity Potion"},{"floor":11,"key":"LiquidBronze"}],"is_trial":false,"path_per_floor":["M","M","$","T","M","E","R","M","T","R","E","M","R","?","R","B"],"character_chosen":"DEFECT","items_purchased":["Defragment"],"campfire_rested":2,"item_purchase_floors":[3],"current_hp_per_floor":[67,62,62,62,59,42,42,34,34,56,14,13,13,13,35,0],"gold":192,"neow_bonus":"TRANSFORM_CARD","is_prod":false,"is_daily":false,"chose_seed":false,"campfire_upgraded":2,"win_rate":0,"timestamp":1548105153,"path_taken":["M","M","$","?","M","E","R","M","T","R","E","M","R","?","R","BOSS"],"build_version":"2019-01-17v2","purchased_purges":0,"victory":false,"max_hp_per_floor":[75,75,75,75,75,75,75,75,75,75,75,75,75,75,75,75],"card_choices":[{"not_picked":["Turbo","Sweeping Beam"],"picked":"Cold Snap","floor":1},{"not_picked":["Compile Driver","Conserve Battery"],"picked":"Leap","floor":2},{"not_picked":["Coolheaded","Turbo"],"picked":"Reboot","floor":5},{"not_picked":["Meteor Strike","Stack"],"picked":"White Noise","floor":6},{"not_picked":["Sweeping Beam","Skim"],"picked":"Leap","floor":8},{"not_picked":["Compile Driver","Aggregate"],"picked":"Hyperbeam","floor":11},{"not_picked":["Go for the Eyes","Rebound"],"picked":"Glacier","floor":12}],"player_experience":444524,"relics_obtained":[{"floor":4,"key":"Ancient Tea Set"},{"floor":6,"key":"Bag of Marbles"},{"floor":9,"key":"Bird Faced Urn"},{"floor":11,"key":"DataDisk"}],"event_choices":[{"damage_healed":0,"gold_gain":0,"player_choice":"Gave Potion","damage_taken":0,"relics_obtained":["Ornamental Fan"],"max_hp_gain":0,"max_hp_loss":0,"event_name":"WeMeetAgain","floor":14,"gold_loss":0}],"is_beta":false,"boss_relics":[],"items_purged_floors":[],"is_endless":false,"potions_floor_spawned":[2,11],"killed_by":"Hexaghost","ascension_level":11}