{"gold_per_floor":[113,113,126,96,21,21,46,46,46,46,63,18,38,54,54,157,157,169,169,156,156,79,79,79],"floor_reached":24,"playtime":1514,"items_purged":["Regret"],"score":272,"play_id":"b94ffa1a-f7ad-41ed-a691-5698e3376a83","local_time":"20180729133045","is_ascension_mode":true,"campfire_choices":[{"floor":6,"key":"REST"},{"floor":8,"key":"REST"},{"floor":15,"key":"REST"},{"floor":23,"key":"REST"}],"neow_cost":"TEN_PERCENT_HP_LOSS","seed_source_timestamp":17939188491372,"circlet_count":0,"master_deck":["Strike_B","Strike_B","Strike_B","Defend_B","Defend_B","Defend_B","Zap","Dualcast","Sweeping Beam","Fusion","Stack","Tempest","Creative AI","Leap","Coolheaded","Leap","Turbo","Biased Cognition","Sunder","FTL","Auto Shields","Turbo","Amplify","Ball Lightning+1","Amplify","Glacier","Reinforced Body","Defragment"],"relics":["Cracked Core","Centennial Puzzle","Shuriken","Matryoshka","Orrery"],"potions_floor_usage":[16,16,16,16,16,16,24],"damage_taken":[{"damage":11,"enemies":"2 Louse","floor":1,"turns":3},{"damage":15,"enemies":"Jaw Worm","floor":3,"turns":4},{"damage":15,"enemies":"3 Sentries","floor":7,"turns":6},{"damage":1,"enemies":"Cultist","floor":11,"turns":4},{"damage":31,"enemies":"2 Fungi Beasts","floor":13,"turns":4},{"damage":24,"enemies":"Exordium Wildlife","floor":14,"turns":5},{"damage":13,"enemies":"The Guardian","floor":16,"turns":9},{"damage":11,"enemies":"Chosen","floor":18,"turns":5},{"damage":25,"enemies":"2 Thieves","floor":20,"turns":5},{"damage":46,"enemies":"Slavers","floor":24,"turns":4}],"seed_played":"-4128885260097512810","potions_obtained":[{"floor":3,"key":"SteroidPotion"},{"floor":4,"key":"Strength Potion"},{"floor":4,"key":"EntropicBrew"},{"floor":16,"key":"Dexterity Potion"},{"floor":20,"key":"Energy Potion"}],"is_trial":false,"path_per_floor":["M","?","M","?","$","R","E","R","T","?","M","$","M","M","R","B",null,"M","?","M","?","$","R"],"character_chosen":"DEFECT","items_purchased":["Coolheaded","Defragment"],"campfire_rested":4,"item_purchase_floors":[12,22],"current_hp_per_floor":[57,57,42,42,42,62,47,67,67,67,66,66,35,11,31,18,56,45,45,20,20,20,40,0],"gold":79,"neow_bonus":"TRANSFORM_TWO_CARDS","is_prod":false,"is_daily":false,"chose_seed":false,"campfire_upgraded":0,"win_rate":0,"timestamp":1532885445,"path_taken":["M","?","M","?","$","R","E","R","T","?","M","?","M","?","R","BOSS","M","?","M","?","$","R","E"],"build_version":"2018-07-26","purchased_purges":1,"victory":false,"max_hp_per_floor":[68,68,68,68,68,68,68,68,68,68,68,68,68,68,68,68,68,68,68,68,68,68,68,68],"card_choices":[{"not_picked":["Recycle","Sweeping Beam"],"picked":"Stack","floor":1},{"not_picked":["Loop","Sweeping Beam"],"picked":"Tempest","floor":3},{"not_picked":["Storm","Aggregate"],"picked":"Creative AI","floor":7},{"not_picked":["Cold Snap","Compile Driver"],"picked":"Leap","floor":11},{"not_picked":["Compile Driver","Streamline"],"picked":"Leap","floor":13},{"not_picked":["Coolheaded","Leap"],"picked":"Turbo","floor":14},{"not_picked":["All For One","Hyperbeam"],"picked":"Biased Cognition","floor":16},{"not_picked":["Darkness","Steam Power"],"picked":"Sunder","floor":17},{"not_picked":["Steam","Sweeping Beam"],"picked":"FTL","floor":17},{"not_picked":["Genetic Algorithm","Steam"],"picked":"Auto Shields","floor":17},{"not_picked":["Steam Power","Cold Snap"],"picked":"Turbo","floor":17},{"not_picked":["Consume","Streamline"],"picked":"Amplify","floor":17},{"not_picked":["Rebound","Conserve Battery"],"picked":"Ball Lightning+1","floor":18},{"not_picked":["Streamline","Genetic Algorithm"],"picked":"Glacier","floor":20}],"player_experience":548410,"relics_obtained":[{"floor":7,"key":"Shuriken"},{"floor":9,"key":"Matryoshka"}],"event_choices":[{"event_name":"Big Fish","player_choice":"Box","floor":2,"damage_taken":0},{"event_name":"The Woman in Blue","player_choice":"Bought 2 Potions","floor":4,"damage_taken":0},{"event_name":"Dead Adventurer","player_choice":"Searched \u00271\u0027 times","floor":10,"damage_taken":0},{"event_name":"Duplicator","player_choice":"One dupe","floor":19,"damage_taken":0},{"event_name":"Match and Keep!","player_choice":"1 cards matched","floor":21,"damage_taken":0}],"is_beta":false,"boss_relics":[{"not_picked":["Cursed Key","Runic Dome"],"picked":"Orrery"}],"items_purged_floors":[5],"is_endless":false,"potions_floor_spawned":[3,13,16,20],"killed_by":"Slavers","ascension_level":8}