{"gold_per_floor":[112,123,137,412,134,134,145,172,172,172,172,192,209,240,240,338,338,349,235,246,261,274,274,274,274,323,358,372,391,391,111,111,207,207,227,240,255,270,99,99,133,483,483,501,528,544,563,588,588,588,588,588,13,44,44],"floor_reached":56,"playtime":6815,"items_purged":["Regret","Strike_B","Strike_B","Strike_B"],"score":1757,"play_id":"7081a3e2-6c36-4e32-86b7-58c5ffb576ce","local_time":"20190115183539","is_ascension_mode":true,"campfire_choices":[{"data":"Genetic Algorithm","floor":6.0,"key":"SMITH"},{"data":"Zap","floor":11.0,"key":"SMITH"},{"floor":15.0,"key":"REST"},{"data":"Glacier","floor":23,"key":"SMITH"},{"data":"Defragment","floor":25,"key":"SMITH"},{"data":"Defragment","floor":30,"key":"SMITH"},{"data":"Static Discharge","floor":32,"key":"SMITH"},{"data":"Coolheaded","floor":40,"key":"SMITH"},{"floor":49,"key":"RECALL"},{"floor":52,"key":"REST"}],"neow_cost":"NONE","seed_source_timestamp":458250882495233,"circlet_count":0,"master_deck":["Strike_B","Defend_B","Defend_B","Defend_B","Defend_B","Zap+1","Dualcast","Sunder","Defragment+1","Genetic Algorithm+1","Coolheaded+1","Cold Snap","Compile Driver+1","Coolheaded","Cold Snap+1","Biased Cognition","Glacier+1","Sunder+1","Compile Driver+1","Defragment+1","Compile Driver+1","Leap+1","Static Discharge+1","Creative AI","Doom and Gloom+1","Reboot","Heatsinks","Buffer","Hologram+1","Machine Learning","Coolheaded+1","Go for the Eyes+1","Coolheaded","Capacitor","Heatsinks","Hologram"],"special_seed":0,"relics":["Cracked Core","DataDisk","Oddly Smooth Stone","Vajra","Molten Egg 2","Torii","Philosopher\u0027s Stone","Pantograph","Potion Belt","PreservedInsect","Membership Card","Nuclear Battery","Juzu Bracelet","Old Coin","The Courier","Dream Catcher","Art of War","Centennial Puzzle","Pear","Boot","Bottled Flame","Bronze Scales"],"potions_floor_usage":[21,29,33,33,33,33,41,42,48,55,55,55,55,55],"damage_taken":[{"damage":0.0,"enemies":"2 Louse","floor":1.0,"turns":4.0},{"damage":0.0,"enemies":"Cultist","floor":2.0,"turns":3.0},{"damage":12.0,"enemies":"Jaw Worm","floor":3.0,"turns":3.0},{"damage":10.0,"enemies":"Blue Slaver","floor":7.0,"turns":4.0},{"damage":18.0,"enemies":"Gremlin Nob","floor":8.0,"turns":3.0},{"damage":11.0,"enemies":"Lots of Slimes","floor":12.0,"turns":3.0},{"damage":0.0,"enemies":"3 Louse","floor":13.0,"turns":2.0},{"damage":0.0,"enemies":"3 Sentries","floor":14.0,"turns":7.0},{"damage":15.0,"enemies":"Slime Boss","floor":16.0,"turns":6.0},{"damage":1.0,"enemies":"Chosen","floor":18.0,"turns":4.0},{"damage":0,"enemies":"Spheric Guardian","floor":20,"turns":4},{"damage":0,"enemies":"3 Cultists","floor":21,"turns":5},{"damage":1,"enemies":"Centurion and Healer","floor":22,"turns":5},{"damage":7,"enemies":"Book of Stabbing","floor":27,"turns":7},{"damage":1,"enemies":"Sentry and Sphere","floor":28,"turns":4},{"damage":0,"enemies":"Chosen and Byrds","floor":29,"turns":6},{"damage":14,"enemies":"Collector","floor":33,"turns":11},{"damage":0,"enemies":"3 Shapes","floor":35,"turns":3},{"damage":0,"enemies":"Orb Walker","floor":36,"turns":5},{"damage":0,"enemies":"Jaw Worm Horde","floor":37,"turns":4},{"damage":12,"enemies":"Spire Growth","floor":38,"turns":7},{"damage":0,"enemies":"Giant Head","floor":41,"turns":8},{"damage":0,"enemies":"2 Orb Walkers","floor":42,"turns":5},{"damage":1,"enemies":"Maw","floor":44,"turns":10},{"damage":0,"enemies":"Nemesis","floor":45,"turns":7},{"damage":29,"enemies":"Jaw Worm Horde","floor":46,"turns":6},{"damage":17,"enemies":"Spire Growth","floor":47,"turns":7},{"damage":1,"enemies":"Giant Head","floor":48,"turns":10},{"damage":36,"enemies":"Donu and Deca","floor":50,"turns":14},{"damage":31,"enemies":"Shield and Spear","floor":54,"turns":6},{"damage":18,"enemies":"The Heart","floor":55,"turns":13}],"seed_played":"-2844061247812868836","potions_obtained":[{"floor":0.0,"key":"EssenceOfSteel"},{"floor":0.0,"key":"LiquidBronze"},{"floor":0.0,"key":"FairyPotion"},{"floor":3.0,"key":"FearPotion"},{"floor":13.0,"key":"FocusPotion"},{"floor":14.0,"key":"PowerPotion"},{"floor":16.0,"key":"FocusPotion"},{"floor":20,"key":"Explosive Potion"},{"floor":22,"key":"Swift Potion"},{"floor":27,"key":"EntropicBrew"},{"floor":29,"key":"FocusPotion"},{"floor":38,"key":"SpeedPotion"},{"floor":41,"key":"LiquidBronze"},{"floor":42,"key":"FocusPotion"},{"floor":44,"key":"SteroidPotion"},{"floor":47,"key":"Regen Potion"},{"floor":54,"key":"EssenceOfSteel"}],"is_trial":false,"path_per_floor":["M","M","M","?","$","R","M","E","T","?","R","M","M","E","R","B",null,"M","?","M","M","M","R","?","R","T","E","M","M","R","$","R","B",null,"M","M","M","M","$","R","E","?","T","M","E","M","M","E","R","B",null,"R","$","E","B",null],"character_chosen":"DEFECT","items_purchased":["DataDisk","Coolheaded","Membership Card","Static Discharge","Reboot","Heatsinks","Art of War","Centennial Puzzle","Pear","Capacitor","Heatsinks","Regen Potion","Boot","Bottled Flame","Hologram"],"campfire_rested":2,"item_purchase_floors":[5,5,31,31,39,39,53,53,53,53,53,53,53,53,53],"current_hp_per_floor":[68,68,56,56,56,56,46,28,28,28,28,17,17,17,39,24,62,61,61,61,61,60,60,60,60,60,53,52,52,52,52,52,61,72,72,72,72,60,60,60,75,75,75,74,74,45,28,42,42,31,64,75,85,54,76],"gold":44,"neow_bonus":"THREE_SMALL_POTIONS","is_prod":false,"is_daily":false,"chose_seed":false,"campfire_upgraded":7,"win_rate":0,"timestamp":1547606139,"path_taken":["M","M","M","?","$","R","?","E","T","?","R","M","M","E","R","BOSS","M","?","?","M","M","R","?","R","T","E","?","M","R","$","R","BOSS","M","M","?","M","$","R","E","?","T","M","E","M","M","E","R","BOSS","R","$","E","BOSS"],"build_version":"2019-01-10","purchased_purges":4,"victory":true,"max_hp_per_floor":[75,75,75,75,75,75,75,75,75,75,75,75,75,75,75,75,75,75,75,75,75,75,75,75,75,75,75,75,75,75,75,75,75,75,75,75,75,75,75,75,75,75,75,75,75,75,75,75,75,75,75,75,85,85,85],"card_choices":[{"not_picked":["Streamline","Turbo"],"picked":"Sunder","floor":1.0},{"not_picked":["Leap","Steam"],"picked":"Defragment","floor":2.0},{"not_picked":["Rebound","White Noise"],"picked":"Genetic Algorithm","floor":3.0},{"not_picked":["Melter","Lockon","Stack"],"picked":"SKIP","floor":7.0},{"not_picked":["Redo","Leap"],"picked":"Cold Snap","floor":8.0},{"not_picked":["Tempest","Beam Cell+1"],"picked":"Compile Driver+1","floor":12.0},{"not_picked":["Scrape+1","Amplify"],"picked":"Coolheaded","floor":13.0},{"not_picked":["Hologram","Recycle"],"picked":"Cold Snap+1","floor":14.0},{"not_picked":["Electrodynamics","Reboot"],"picked":"Biased Cognition","floor":16.0},{"not_picked":["Ball Lightning+1","BootSequence","Consume+1"],"picked":"SKIP","floor":18.0},{"not_picked":["Rebound+1","Sweeping Beam+1"],"picked":"Glacier","floor":20},{"not_picked":["Genetic Algorithm","Hello World"],"picked":"Sunder+1","floor":21},{"not_picked":["Sunder+1","Stack"],"picked":"Compile Driver+1","floor":22},{"not_picked":["Melter+1","Recycle"],"picked":"Compile Driver+1","floor":27},{"not_picked":["Compile Driver+1","Gash+1","Ball Lightning+1"],"picked":"SKIP","floor":28},{"not_picked":["Blizzard+1","Reinforced Body"],"picked":"Leap+1","floor":29},{"not_picked":["Thunder Strike+1","Rainbow"],"picked":"Creative AI","floor":33},{"not_picked":["Scrape+1","Rebound+1","Beam Cell+1"],"picked":"SKIP","floor":35},{"not_picked":["Auto Shields+1","Scrape+1"],"picked":"Doom and Gloom+1","floor":36},{"not_picked":["Streamline+1","Redo","Stack"],"picked":"SKIP","floor":37},{"not_picked":["Beam Cell+1","BootSequence","Reprogram"],"picked":"SKIP","floor":38},{"not_picked":["Gash+1","Barrage+1"],"picked":"Buffer","floor":41},{"not_picked":["Streamline+1","Stack+1"],"picked":"Hologram+1","floor":42},{"not_picked":["Chill+1","Beam Cell+1","Self Repair+1"],"picked":"SKIP","floor":44},{"not_picked":["Redo","Cold Snap+1","Stack"],"picked":"SKIP","floor":45},{"not_picked":["Rebound+1","Fusion+1"],"picked":"Machine Learning","floor":46},{"not_picked":["Streamline+1","Leap"],"picked":"Coolheaded+1","floor":47},{"not_picked":["Scrape+1","Amplify"],"picked":"Go for the Eyes+1","floor":48},{"not_picked":["Redo","Compile Driver+1"],"picked":"Coolheaded","floor":52},{"not_picked":["Conserve Battery+1","Chaos+1","Turbo"],"picked":"SKIP","floor":54}],"player_experience":425056,"relics_obtained":[{"floor":8.0,"key":"Oddly Smooth Stone"},{"floor":9.0,"key":"Vajra"},{"floor":14.0,"key":"Torii"},{"floor":26,"key":"Potion Belt"},{"floor":27,"key":"PreservedInsect"},{"floor":41,"key":"Juzu Bracelet"},{"floor":42,"key":"Old Coin"},{"floor":45,"key":"The Courier"},{"floor":48,"key":"Dream Catcher"},{"floor":54,"key":"Bronze Scales"}],"event_choices":[{"damage_healed":0.0,"max_hp_gain":0.0,"max_hp_loss":0.0,"gold_gain":275.0,"event_name":"Golden Shrine","player_choice":"Desecrate","floor":4.0,"gold_loss":0.0,"damage_taken":0.0,"cards_obtained":["Regret"]},{"damage_healed":0.0,"max_hp_gain":0.0,"max_hp_loss":0.0,"gold_gain":0.0,"event_name":"Dead Adventurer","player_choice":"Searched \u00271\u0027 times","floor":10.0,"gold_loss":0.0,"damage_taken":0.0,"relics_obtained":["Molten Egg 2"]},{"damage_healed":0,"gold_gain":0,"player_choice":"Paid Gold","damage_taken":0,"relics_obtained":["Pantograph"],"max_hp_gain":0,"max_hp_loss":0,"event_name":"WeMeetAgain","floor":19,"gold_loss":114},{"damage_healed":0,"gold_gain":0,"player_choice":"Copied","damage_taken":0,"max_hp_gain":0,"max_hp_loss":0,"event_name":"Duplicator","floor":24,"gold_loss":0,"cards_obtained":["Defragment"]},{"damage_healed":0,"gold_gain":0,"player_choice":"Fight","damage_taken":0,"max_hp_gain":0,"max_hp_loss":0,"event_name":"Mysterious Sphere","floor":42,"gold_loss":0}],"is_beta":false,"boss_relics":[{"not_picked":["Eternal Feather","Orrery"],"picked":"Philosopher\u0027s Stone"},{"not_picked":["FrozenCore","Fusion Hammer"],"picked":"Nuclear Battery"}],"items_purged_floors":[5,31,39,53],"is_endless":false,"potions_floor_spawned":[3,13,14,16,20,22,27,29,38,41,42,44,47,54],"ascension_level":8}