{"gold_per_floor":[113,12,25,44,44,78,78,94,94,119,139,162,237,261,261,357,357,372,372,386,40,53,53,3,3,3,18,34,75,0,16,16,107,107,126,146,96,109,134,134,134,134,184,184,205,205,205,34,34,34],"floor_reached":51,"playtime":4261,"items_purged":["Defend_R","Strike_R"],"score":1322,"play_id":"20223a1f-5dc3-4a89-8820-1a84e80e99d0","local_time":"20180910235304","is_ascension_mode":true,"campfire_choices":[{"floor":7,"key":"REST"},{"data":"Uppercut","floor":15,"key":"SMITH"},{"data":"1","floor":23,"key":"LIFT"},{"data":"2","floor":25,"key":"LIFT"},{"floor":32,"key":"REST"},{"data":"Limit Break","floor":40,"key":"SMITH"},{"data":"Heavy Blade","floor":42,"key":"SMITH"},{"data":"3","floor":44,"key":"LIFT"},{"data":"Metallicize","floor":46,"key":"SMITH"},{"data":"Rage","floor":49,"key":"SMITH"}],"neow_cost":"NONE","seed_source_timestamp":187051228302461,"circlet_count":0,"master_deck":["Strike_R","Strike_R","Strike_R","Strike_R","Defend_R","Defend_R","Defend_R","Bash","AscendersBane","Metallicize+1","Uppercut+1","Headbutt","Metallicize","Rage+1","Limit Break+1","Cleave","Iron Wave","Clash","Hemokinesis","Feed","Warcry+1","Necronomicurse","Ghostly Armor","Clash","Armaments+1","Battle Trance","Shrug It Off","Exhume","Thunderclap+1","Reaper","Heavy Blade+1"],"relics":["Black Blood","Smiling Mask","Golden Idol","Nunchaku","Thread and Needle","Necronomicon","Girya","Shuriken","Kunai","Velvet Choker","FossilizedHelix","Juzu Bracelet","Pen Nib"],"potions_floor_usage":[6,16,16,29,33,33,41,47],"damage_taken":[{"damage":4,"enemies":"Jaw Worm","floor":1,"turns":4},{"damage":7,"enemies":"Small Slimes","floor":3,"turns":3},{"damage":0,"enemies":"Cultist","floor":4,"turns":3},{"damage":37,"enemies":"3 Sentries","floor":6,"turns":14},{"damage":8,"enemies":"3 Louse","floor":8,"turns":5},{"damage":2,"enemies":"Blue Slaver","floor":10,"turns":3},{"damage":0,"enemies":"2 Fungi Beasts","floor":11,"turns":3},{"damage":1,"enemies":"Looter","floor":12,"turns":2},{"damage":1,"enemies":"Blue Slaver","floor":14,"turns":3},{"damage":22,"enemies":"Slime Boss","floor":16,"turns":9},{"damage":23,"enemies":"2 Thieves","floor":18,"turns":5},{"damage":1,"enemies":"Spheric Guardian","floor":20,"turns":3},{"damage":3,"enemies":"Snake Plant","floor":22,"turns":2},{"damage":14,"enemies":"3 Cultists","floor":27,"turns":4},{"damage":0,"enemies":"Centurion and Healer","floor":28,"turns":6},{"damage":33,"enemies":"Gremlin Leader","floor":29,"turns":6},{"damage":16,"enemies":"Snake Plant","floor":31,"turns":4},{"damage":40,"enemies":"Collector","floor":33,"turns":8},{"damage":3,"enemies":"3 Shapes","floor":35,"turns":6},{"damage":15,"enemies":"3 Darklings","floor":36,"turns":4},{"damage":10,"enemies":"Sphere and 2 Shapes","floor":38,"turns":6},{"damage":13,"enemies":"4 Shapes","floor":39,"turns":10},{"damage":12,"enemies":"Mind Bloom Boss Battle","floor":41,"turns":6},{"damage":35,"enemies":"3 Darklings","floor":45,"turns":6},{"damage":0,"enemies":"2 Orb Walkers","floor":47,"turns":1},{"damage":63,"enemies":"Donu and Deca","floor":50,"turns":8}],"seed_played":"6101670780658081130","potions_obtained":[{"floor":1,"key":"SneckoOil"},{"floor":6,"key":"PowerPotion"},{"floor":8,"key":"Strength Potion"},{"floor":16,"key":"GamblersBrew"},{"floor":22,"key":"GamblersBrew"},{"floor":29,"key":"Energy Potion"},{"floor":33,"key":"SmokeBomb"},{"floor":36,"key":"Regen Potion"}],"is_trial":false,"path_per_floor":["M","$","M","M","?","E","R","M","T","M","M","M","?","M","R","B",null,"M","?","M","$","M","R","$","R","T","M","M","E","?","M","R","B",null,"M","M","$","M","M","R","?","R","T","R","M","R","E","$","R","B"],"character_chosen":"IRONCLAD","items_purchased":["Uppercut","Headbutt","Girya","Pen Nib"],"campfire_rested":2,"item_purchase_floors":[2,2,21,48],"current_hp_per_floor":[70,70,69,75,68,37,57,55,55,59,65,68,57,62,62,46,63,53,32,41,41,48,48,48,48,48,44,54,34,34,28,50,24,65,72,67,67,70,67,67,81,81,81,81,77,77,84,84,84,31],"gold":34,"neow_bonus":"RANDOM_COMMON_RELIC","is_prod":false,"is_daily":false,"chose_seed":false,"campfire_upgraded":5,"win_rate":0,"timestamp":1536637984,"path_taken":["M","$","M","M","?","E","R","M","T","M","M","M","?","M","R","BOSS","M","?","M","$","M","R","$","R","T","M","?","E","?","M","R","BOSS","M","M","$","M","M","R","?","R","T","R","M","R","E","$","R","BOSS"],"build_version":"2018-09-06","purchased_purges":2,"victory":true,"max_hp_per_floor":[75,75,75,75,68,68,68,68,68,68,68,68,68,68,68,68,68,71,71,71,71,71,71,71,71,71,71,71,74,74,74,74,78,78,78,78,78,81,81,81,81,81,81,81,84,84,84,84,84,84],"card_choices":[{"not_picked":["Wild Strike","Havoc"],"picked":"Metallicize","floor":1},{"not_picked":["Wild Strike","Uppercut"],"picked":"Metallicize","floor":3},{"not_picked":["Pommel Strike","Headbutt"],"picked":"Rage","floor":4},{"not_picked":["Headbutt","Cleave"],"picked":"Limit Break","floor":6},{"not_picked":["Havoc","Perfected Strike"],"picked":"Cleave","floor":8},{"not_picked":["Corruption","Clothesline"],"picked":"Iron Wave","floor":10},{"not_picked":["Reckless Charge","Twin Strike"],"picked":"Clash","floor":11},{"not_picked":["Clothesline","Sentinel"],"picked":"Hemokinesis","floor":12},{"not_picked":["Intimidate","Pommel Strike","Wild Strike"],"picked":"SKIP","floor":14},{"not_picked":["Impervious","Berserk"],"picked":"Feed","floor":16},{"not_picked":["Heavy Blade","Feel No Pain"],"picked":"Warcry+1","floor":18},{"not_picked":["Bloodletting","Sword Boomerang"],"picked":"Ghostly Armor","floor":20},{"not_picked":["Wild Strike","Clothesline","Pommel Strike"],"picked":"SKIP","floor":22},{"not_picked":["Bloodletting","Evolve"],"picked":"Clash","floor":27},{"not_picked":["Heavy Blade","Sever Soul+1"],"picked":"Armaments+1","floor":28},{"not_picked":["Fiend Fire","Wild Strike"],"picked":"Battle Trance","floor":29},{"not_picked":["Power Through","Twin Strike"],"picked":"Shrug It Off","floor":31},{"not_picked":["Impervious","Offering"],"picked":"Exhume","floor":33},{"not_picked":["Clash","Cleave","Twin Strike"],"picked":"SKIP","floor":35},{"not_picked":["Warcry","Flex"],"picked":"Thunderclap+1","floor":36},{"not_picked":["Body Slam","Fire Breathing","Sword Boomerang"],"picked":"SKIP","floor":38},{"not_picked":["Perfected Strike+1","Blood for Blood"],"picked":"Reaper","floor":39},{"not_picked":["Burning Pact+1","Twin Strike"],"picked":"Heavy Blade","floor":41},{"not_picked":["Twin Strike","Feel No Pain","Flex"],"picked":"SKIP","floor":45}],"player_experience":2699680,"relics_obtained":[{"floor":6,"key":"Nunchaku"},{"floor":9,"key":"Thread and Needle"},{"floor":19,"key":"Necronomicon"},{"floor":26,"key":"Shuriken"},{"floor":29,"key":"Kunai"},{"floor":41,"key":"FossilizedHelix"},{"floor":43,"key":"Juzu Bracelet"}],"event_choices":[{"event_name":"Golden Idol","player_choice":"Lose Max HP","floor":5,"damage_taken":0},{"event_name":"World of Goop","player_choice":"Gather Gold","floor":13,"damage_taken":0},{"event_name":"Cursed Tome","player_choice":"Obtained Book","floor":19,"damage_taken":0},{"event_name":"Masked Bandits","player_choice":"Paid Fearfully","floor":30,"damage_taken":0},{"event_name":"MindBloom","player_choice":"Fight","floor":41,"damage_taken":0}],"is_beta":false,"boss_relics":[{"not_picked":["Runic Cube","Runic Dome"],"picked":"Black Blood"},{"not_picked":["Tiny House","Mark of Pain"],"picked":"Velvet Choker"}],"items_purged_floors":[24,37],"is_endless":false,"potions_floor_spawned":[1,6,8,16,22,29,33,36,39,47],"ascension_level":19}