{"gold_per_floor":[113,9,20,20,33,77,77,98,145,161,161,161,161,174,174,299,299,299,299,299,4641,4641,4641,4641,4641,4641,4641,4641,4641,4641,4641,4641,4641,4641,4641,4641,4641,4641,3292,3292,3292,3292,3292,3292,3292,3292,1969,1969,1969,1969],"floor_reached":51,"playtime":2654,"items_purged":["Writhe","Injury","Purity"],"score":782,"play_id":"7cc67c0d-fd25-4770-991e-e10e5e292f43","local_time":"20190209072043","is_ascension_mode":false,"campfire_choices":[{"data":"Apotheosis","floor":7,"key":"SMITH"},{"data":"Survivor","floor":12,"key":"SMITH"},{"floor":15,"key":"REST"},{"data":"1","floor":23,"key":"LIFT"},{"floor":32,"key":"REST"},{"data":"2","floor":41,"key":"LIFT"},{"data":"3","floor":46,"key":"LIFT"},{"floor":49,"key":"REST"}],"neow_cost":"CURSE","seed_source_timestamp":25625488962700,"circlet_count":0,"master_deck":["Defend_G","Defend_G","Defend_G","Defend_G","Defend_G","Strike_G","Strike_G","Strike_G","Strike_G+1","Strike_G","Survivor+1","Neutralize","Apotheosis+1","Enlightenment","Dagger Throw","Crippling Poison+1","Dash","Predator","Bouncing Flask+1","Footwork","Slice","Prepared","Dodge and Roll","After Image","Dagger Spray+1","Outmaneuver","Bouncing Flask","Slice","Poisoned Stab","Dodge and Roll","Distraction","Infinite Blades","Secret Technique","Finesse","Deflect+1","Sucker Punch+1","Poisoned Stab+1","Masterful Stab+1","Malaise","Deflect+1","Dagger Spray+1","Bullet Time","Dagger Throw+1","Outmaneuver+1","Poisoned Stab+1","Master of Strategy","Noxious Fumes","Deflect","PiercingWail","Slice","Masterful Stab","Dash+1","Underhanded Strike+1","Distraction+1","Terror","Violence","Swift Strike","Infinite Blades","Deadly Poison","Backflip","Riddle With Holes","Dagger Throw","Poisoned Stab"],"relics":["Ring of the Snake","Letter Opener","Bronze Scales","Ectoplasm","Mummified Hand","Girya","HandDrill","Bag of Marbles","White Beast Statue","Gambling Chip","Strawberry","Centennial Puzzle","ClockworkSouvenir","Tough Bandages","Snake Skull","Mango","OrangePellets","Juzu Bracelet"],"potions_floor_usage":[16,16,22,25,27,33,33,35,37,38,39,40,42,44,48,50,50],"damage_taken":[{"damage":0,"enemies":"Cultist","floor":1,"turns":4},{"damage":0,"enemies":"Small Slimes","floor":3,"turns":5},{"damage":0,"enemies":"Jaw Worm","floor":5,"turns":5},{"damage":11,"enemies":"Gremlin Nob","floor":6,"turns":4},{"damage":2,"enemies":"Looter","floor":8,"turns":3},{"damage":1,"enemies":"2 Fungi Beasts","floor":10,"turns":3},{"damage":0,"enemies":"Large Slime","floor":14,"turns":5},{"damage":14,"enemies":"Hexaghost","floor":16,"turns":8},{"damage":10,"enemies":"Chosen","floor":18,"turns":4},{"damage":0,"enemies":"3 Byrds","floor":20,"turns":2},{"damage":3,"enemies":"3 Cultists","floor":24,"turns":4},{"damage":11,"enemies":"Snake Plant","floor":25,"turns":3},{"damage":0,"enemies":"Snecko","floor":27,"turns":4},{"damage":6,"enemies":"Centurion and Healer","floor":28,"turns":4},{"damage":6,"enemies":"3 Cultists","floor":29,"turns":3},{"damage":0,"enemies":"Sentry and Sphere","floor":30,"turns":4},{"damage":4,"enemies":"Snake Plant","floor":31,"turns":2},{"damage":5,"enemies":"Automaton","floor":33,"turns":9},{"damage":0,"enemies":"Orb Walker","floor":35,"turns":3},{"damage":0,"enemies":"Mind Bloom Boss Battle","floor":37,"turns":5},{"damage":22,"enemies":"3 Darklings","floor":38,"turns":4},{"damage":6,"enemies":"Spire Growth","floor":40,"turns":3},{"damage":0,"enemies":"2 Orb Walkers","floor":42,"turns":4},{"damage":0,"enemies":"Sphere and 2 Shapes","floor":44,"turns":2},{"damage":6,"enemies":"4 Shapes","floor":45,"turns":1},{"damage":12,"enemies":"Maw","floor":48,"turns":5},{"damage":45,"enemies":"Awakened One","floor":50,"turns":11}],"seed_played":"6439993425480787527","potions_obtained":[{"floor":3,"key":"EssenceOfSteel"},{"floor":6,"key":"Poison Potion"},{"floor":8,"key":"SneckoOil"},{"floor":14,"key":"Weak Potion"},{"floor":18,"key":"Weak Potion"},{"floor":22,"key":"Fruit Juice"},{"floor":27,"key":"SpeedPotion"},{"floor":29,"key":"Swift Potion"},{"floor":31,"key":"AttackPotion"},{"floor":33,"key":"LiquidBronze"},{"floor":35,"key":"SkillPotion"},{"floor":37,"key":"Swift Potion"},{"floor":38,"key":"Energy Potion"},{"floor":40,"key":"SkillPotion"},{"floor":42,"key":"Swift Potion"},{"floor":44,"key":"SneckoOil"},{"floor":45,"key":"Energy Potion"},{"floor":48,"key":"Explosive Potion"}],"is_trial":false,"path_per_floor":["M","$","M","?","M","E","R","M","T","M","?","R","?","M","R","B",null,"M","?","M","$","?","R","M","M","T","M","M","M","M","M","R","B",null,"M","?","?","M","$","M","R","?","T","M","M","R","$","M","R","B",null],"character_chosen":"THE_SILENT","items_purchased":["Crippling Poison","Dash","Slice","Poisoned Stab","Dodge and Roll","Distraction","Infinite Blades","Secret Technique","Finesse","Mummified Hand","Girya","HandDrill","SkillPotion","Strawberry","Centennial Puzzle","ClockworkSouvenir","Master of Strategy","Purity","Noxious Fumes","Deflect","PiercingWail","Slice","Masterful Stab","Fruit Juice","GhostInAJar","Mango","OrangePellets","Violence","Swift Strike","Infinite Blades","Deadly Poison","Backflip","Riddle With Holes","Dagger Throw","Juzu Bracelet"],"campfire_rested":3,"item_purchase_floors":[2,2,21,21,21,21,21,21,21,21,21,21,21,39,39,39,39,39,39,39,39,39,39,39,39,47,47,47,47,47,47,47,47,47,47],"current_hp_per_floor":[70,70,70,70,70,59,59,57,57,56,56,56,42,42,63,49,70,60,60,60,60,65,65,62,51,51,51,45,39,39,35,57,52,75,75,75,75,53,65,59,59,59,59,59,53,53,67,55,85,40],"gold":1969,"neow_bonus":"RANDOM_COLORLESS_2","is_prod":false,"is_daily":false,"chose_seed":false,"campfire_upgraded":2,"win_rate":0.0,"timestamp":1549668043,"path_taken":["M","$","?","?","M","E","R","M","T","M","?","R","?","M","R","BOSS","M","?","M","$","?","R","M","M","T","M","M","?","M","M","R","BOSS","M","?","?","M","$","M","R","?","T","M","M","R","$","M","R","BOSS"],"build_version":"2019-01-23","purchased_purges":3,"victory":true,"max_hp_per_floor":[70,70,70,70,70,70,70,70,70,70,70,70,70,70,70,70,70,70,70,70,70,75,75,75,75,75,75,75,75,75,75,75,75,75,75,75,75,75,87,87,87,87,87,87,87,87,101,101,101,101],"card_choices":[{"not_picked":["Endless Agony","Deadly Poison"],"picked":"Dagger Throw","floor":1},{"not_picked":["Catalyst","Deflect"],"picked":"Predator","floor":3},{"not_picked":["Distraction","Prepared"],"picked":"Bouncing Flask","floor":5},{"not_picked":["Expertise","Crippling Poison"],"picked":"Footwork","floor":6},{"not_picked":["Distraction","Deflect"],"picked":"Slice","floor":8},{"not_picked":["PiercingWail","Tactician"],"picked":"Prepared","floor":10},{"not_picked":["Leg Sweep","Slice"],"picked":"Dodge and Roll","floor":14},{"not_picked":["Glass Knife","Unload"],"picked":"After Image","floor":16},{"not_picked":["PiercingWail","Outmaneuver"],"picked":"Dagger Spray+1","floor":18},{"not_picked":["Well Laid Plans","Calculated Gamble"],"picked":"Bouncing Flask","floor":20},{"not_picked":["Sucker Punch+1","Eviscerate"],"picked":"Deflect+1","floor":24},{"not_picked":["Dagger Spray+1","Caltrops"],"picked":"Sucker Punch+1","floor":25},{"not_picked":["Choke+1","Well Laid Plans+1"],"picked":"Poisoned Stab+1","floor":27},{"not_picked":["Well Laid Plans","Calculated Gamble"],"picked":"Masterful Stab+1","floor":28},{"not_picked":["Acrobatics","Skewer"],"picked":"Malaise","floor":29},{"not_picked":["Flying Knee","Dodge and Roll"],"picked":"Deflect+1","floor":30},{"not_picked":["Caltrops","Blade Dance"],"picked":"Dagger Spray+1","floor":31},{"not_picked":["Glass Knife","Unload"],"picked":"Bullet Time","floor":33},{"not_picked":["Quick Slash","Finisher"],"picked":"Dagger Throw+1","floor":35},{"not_picked":["Flying Knee","Sucker Punch+1"],"picked":"Outmaneuver+1","floor":37},{"not_picked":["Heel Hook","Calculated Gamble"],"picked":"Poisoned Stab+1","floor":38},{"not_picked":["Heel Hook+1","PiercingWail+1"],"picked":"Dash+1","floor":40},{"not_picked":["Blade Dance","Flying Knee+1"],"picked":"Underhanded Strike+1","floor":42},{"not_picked":["Glass Knife","Bane"],"picked":"Distraction+1","floor":44},{"not_picked":["Dagger Throw","Acrobatics"],"picked":"Terror","floor":45},{"not_picked":["Underhanded Strike","Prepared"],"picked":"Poisoned Stab","floor":48}],"player_experience":18256,"relics_obtained":[{"floor":6,"key":"Letter Opener"},{"floor":9,"key":"Bronze Scales"},{"floor":26,"key":"Bag of Marbles"},{"floor":37,"key":"Gambling Chip"},{"floor":42,"key":"Tough Bandages"},{"floor":43,"key":"Snake Skull"}],"event_choices":[{"damage_healed":0,"gold_gain":0,"player_choice":"Take Wound","damage_taken":0,"relics_obtained":["Golden Idol"],"max_hp_gain":0,"max_hp_loss":0,"event_name":"Golden Idol","floor":4,"gold_loss":0,"cards_obtained":["Injury"]},{"damage_healed":0,"gold_gain":0,"player_choice":"Grow","damage_taken":0,"max_hp_gain":0,"max_hp_loss":0,"event_name":"Living Wall","floor":11,"gold_loss":0,"cards_upgraded":["Crippling Poison"]},{"damage_healed":0,"gold_gain":0,"player_choice":"Entered Light","damage_taken":14,"max_hp_gain":0,"max_hp_loss":0,"event_name":"Shining Light","floor":13,"gold_loss":0,"cards_upgraded":["Strike_G","Bouncing Flask"]},{"damage_healed":0,"gold_gain":0,"player_choice":"Read","damage_taken":0,"max_hp_gain":0,"max_hp_loss":0,"event_name":"The Library","floor":19,"gold_loss":0,"cards_obtained":["Outmaneuver"]},{"damage_healed":0,"gold_gain":0,"player_choice":"Got Potions","damage_taken":0,"max_hp_gain":0,"max_hp_loss":0,"event_name":"Lab","floor":22,"gold_loss":0},{"damage_healed":0,"gold_gain":333,"player_choice":"Gave Idol","damage_taken":0,"max_hp_gain":0,"max_hp_loss":0,"event_name":"The Moai Head","floor":36,"relics_lost":["Golden Idol"],"gold_loss":0},{"damage_healed":0,"gold_gain":0,"player_choice":"Fight","damage_taken":0,"max_hp_gain":0,"max_hp_loss":0,"event_name":"MindBloom","floor":37,"gold_loss":0},{"damage_healed":0,"gold_gain":0,"player_choice":"Fight","damage_taken":0,"max_hp_gain":0,"max_hp_loss":0,"event_name":"Mysterious Sphere","floor":42,"gold_loss":0}],"is_beta":false,"boss_relics":[{"not_picked":["Fusion Hammer","Runic Dome"],"picked":"Ectoplasm"},{"not_picked":["Runic Pyramid","Empty Cage"],"picked":"White Beast Statue"}],"items_purged_floors":[21,39,47],"is_endless":false,"potions_floor_spawned":[3,6,8,14,18,27,29,31,33,35,37,38,40,42,44,45,48],"ascension_level":0}