{"gold_per_floor":[113,126,72,72,87,119,119,119,193,193,193,143,161,176,176,275,275,292,307,317,35,52,77,77,93,147,147,182,29,43,59,59,161,161,181,27,27,38,53,53,73,73,73,73,91,91,91,105,105,105],"floor_reached":51,"playtime":1583,"items_purged":[],"score":741,"play_id":"7e161e7b-cab5-49ff-983a-015267605be6","local_time":"20181128233336","is_ascension_mode":false,"campfire_choices":[{"data":"Zap","floor":7.0,"key":"SMITH"},{"data":"Ball Lightning","floor":10.0,"key":"SMITH"},{"data":"Go for the Eyes","floor":15.0,"key":"SMITH"},{"data":"Thunder Strike","floor":24.0,"key":"SMITH"},{"floor":27.0,"key":"REST"},{"floor":32.0,"key":"REST"},{"data":"Defragment","floor":40.0,"key":"SMITH"},{"data":"Glacier","floor":42.0,"key":"SMITH"},{"data":"Hyperbeam","floor":44.0,"key":"SMITH"},{"data":"Ball Lightning","floor":47.0,"key":"SMITH"},{"floor":49,"key":"REST"}],"neow_cost":"NONE","seed_source_timestamp":616521198182,"circlet_count":0,"master_deck":["Strike_B","Defend_B","Defend_B","Defend_B","Zap+1","Dualcast+1","Ball Lightning+1","BootSequence","Conserve Battery+1","Ball Lightning+1","Auto Shields","Go for the Eyes+1","Thunder Strike+1","Consume+1","Defragment+1","Steam+1","Glacier+1","Hyperbeam+1","Creative AI+1","Recycle+1","Cold Snap+1","Defragment+1","Chill","Coolheaded+1","Darkness+1"],"special_seed":0,"relics":["Cracked Core","Strawberry","Ancient Tea Set","Sundial","Inserter","Lee\u0027s Waffle","Bag of Preparation","DataDisk","Bronze Scales","Lantern","Astrolabe","Meat on the Bone"],"potions_floor_usage":[50,50,50],"damage_taken":[{"damage":6.0,"enemies":"Jaw Worm","floor":1.0,"turns":3.0},{"damage":0.0,"enemies":"2 Louse","floor":2.0,"turns":1.0},{"damage":0.0,"enemies":"Small Slimes","floor":5.0,"turns":3.0},{"damage":18.0,"enemies":"3 Sentries","floor":6.0,"turns":5.0},{"damage":0.0,"enemies":"3 Louse","floor":13.0,"turns":3.0},{"damage":0.0,"enemies":"Exordium Wildlife","floor":14.0,"turns":3.0},{"damage":25.0,"enemies":"The Guardian","floor":16.0,"turns":10.0},{"damage":0.0,"enemies":"Spheric Guardian","floor":18.0,"turns":3.0},{"damage":8.0,"enemies":"Shell Parasite","floor":19.0,"turns":4.0},{"damage":33.0,"enemies":"Cultist and Chosen","floor":20.0,"turns":7.0},{"damage":26.0,"enemies":"Sentry and Sphere","floor":22.0,"turns":5.0},{"damage":7.0,"enemies":"Book of Stabbing","floor":23.0,"turns":5.0},{"damage":4.0,"enemies":"Centurion and Healer","floor":25.0,"turns":5.0},{"damage":28.0,"enemies":"Gremlin Leader","floor":28.0,"turns":8.0},{"damage":0.0,"enemies":"Snake Plant","floor":30.0,"turns":3.0},{"damage":1.0,"enemies":"Cultist and Chosen","floor":31.0,"turns":4.0},{"damage":50.0,"enemies":"Collector","floor":33.0,"turns":12.0},{"damage":0.0,"enemies":"Orb Walker","floor":35.0,"turns":4.0},{"damage":0.0,"enemies":"3 Shapes","floor":38.0,"turns":4.0},{"damage":0.0,"enemies":"Maw","floor":39.0,"turns":9.0},{"damage":3.0,"enemies":"Transient","floor":41.0,"turns":5.0},{"damage":0.0,"enemies":"4 Shapes","floor":45.0,"turns":5.0},{"damage":22,"enemies":"Sphere and 2 Shapes","floor":48,"turns":5},{"damage":0,"enemies":"Time Eater","floor":50,"turns":11}],"seed_played":"6780383568254239989","potions_obtained":[{"floor":2.0,"key":"Dexterity Potion"},{"floor":5.0,"key":"Strength Potion"},{"floor":6.0,"key":"SpeedPotion"},{"floor":23.0,"key":"FocusPotion"}],"is_trial":false,"path_per_floor":["M","M","$","?","M","E","R","?","T","R","$","?","M","M","R","B",null,"M","M","M","$","M","E","R","M","T","R","E","$","M","M","R","B",null,"M","$","?","M","M","R","M","R","T","R","M","$","R","M","R","B",null],"character_chosen":"DEFECT","items_purchased":["Conserve Battery","Lee\u0027s Waffle","FocusPotion","Lantern","Defragment","Chill"],"campfire_rested":3,"item_purchase_floors":[3,21,21,29,36,36],"current_hp_per_floor":[76,76,76,76,76,58,58,42,42,42,42,42,42,42,42,17,82,82,74,41,89,63,56,56,52,52,78,50,50,50,49,75,25,89,89,89,89,89,89,89,86,86,86,86,86,86,86,64,89,89],"gold":105,"neow_bonus":"RANDOM_COMMON_RELIC","is_prod":false,"is_daily":false,"chose_seed":false,"campfire_upgraded":8,"win_rate":0,"timestamp":1543448016,"path_taken":["M","M","$","?","M","E","R","?","T","R","$","?","M","M","R","BOSS","M","M","M","$","M","E","R","M","T","R","E","$","M","M","R","BOSS","M","$","?","M","M","R","M","R","T","R","M","$","R","M","R","BOSS"],"build_version":"2018-11-15","purchased_purges":0,"victory":true,"max_hp_per_floor":[82,82,82,82,82,82,82,82,82,82,82,82,82,82,82,82,82,82,82,82,89,89,89,89,89,89,89,89,89,89,89,89,89,89,89,89,89,89,89,89,89,89,89,89,89,89,89,89,89,89],"card_choices":[{"not_picked":["Cold Snap","Gash"],"picked":"Ball Lightning","floor":1.0},{"not_picked":["Streamline","Sunder"],"picked":"BootSequence","floor":2.0},{"not_picked":["Darkness","Aggregate"],"picked":"Ball Lightning","floor":5.0},{"not_picked":["Biased Cognition","Chaos"],"picked":"Auto Shields","floor":6.0},{"not_picked":["Double Energy","Melter"],"picked":"Go for the Eyes","floor":13.0},{"not_picked":["Stack","Coolheaded","Leap"],"picked":"SKIP","floor":14.0},{"not_picked":["Multi-Cast","Seek"],"picked":"Thunder Strike","floor":16.0},{"not_picked":["Leap","Consume","Recycle"],"picked":"SKIP","floor":18.0},{"not_picked":["Compile Driver","Static Discharge"],"picked":"Consume+1","floor":19.0},{"not_picked":["Sweeping Beam","Go for the Eyes+1"],"picked":"Defragment+1","floor":20.0},{"not_picked":["Darkness","Rebound"],"picked":"Steam+1","floor":22.0},{"not_picked":["Force Field","Aggregate","Turbo"],"picked":"SKIP","floor":23.0},{"not_picked":["Coolheaded","Chill"],"picked":"Glacier","floor":25.0},{"not_picked":["Sweeping Beam","Hologram"],"picked":"Hyperbeam","floor":28.0},{"not_picked":["Steam","Static Discharge+1","Compile Driver"],"picked":"SKIP","floor":30.0},{"not_picked":["Sweeping Beam+1","Doom and Gloom+1","Go for the Eyes"],"picked":"SKIP","floor":31.0},{"not_picked":["Stack","Rip and Tear+1","Beam Cell+1"],"picked":"SKIP","floor":35.0},{"not_picked":["Doom and Gloom","Turbo+1"],"picked":"Coolheaded+1","floor":38.0},{"not_picked":["Hologram+1","Stack","Core Surge"],"picked":"SKIP","floor":39.0},{"not_picked":["Streamline","Cold Snap+1"],"picked":"Darkness+1","floor":41.0},{"not_picked":["Steam Power+1","Rebound+1","Rip and Tear+1"],"picked":"SKIP","floor":45.0},{"not_picked":["Undo+1","Coolheaded+1","Barrage"],"picked":"SKIP","floor":48}],"player_experience":835472,"relics_obtained":[{"floor":6.0,"key":"Ancient Tea Set"},{"floor":9.0,"key":"Sundial"},{"floor":23.0,"key":"Bag of Preparation"},{"floor":26.0,"key":"DataDisk"},{"floor":28.0,"key":"Bronze Scales"},{"floor":43.0,"key":"Meat on the Bone"}],"event_choices":[{"damage_healed":0.0,"max_hp_gain":0.0,"max_hp_loss":0.0,"gold_gain":0.0,"event_name":"Living Wall","player_choice":"Grow","floor":4.0,"gold_loss":0.0,"damage_taken":0.0,"cards_upgraded":["Dualcast"]},{"damage_healed":0.0,"max_hp_gain":0.0,"max_hp_loss":0.0,"gold_gain":0.0,"event_name":"Shining Light","player_choice":"Entered Light","floor":8.0,"gold_loss":0.0,"damage_taken":16.0,"cards_upgraded":["Conserve Battery","Defend_B"]},{"cards_removed":["Defend_B"],"damage_healed":0.0,"max_hp_gain":0.0,"max_hp_loss":0.0,"gold_gain":0.0,"event_name":"The Cleric","player_choice":"Card Removal","floor":12.0,"gold_loss":50.0,"damage_taken":0.0},{"damage_healed":0.0,"max_hp_gain":0.0,"max_hp_loss":0.0,"gold_gain":0.0,"event_name":"Mysterious Sphere","player_choice":"Ignored","floor":37.0,"gold_loss":0.0,"damage_taken":0.0}],"is_beta":false,"boss_relics":[{"not_picked":["Velvet Choker","Orrery"],"picked":"Inserter"},{"not_picked":["Coffee Dripper","Runic Dome"],"picked":"Astrolabe"}],"items_purged_floors":[],"is_endless":false,"potions_floor_spawned":[2,5,6,14,18,23,25,28,33,38,39,41],"ascension_level":0}