{"gold_per_floor":[110,110,121,121,121,150,150,150,203,220,239,239,256,276,276,374,374,388,402,418,418,418,433,433,452,504,516,324,342,342,360,360,458,508,521,521,538,557,265,265,277,292,292,94,94,194,205,205,205,205],"floor_reached":51,"playtime":2252,"items_purged":["Decay"],"score":655,"play_id":"feb54ddd-71e1-4330-9faa-2a6b8ebf10f5","local_time":"20181125193049","is_ascension_mode":false,"campfire_choices":[{"data":"Dualcast","floor":8.0,"key":"SMITH"},{"data":"Zap","floor":12.0,"key":"SMITH"},{"data":"Go for the Eyes","floor":15.0,"key":"SMITH"},{"data":"Lockon","floor":24.0,"key":"SMITH"},{"floor":32.0,"key":"REST"},{"floor":40.0,"key":"REST"},{"data":"Apotheosis","floor":45.0,"key":"SMITH"},{"floor":49,"key":"REST"}],"neow_cost":"NONE","seed_source_timestamp":0,"circlet_count":0,"master_deck":["Strike_B","Strike_B","Strike_B+1","Strike_B","Defend_B","Defend_B","Defend_B","Defend_B","Zap+1","Dualcast+1","Cold Snap","Conserve Battery","Go for the Eyes+1","Conserve Battery","Conserve Battery","Echo Form","Glacier+1","Lockon+1","Ball Lightning+1","Apotheosis+1","Defragment+1","Echo Form"],"special_seed":0,"relics":["Cracked Core","Blood Vial","Ancient Tea Set","Smiling Mask","Cursed Key","Anchor","Tiny House","StoneCalendar","Dead Branch"],"potions_floor_usage":[46,50,50,50],"damage_taken":[{"damage":1.0,"enemies":"2 Louse","floor":1.0,"turns":3.0},{"damage":0.0,"enemies":"Jaw Worm","floor":3.0,"turns":4.0},{"damage":14.0,"enemies":"3 Sentries","floor":6.0,"turns":10.0},{"damage":2.0,"enemies":"Small Slimes","floor":10.0,"turns":2.0},{"damage":9.0,"enemies":"3 Louse","floor":11.0,"turns":3.0},{"damage":0.0,"enemies":"Looter","floor":13.0,"turns":3.0},{"damage":0.0,"enemies":"Large Slime","floor":14.0,"turns":6.0},{"damage":18.0,"enemies":"The Guardian","floor":16.0,"turns":15.0},{"damage":0.0,"enemies":"Shell Parasite","floor":18.0,"turns":7.0},{"damage":10.0,"enemies":"Chosen","floor":19.0,"turns":8.0},{"damage":13.0,"enemies":"Snake Plant","floor":20.0,"turns":7.0},{"damage":10.0,"enemies":"Shelled Parasite and Fungi","floor":23.0,"turns":8.0},{"damage":12.0,"enemies":"Centurion and Healer","floor":25.0,"turns":7.0},{"damage":10.0,"enemies":"3 Cultists","floor":27.0,"turns":8.0},{"damage":28.0,"enemies":"Sentry and Sphere","floor":29.0,"turns":8.0},{"damage":7.0,"enemies":"Centurion and Healer","floor":31.0,"turns":12.0},{"damage":15.0,"enemies":"Champ","floor":33.0,"turns":16.0},{"damage":0.0,"enemies":"3 Darklings","floor":35.0,"turns":7.0},{"damage":3.0,"enemies":"Orb Walker","floor":37.0,"turns":4.0},{"damage":22.0,"enemies":"Transient","floor":38.0,"turns":5.0},{"damage":11.0,"enemies":"Sphere and 2 Shapes","floor":41.0,"turns":6.0},{"damage":5.0,"enemies":"Maw","floor":42.0,"turns":9.0},{"damage":32,"enemies":"Mind Bloom Boss Battle","floor":46,"turns":6},{"damage":6,"enemies":"Spire Growth","floor":47,"turns":7},{"damage":39,"enemies":"Time Eater","floor":50,"turns":15}],"seed_played":"-3638331632937095691","potions_obtained":[{"floor":10.0,"key":"Dexterity Potion"},{"floor":11.0,"key":"Fruit Juice"},{"floor":13.0,"key":"Swift Potion"},{"floor":18.0,"key":"EssenceOfSteel"},{"floor":31.0,"key":"EssenceOfSteel"},{"floor":42.0,"key":"FocusPotion"},{"floor":47,"key":"FearPotion"}],"is_trial":false,"path_per_floor":["M","?","M","$","?","E","$","R","T","M","M","R","M","M","R","B",null,"M","M","M","$","?","M","R","M","T","M","$","M","M","?","M","R","B",null,"M","?","M","M","$","R","M","M","T","$","R","?","M","?","R","B",null],"character_chosen":"DEFECT","items_purchased":["Apotheosis","StoneCalendar","Echo Form"],"campfire_rested":3,"item_purchase_floors":[28,39,44],"current_hp_per_floor":[74,74,74,74,62,50,50,50,50,50,43,43,45,47,52,36,80,80,70,59,59,59,51,51,41,41,33,33,7,7,2,26,13,85,85,85,82,62,62,85,74,71,71,71,71,41,37,37,62,25],"gold":205,"neow_bonus":"THREE_CARDS","is_prod":false,"is_daily":false,"chose_seed":false,"campfire_upgraded":5,"win_rate":0,"timestamp":1543174249,"path_taken":["M","?","M","$","?","E","$","R","T","M","M","R","M","M","R","BOSS","M","M","M","$","?","M","R","M","T","M","$","M","?","M","R","BOSS","M","?","M","M","$","R","M","M","T","$","R","?","M","?","R","BOSS"],"build_version":"2018-11-15","purchased_purges":1,"victory":true,"max_hp_per_floor":[75,75,75,75,75,75,75,75,75,75,75,75,75,75,80,80,80,80,80,80,80,80,80,80,80,80,80,80,80,80,80,80,80,85,85,85,85,85,85,85,85,85,85,85,85,85,85,85,85,85],"card_choices":[{"not_picked":["Steam","Skim"],"picked":"Cold Snap","floor":0.0},{"not_picked":["Redo","Rip and Tear"],"picked":"Conserve Battery","floor":1.0},{"not_picked":["Genetic Algorithm","Force Field"],"picked":"Go for the Eyes","floor":3.0},{"not_picked":["Doom and Gloom","Self Repair","Recycle"],"picked":"SKIP","floor":6.0},{"not_picked":["Melter","Compile Driver","Double Energy"],"picked":"SKIP","floor":10.0},{"not_picked":["Streamline","Beam Cell"],"picked":"Conserve Battery","floor":11.0},{"not_picked":["Skim","Steam"],"picked":"Conserve Battery","floor":13.0},{"not_picked":["Loop","Cold Snap","Biased Cognition"],"picked":"SKIP","floor":14.0},{"not_picked":["Thunder Strike","Hyperbeam"],"picked":"Echo Form","floor":16.0},{"not_picked":["Beam Cell","Consume+1","Turbo"],"picked":"SKIP","floor":18.0},{"not_picked":["Chaos","Redo","BootSequence+1"],"picked":"SKIP","floor":19.0},{"not_picked":["Barrage+1","Go for the Eyes"],"picked":"Glacier+1","floor":20.0},{"not_picked":["Skim","Rip and Tear"],"picked":"Ball Lightning+1","floor":23.0},{"not_picked":["Rebound+1","Turbo","Seek"],"picked":"SKIP","floor":25.0},{"not_picked":["Cold Snap","Genetic Algorithm+1","Blizzard"],"picked":"SKIP","floor":27.0},{"not_picked":["Hologram","FTL","Sunder+1"],"picked":"SKIP","floor":29.0},{"not_picked":["Cold Snap","Blizzard+1"],"picked":"Defragment+1","floor":31.0},{"not_picked":["Double Energy","Compile Driver","Go for the Eyes"],"picked":"SKIP","floor":35.0},{"not_picked":["Auto Shields+1","Force Field+1","Conserve Battery"],"picked":"SKIP","floor":37.0},{"not_picked":["Steam Power+1","Rebound+1","Cold Snap+1"],"picked":"SKIP","floor":38.0},{"not_picked":["Skim","Self Repair","Leap+1"],"picked":"SKIP","floor":41.0},{"not_picked":["Genetic Algorithm","Sweeping Beam+1","Melter+1"],"picked":"SKIP","floor":42.0},{"not_picked":["Go for the Eyes","Force Field","Sweeping Beam+1"],"picked":"SKIP","floor":47}],"player_experience":824943,"relics_obtained":[{"floor":6.0,"key":"Ancient Tea Set"},{"floor":9.0,"key":"Smiling Mask"},{"floor":26.0,"key":"Anchor"},{"floor":46,"key":"Dead Branch"}],"event_choices":[{"damage_healed":0.0,"max_hp_gain":0.0,"max_hp_loss":0.0,"gold_gain":0.0,"event_name":"The Cleric","player_choice":"Leave","floor":2.0,"gold_loss":0.0,"damage_taken":0.0},{"damage_healed":0.0,"max_hp_gain":0.0,"max_hp_loss":0.0,"gold_gain":0.0,"event_name":"Scrap Ooze","player_choice":"Success","floor":5.0,"gold_loss":0.0,"damage_taken":12.0,"relics_obtained":["Blood Vial"]},{"damage_healed":0.0,"max_hp_gain":0.0,"max_hp_loss":0.0,"gold_gain":0.0,"event_name":"The Library","player_choice":"Read","floor":22.0,"gold_loss":0.0,"damage_taken":0.0,"cards_obtained":["Lockon"]},{"damage_healed":0.0,"max_hp_gain":0.0,"max_hp_loss":0.0,"gold_gain":0.0,"event_name":"The Mausoleum","player_choice":"Ignored","floor":30.0,"gold_loss":0.0,"damage_taken":0.0},{"damage_healed":0.0,"max_hp_gain":0.0,"max_hp_loss":0.0,"gold_gain":0.0,"event_name":"Tomb of Lord Red Mask","player_choice":"Ignored","floor":36.0,"gold_loss":0.0,"damage_taken":0.0},{"damage_healed":0,"gold_gain":0,"player_choice":"Fight","damage_taken":0,"max_hp_gain":0,"max_hp_loss":0,"event_name":"MindBloom","floor":46,"gold_loss":0},{"damage_healed":0,"gold_gain":0,"player_choice":"Memory 1","damage_taken":0,"max_hp_gain":0,"max_hp_loss":0,"event_name":"SensoryStone","floor":48,"gold_loss":0}],"is_beta":false,"boss_relics":[{"not_picked":["Eternal Feather","White Beast Statue"],"picked":"Cursed Key"},{"not_picked":["Runic Pyramid","Runic Dome"],"picked":"Tiny House"}],"items_purged_floors":[44],"is_endless":false,"potions_floor_spawned":[10,11,13,14,18,23,27,31,37,42,47],"ascension_level":0}