{"gold_per_floor":[217,231,231,243,243,243,263,263,263,276,276,290,320,332,332,429,479,497,497,517,517,313,313,373,373,373,400,413,72,72,86,86,186,186,186],"floor_reached":35,"playtime":1052,"items_purged":["Writhe"],"score":402,"play_id":"e5620aca-5367-4ddd-9618-55bed7854c1b","local_time":"20181229134944","is_ascension_mode":false,"campfire_choices":[{"data":"Zap","floor":6.0,"key":"SMITH"},{"data":"Go for the Eyes","floor":8.0,"key":"SMITH"},{"data":"Fusion","floor":15.0,"key":"SMITH"},{"data":"Defragment","floor":23.0,"key":"SMITH"},{"data":"Conserve Battery","floor":25,"key":"SMITH"},{"data":"Rainbow","floor":30,"key":"SMITH"},{"data":"Capacitor","floor":32,"key":"SMITH"}],"neow_cost":"NONE","seed_source_timestamp":410429966975962,"circlet_count":0,"master_deck":["Strike_B","Strike_B+1","Strike_B","Defend_B","Defend_B","Defend_B","Defend_B","Zap+1","Dualcast+1","Conserve Battery+1","Go for the Eyes+1","Ball Lightning","Chill","Ball Lightning","Fusion+1","Auto Shields","Defragment+1","BootSequence","Glacier","Stack","Stack+1","Rainbow+1","Capacitor+1"],"special_seed":0,"relics":["FrozenCore","Strawberry","Letter Opener","Tiny House","Calipers","Tiny Chest","Mango","Oddly Smooth Stone","Runic Capacitor"],"potions_floor_usage":[],"damage_taken":[{"damage":5.0,"enemies":"Small Slimes","floor":1.0,"turns":3.0},{"damage":0.0,"enemies":"2 Louse","floor":2.0,"turns":2.0},{"damage":0.0,"enemies":"Cultist","floor":4.0,"turns":3.0},{"damage":0.0,"enemies":"Looter","floor":7.0,"turns":3.0},{"damage":0.0,"enemies":"Large Slime","floor":10.0,"turns":4.0},{"damage":0.0,"enemies":"Blue Slaver","floor":12.0,"turns":3.0},{"damage":6.0,"enemies":"3 Sentries","floor":13.0,"turns":7.0},{"damage":1.0,"enemies":"Red Slaver","floor":14.0,"turns":2.0},{"damage":46.0,"enemies":"Hexaghost","floor":16.0,"turns":10.0},{"damage":5.0,"enemies":"Chosen","floor":18.0,"turns":4.0},{"damage":10.0,"enemies":"Shell Parasite","floor":20.0,"turns":6.0},{"damage":19.0,"enemies":"Gremlin Leader","floor":24.0,"turns":11.0},{"damage":0,"enemies":"3 Cultists","floor":28,"turns":6},{"damage":0,"enemies":"Centurion and Healer","floor":31,"turns":8},{"damage":5,"enemies":"Collector","floor":33,"turns":11},{"damage":0,"enemies":"3 Darklings","floor":35,"turns":1}],"seed_played":"3680887250276100967","potions_obtained":[{"floor":2.0,"key":"Ancient Potion"},{"floor":12.0,"key":"LiquidBronze"},{"floor":13.0,"key":"SteroidPotion"},{"floor":14.0,"key":"Poison Potion"},{"floor":18.0,"key":"Regen Potion"}],"is_trial":false,"path_per_floor":["M","M","?","M","$","R","M","R","T","M","?","M","E","M","R","B",null,"M","?","M","?","$","R","E","R","T","T","M","$","R","M","R","B",null,"M"],"character_chosen":"DEFECT","items_purchased":["Glacier","Stack","Runic Capacitor","Rainbow","Capacitor"],"campfire_rested":0,"item_purchase_floors":[22,22,29,29,29],"current_hp_per_floor":[70,70,70,70,70,70,70,70,77,77,77,77,71,70,70,24,87,82,82,72,72,72,72,53,53,67,67,67,67,67,67,67,62,101,101],"gold":186,"neow_bonus":"HUNDRED_GOLD","is_prod":false,"is_daily":false,"chose_seed":false,"campfire_upgraded":7,"win_rate":0,"timestamp":1546091384,"path_taken":["M","M","?","M","$","R","M","R","T","M","?","?","E","M","R","BOSS","M","?","M","?","$","R","E","R","T","?","?","$","R","M","R","BOSS","M"],"build_version":"2018-12-20","purchased_purges":1,"victory":false,"max_hp_per_floor":[75,75,75,75,75,75,75,75,82,82,82,82,82,82,82,82,87,87,87,87,87,87,87,87,87,101,101,101,101,101,101,101,101,101,101],"card_choices":[{"not_picked":["Streamline","Sweeping Beam"],"picked":"Conserve Battery","floor":1.0},{"not_picked":["Self Repair","Compile Driver"],"picked":"Go for the Eyes","floor":2.0},{"not_picked":["Compile Driver","Recycle"],"picked":"Ball Lightning","floor":4.0},{"not_picked":["Rip and Tear","Gash"],"picked":"Chill","floor":7.0},{"not_picked":["Sweeping Beam","Go for the Eyes"],"picked":"Ball Lightning","floor":10.0},{"not_picked":["Ball Lightning","Force Field"],"picked":"Auto Shields","floor":12.0},{"not_picked":["Sweeping Beam","Fusion","Meteor Strike"],"picked":"SKIP","floor":13.0},{"not_picked":["Darkness","Redo","Streamline"],"picked":"SKIP","floor":14.0},{"not_picked":["Barrage","Self Repair"],"picked":"Defragment","floor":17.0},{"not_picked":["Barrage","Beam Cell","Recycle"],"picked":"SKIP","floor":18.0},{"not_picked":["Ball Lightning","Force Field+1"],"picked":"BootSequence","floor":20.0},{"not_picked":["Reprogram","Streamline","Heatsinks+1"],"picked":"SKIP","floor":24.0},{"not_picked":["Barrage+1","Go for the Eyes"],"picked":"Stack+1","floor":28},{"not_picked":["Compile Driver","Core Surge","Self Repair"],"picked":"SKIP","floor":31}],"player_experience":923618,"relics_obtained":[{"floor":9.0,"key":"Strawberry"},{"floor":13.0,"key":"Letter Opener"},{"floor":24.0,"key":"Tiny Chest"},{"floor":26,"key":"Mango"},{"floor":27,"key":"Oddly Smooth Stone"}],"event_choices":[{"damage_healed":0.0,"max_hp_gain":0.0,"max_hp_loss":0.0,"gold_gain":0.0,"event_name":"Living Wall","player_choice":"Grow","floor":3.0,"gold_loss":0.0,"damage_taken":0.0,"cards_upgraded":["Dualcast"]},{"damage_healed":0.0,"max_hp_gain":0.0,"max_hp_loss":0.0,"gold_gain":0.0,"cards_transformed":["Strike_B"],"event_name":"Transmorgrifier","player_choice":"Transformed","floor":11.0,"gold_loss":0.0,"damage_taken":0.0,"cards_obtained":["Fusion"]},{"damage_healed":0.0,"max_hp_gain":0.0,"max_hp_loss":0.0,"gold_gain":0.0,"event_name":"The Mausoleum","player_choice":"Opened","floor":19.0,"gold_loss":0.0,"damage_taken":0.0,"relics_obtained":["Calipers"],"cards_obtained":["Writhe"]},{"damage_healed":0.0,"max_hp_gain":0.0,"max_hp_loss":0.0,"gold_gain":0.0,"event_name":"Ghosts","player_choice":"Ignored","floor":21.0,"gold_loss":0.0,"damage_taken":0.0}],"is_beta":false,"boss_relics":[{"not_picked":["Nuclear Battery","Black Star"],"picked":"Tiny House"},{"not_picked":["Inserter","Fusion Hammer"],"picked":"FrozenCore"}],"items_purged_floors":[22],"is_endless":false,"potions_floor_spawned":[2,12,13,14,18,24],"killed_by":"3 Darklings","ascension_level":0}