{"gold_per_floor":[113,124,140,9,9,9,0,32,85,97,144,156,178,190,202,309,321,347,259,284,284,284,284,314,334,360,360,390,390,390,401,401,401],"floor_reached":33,"playtime":2506,"items_purged":["Strike_G","Strike_G"],"score":616,"play_id":"b75ffc15-d89a-498f-bcd1-ea7a2669e320","local_time":"20190203084327","is_ascension_mode":true,"campfire_choices":[{"data":"Neutralize","floor":6.0,"key":"SMITH"},{"data":"Sucker Punch","floor":12.0,"key":"SMITH"},{"floor":15.0,"key":"REST"},{"data":"Adrenaline","floor":23.0,"key":"SMITH"},{"data":"Acrobatics","floor":27,"key":"SMITH"},{"floor":30,"key":"REST"},{"floor":32,"key":"REST"}],"neow_cost":"NONE","seed_source_timestamp":0,"circlet_count":0,"master_deck":["AscendersBane","Defend_G","Defend_G","Defend_G+1","Defend_G","Defend_G","Strike_G+1","Strike_G","Strike_G","Survivor","Neutralize+1","Deadly Poison","Sucker Punch+1","Deadly Poison","Noxious Fumes+1","Adrenaline+1","Dagger Spray","PiercingWail","Acrobatics+1","Backstab","Dash","PiercingWail"],"special_seed":0,"relics":["Ring of the Snake","Happy Flower","MawBank","Regal Pillow","Bloody Idol","Velvet Choker","Art of War","Mango","Dream Catcher","Vajra"],"potions_floor_usage":[28,28,33],"damage_taken":[{"damage":0.0,"enemies":"2 Louse","floor":1.0,"turns":4.0},{"damage":0.0,"enemies":"Cultist","floor":2.0,"turns":4.0},{"damage":1.0,"enemies":"Small Slimes","floor":3.0,"turns":3.0},{"damage":0.0,"enemies":"Looter","floor":7.0,"turns":4.0},{"damage":0.0,"enemies":"Lagavulin","floor":8.0,"turns":8.0},{"damage":24.0,"enemies":"Gremlin Nob","floor":11.0,"turns":4.0},{"damage":17.0,"enemies":"Exordium Wildlife","floor":13.0,"turns":5.0},{"damage":18.0,"enemies":"The Guardian","floor":16.0,"turns":9.0},{"damage":17.0,"enemies":"Chosen","floor":18.0,"turns":5.0},{"damage":10.0,"enemies":"Spheric Guardian","floor":20.0,"turns":4.0},{"damage":32.0,"enemies":"Book of Stabbing","floor":24.0,"turns":6.0},{"damage":9,"enemies":"Snecko","floor":25,"turns":6},{"damage":17,"enemies":"Gremlin Leader","floor":28,"turns":7},{"damage":8,"enemies":"Centurion and Healer","floor":31,"turns":6},{"damage":83,"enemies":"Champ","floor":33,"turns":12}],"seed_played":"-7944500812062442512","potions_obtained":[{"floor":2.0,"key":"Regen Potion"},{"floor":11.0,"key":"FearPotion"},{"floor":13.0,"key":"Weak Potion"},{"floor":18.0,"key":"Regen Potion"},{"floor":24.0,"key":"Block Potion"},{"floor":25,"key":"GhostInAJar"},{"floor":28,"key":"Poison Potion"}],"is_trial":false,"path_per_floor":["M","M","M","$","?","R","M","E","T","?","E","R","M","?","R","B",null,"M","$","M","?","T","R","E","M","T","R","E","?","R","M","R","B"],"character_chosen":"THE_SILENT","items_purchased":["Block Potion"],"campfire_rested":3,"item_purchase_floors":[4],"current_hp_per_floor":[65,65,64,64,42,42,56,56,56,56,32,32,15,15,49,31,57,40,40,44,44,44,44,31,27,32,32,20,11,49,46,79,0],"gold":401,"neow_bonus":"TEN_PERCENT_HP_BONUS","is_prod":false,"is_daily":false,"chose_seed":false,"campfire_upgraded":4,"win_rate":0,"timestamp":1549179807,"path_taken":["M","M","M","$","?","R","M","E","T","?","E","R","?","?","R","BOSS","M","$","M","?","?","R","E","M","T","R","E","?","R","M","R","BOSS"],"build_version":"2019-01-23","purchased_purges":2,"victory":false,"max_hp_per_floor":[72,72,72,72,72,72,72,72,72,72,72,72,72,65,65,65,65,65,65,65,65,65,65,79,79,79,79,79,79,79,79,79,79],"card_choices":[{"not_picked":["Blade Dance","Concentrate"],"picked":"Deadly Poison","floor":1.0},{"not_picked":["Slice","Underhanded Strike"],"picked":"Sucker Punch","floor":2.0},{"not_picked":["Underhanded Strike","Flechettes"],"picked":"Deadly Poison","floor":3.0},{"not_picked":["Dagger Throw","Flying Knee"],"picked":"Noxious Fumes","floor":7.0},{"not_picked":["Deadly Poison","Prepared","Accuracy"],"picked":"SKIP","floor":8.0},{"not_picked":["Acrobatics","Quick Slash"],"picked":"Adrenaline","floor":11.0},{"not_picked":["Noxious Fumes","Deflect"],"picked":"Dagger Spray","floor":13.0},{"not_picked":["Predator","Caltrops","Deflect"],"picked":"SKIP","floor":18.0},{"not_picked":["Predator","Reflex"],"picked":"PiercingWail","floor":20.0},{"not_picked":["Sucker Punch+1","Endless Agony","Deflect"],"picked":"SKIP","floor":24.0},{"not_picked":["Outmaneuver","Slice+1"],"picked":"Acrobatics","floor":25},{"not_picked":["Night Terror","Finisher"],"picked":"Backstab","floor":28},{"not_picked":["Poisoned Stab+1","PiercingWail"],"picked":"Dash","floor":30},{"not_picked":["Deflect","Sucker Punch"],"picked":"PiercingWail","floor":31}],"player_experience":360069,"relics_obtained":[{"floor":8.0,"key":"Happy Flower"},{"floor":9.0,"key":"MawBank"},{"floor":11.0,"key":"Regal Pillow"},{"floor":22.0,"key":"Art of War"},{"floor":24.0,"key":"Mango"},{"floor":26,"key":"Dream Catcher"},{"floor":28,"key":"Vajra"}],"event_choices":[{"damage_healed":0.0,"max_hp_gain":0.0,"max_hp_loss":0.0,"gold_gain":0.0,"event_name":"Shining Light","player_choice":"Entered Light","floor":5.0,"gold_loss":0.0,"damage_taken":22.0,"cards_upgraded":["Defend_G","Strike_G"]},{"damage_healed":0.0,"max_hp_gain":0.0,"max_hp_loss":0.0,"gold_gain":0.0,"event_name":"Accursed Blacksmith","player_choice":"Forge","floor":10.0,"gold_loss":0.0,"damage_taken":0.0,"cards_upgraded":["Noxious Fumes"]},{"damage_healed":0.0,"max_hp_gain":0.0,"max_hp_loss":7.0,"gold_gain":0.0,"event_name":"Golden Idol","player_choice":"Lose Max HP","floor":14.0,"gold_loss":0.0,"damage_taken":0.0,"relics_obtained":["Golden Idol"]},{"damage_healed":0.0,"max_hp_gain":0.0,"max_hp_loss":0.0,"gold_gain":0.0,"event_name":"Forgotten Altar","player_choice":"Gave Idol","floor":21.0,"relics_lost":["Golden Idol"],"gold_loss":0.0,"damage_taken":0.0,"relics_obtained":["Bloody Idol"]},{"damage_healed":0,"gold_gain":0,"player_choice":"Stopped","damage_taken":9,"max_hp_gain":0,"max_hp_loss":0,"event_name":"Cursed Tome","floor":29,"gold_loss":0}],"is_beta":false,"boss_relics":[{"not_picked":["Empty Cage","Lizard Tail"],"picked":"Velvet Choker"}],"items_purged_floors":[4,19],"is_endless":false,"potions_floor_spawned":[2,11,13,18,24,25,28],"killed_by":"Champ","ascension_level":19}