{"gold_per_floor":[20,33,46,46,61,61,81,108,108,135,210,210,210,221,221,319,319,337,283,283,302,315,315,325,325,325,343,343,343,372,383,383,488,488,499,514,514,262,262,262,162,162,162,179,196,207,207,219,219,219],"floor_reached":50,"playtime":2278,"items_purged":["Doubt","Strike_G"],"score":476,"play_id":"f15ee2ec-b236-4206-b842-6522828ac0e8","local_time":"20190125012748","is_ascension_mode":false,"campfire_choices":[{"data":"Neutralize","floor":6,"key":"SMITH"},{"floor":12,"key":"REST"},{"data":"Sucker Punch","floor":15,"key":"SMITH"},{"data":"Dagger Spray","floor":23,"key":"SMITH"},{"floor":29,"key":"REST"},{"floor":32,"key":"REST"},{"data":"Sadistic Nature","floor":40,"key":"SMITH"},{"data":"Strike_G","floor":42,"key":"PURGE"},{"data":"Pain","floor":47,"key":"PURGE"},{"floor":49,"key":"REST"}],"neow_cost":"NO_GOLD","seed_source_timestamp":360841555169002,"circlet_count":0,"master_deck":["Defend_G","Defend_G","Defend_G","Defend_G","Strike_G","Strike_G","Strike_G","Survivor+1","Neutralize+1","Quick Slash","Quick Slash","Masterful Stab","Caltrops","Cloak And Dagger","Sucker Punch+1","Tools of the Trade","Sucker Punch","Dagger Spray+1","Backflip","Acrobatics+1","Dash","Quick Slash","Underhanded Strike+1","Deflect+1","Crippling Poison","Burst","Flying Knee","Cloak And Dagger","Sadistic Nature+1","Dagger Spray+1","Parasite","Crippling Poison","Dash+1"],"relics":["Ring of the Snake","Peace Pipe","Blood Vial","Mango","Paper Crane","Cursed Key","Thread and Needle","Vajra","Bottled Tornado","Philosopher\u0027s Stone","Ninja Scroll"],"potions_floor_usage":[10,16,16,33,33,33,50,50,50],"damage_taken":[{"damage":0,"enemies":"Small Slimes","floor":1,"turns":3},{"damage":0,"enemies":"2 Louse","floor":2,"turns":4},{"damage":0,"enemies":"Jaw Worm","floor":3,"turns":6},{"damage":8,"enemies":"2 Fungi Beasts","floor":5,"turns":4},{"damage":0,"enemies":"Exordium Thugs","floor":7,"turns":4},{"damage":18,"enemies":"Gremlin Nob","floor":8,"turns":4},{"damage":26,"enemies":"Lagavulin","floor":10,"turns":4},{"damage":11,"enemies":"3 Louse","floor":14,"turns":3},{"damage":43,"enemies":"Hexaghost","floor":16,"turns":11},{"damage":0,"enemies":"Chosen","floor":18,"turns":5},{"damage":21,"enemies":"Spheric Guardian","floor":21,"turns":5},{"damage":31,"enemies":"Snake Plant","floor":22,"turns":4},{"damage":18,"enemies":"Centurion and Healer","floor":24,"turns":6},{"damage":0,"enemies":"Snecko","floor":27,"turns":3},{"damage":9,"enemies":"Book of Stabbing","floor":30,"turns":6},{"damage":6,"enemies":"Shelled Parasite and Fungi","floor":31,"turns":6},{"damage":18,"enemies":"Collector","floor":33,"turns":13},{"damage":1,"enemies":"Orb Walker","floor":35,"turns":4},{"damage":1,"enemies":"3 Shapes","floor":36,"turns":2},{"damage":14,"enemies":"3 Darklings","floor":44,"turns":4},{"damage":8,"enemies":"Writhing Mass","floor":45,"turns":8},{"damage":28,"enemies":"Spire Growth","floor":46,"turns":6},{"damage":16,"enemies":"Sphere and 2 Shapes","floor":48,"turns":6},{"damage":51,"enemies":"Donu and Deca","floor":50,"turns":8}],"seed_played":"-835829921875295464","potions_obtained":[{"floor":3,"key":"FearPotion"},{"floor":7,"key":"FearPotion"},{"floor":14,"key":"Poison Potion"},{"floor":16,"key":"Strength Potion"},{"floor":21,"key":"GhostInAJar"},{"floor":27,"key":"Explosive Potion"},{"floor":30,"key":"Dexterity Potion"},{"floor":33,"key":"EssenceOfSteel"},{"floor":36,"key":"PowerPotion"},{"floor":45,"key":"Block Potion"}],"is_trial":false,"path_per_floor":["M","M","M","?","M","R","M","E","T","E","?","R","?","M","R","B",null,"M","$","?","M","M","R","M","?","T","M","?","R","E","M","R","B",null,"M","M","?","$","?","R","$","R","T","M","M","M","R","M","R","B"],"character_chosen":"THE_SILENT","items_purchased":["Dagger Spray","Sadistic Nature"],"campfire_rested":4,"item_purchase_floors":[19,38],"current_hp_per_floor":[70,70,70,70,62,62,62,44,58,34,23,48,76,67,67,26,84,84,84,84,63,34,34,18,18,18,20,25,50,43,39,64,48,84,83,83,83,83,83,83,83,83,83,70,64,38,38,24,49,0],"gold":219,"neow_bonus":"ONE_RARE_RELIC","is_prod":false,"is_daily":false,"chose_seed":false,"campfire_upgraded":4,"win_rate":0,"timestamp":1548350868,"path_taken":["M","M","M","?","M","R","M","E","T","E","?","R","?","M","R","BOSS","M","$","?","M","M","R","M","?","T","?","?","R","E","M","R","BOSS","M","M","?","$","?","R","?","R","T","M","M","M","R","?","R","BOSS"],"build_version":"2019-01-23","purchased_purges":2,"victory":false,"max_hp_per_floor":[70,70,70,70,70,70,70,70,84,84,84,84,84,84,84,84,84,84,84,84,84,84,84,84,84,84,84,84,84,84,84,84,84,84,84,84,84,84,84,84,84,84,84,84,84,84,84,84,84,84],"card_choices":[{"not_picked":["Blade Dance","Bouncing Flask"],"picked":"Quick Slash","floor":1},{"not_picked":["Poisoned Stab","Concentrate","Deflect"],"picked":"SKIP","floor":2},{"not_picked":["Slice","Sucker Punch"],"picked":"Quick Slash","floor":3},{"not_picked":["Calculated Gamble","Deadly Poison"],"picked":"Masterful Stab","floor":5},{"not_picked":["All Out Attack","PiercingWail"],"picked":"Caltrops","floor":7},{"not_picked":["Bane","Poisoned Stab"],"picked":"Acrobatics","floor":8},{"not_picked":["Night Terror","Accuracy"],"picked":"Cloak And Dagger","floor":10},{"not_picked":["Deflect","Terror"],"picked":"Sucker Punch","floor":14},{"not_picked":["Burst","Night Terror"],"picked":"Tools of the Trade","floor":16},{"not_picked":["Blade Dance","PiercingWail"],"picked":"Sucker Punch","floor":18},{"not_picked":["Prepared","Deadly Poison"],"picked":"Acrobatics+1","floor":21},{"not_picked":["Dodge and Roll","Sucker Punch"],"picked":"Dash","floor":22},{"not_picked":["Poisoned Stab","Prepared+1"],"picked":"Quick Slash","floor":24},{"not_picked":["Blade Dance","Catalyst+1"],"picked":"Underhanded Strike+1","floor":27},{"not_picked":["Riddle With Holes","Prepared+1"],"picked":"Deflect+1","floor":30},{"not_picked":["Finisher","Well Laid Plans"],"picked":"Crippling Poison","floor":31},{"not_picked":["Night Terror","Phantasmal Killer"],"picked":"Burst","floor":33},{"not_picked":["Blade Dance+1","Predator"],"picked":"Flying Knee","floor":35},{"not_picked":["Outmaneuver+1","Flying Knee"],"picked":"Cloak And Dagger","floor":36},{"not_picked":["PiercingWail+1","Distraction+1"],"picked":"Dagger Spray+1","floor":44},{"not_picked":["PiercingWail","Bane"],"picked":"Crippling Poison","floor":45},{"not_picked":["Bane","Cloak And Dagger+1","Acrobatics"],"picked":"SKIP","floor":46},{"not_picked":["Backflip+1","Skewer"],"picked":"Dash+1","floor":48}],"player_experience":138357,"relics_obtained":[{"floor":8,"key":"Blood Vial"},{"floor":9,"key":"Mango"},{"floor":10,"key":"Paper Crane"},{"floor":26,"key":"Vajra"},{"floor":30,"key":"Bottled Tornado"},{"floor":43,"key":"Ninja Scroll"}],"event_choices":[{"damage_healed":0,"gold_gain":0,"player_choice":"Grow","damage_taken":0,"max_hp_gain":0,"max_hp_loss":0,"event_name":"Living Wall","floor":4,"gold_loss":0,"cards_upgraded":["Survivor"]},{"damage_healed":0,"gold_gain":75,"player_choice":"Gather Gold","damage_taken":11,"max_hp_gain":0,"max_hp_loss":0,"event_name":"World of Goop","floor":11,"gold_loss":0},{"damage_healed":28,"gold_gain":0,"player_choice":"Banana","damage_taken":0,"max_hp_gain":0,"max_hp_loss":0,"event_name":"Big Fish","floor":13,"gold_loss":0},{"damage_healed":0,"gold_gain":0,"player_choice":"Read","damage_taken":0,"max_hp_gain":0,"max_hp_loss":0,"event_name":"The Library","floor":20,"gold_loss":0,"cards_obtained":["Backflip"]},{"damage_healed":0,"gold_gain":0,"player_choice":"Opened","damage_taken":0,"relics_obtained":["Thread and Needle"],"max_hp_gain":0,"max_hp_loss":0,"event_name":"The Mausoleum","floor":25,"gold_loss":0},{"cards_removed":["Acrobatics"],"damage_healed":5,"gold_gain":0,"player_choice":"Offered Common","damage_taken":0,"max_hp_gain":0,"max_hp_loss":0,"event_name":"Bonfire Elementals","floor":28,"gold_loss":0},{"cards_removed":["Acrobatics"],"damage_healed":5,"gold_gain":0,"player_choice":"Offered Special","damage_taken":0,"max_hp_gain":0,"max_hp_loss":0,"event_name":"Bonfire Elementals","floor":28,"gold_loss":0},{"cards_removed":["Defend_G"],"damage_healed":0,"gold_gain":0,"player_choice":"Removed Skill","damage_taken":0,"max_hp_gain":0,"max_hp_loss":0,"event_name":"Falling","floor":37,"gold_loss":0},{"damage_healed":0,"gold_gain":0,"player_choice":"Ignored","damage_taken":0,"max_hp_gain":0,"max_hp_loss":0,"event_name":"Tomb of Lord Red Mask","floor":39,"gold_loss":0}],"is_beta":false,"boss_relics":[{"not_picked":["Runic Pyramid","White Beast Statue"],"picked":"Cursed Key"},{"not_picked":["Calling Bell","HoveringKite"],"picked":"Philosopher\u0027s Stone"}],"items_purged_floors":[38,41],"is_endless":false,"potions_floor_spawned":[3,7,14,16,21,27,30,33,36,45],"killed_by":"Donu and Deca","ascension_level":0}