{"gold_per_floor":[112,37,67,67,81,81,113,113,139,157,191,191,205,221,221,296,296,306,306,338,132,145,145,173,192,192,219,229,229,7,17,17,17],"floor_reached":33,"playtime":5028,"items_purged":["Strike_G"],"score":640,"play_id":"511ed92c-b490-4fe8-a5cf-d6d4a2826ebf","local_time":"20181229175459","is_ascension_mode":true,"campfire_choices":[{"data":"Skewer","floor":6.0,"key":"SMITH"},{"data":"Poisoned Stab","floor":8.0,"key":"SMITH"},{"data":"Footwork","floor":15.0,"key":"SMITH"},{"floor":23,"key":"REST"},{"data":"Neutralize","floor":29,"key":"SMITH"},{"data":"Terror","floor":32,"key":"SMITH"}],"neow_cost":"NONE","seed_source_timestamp":1059986213899676,"circlet_count":0,"master_deck":["AscendersBane","Defend_G","Defend_G","Defend_G","Defend_G","Defend_G","Strike_G","Strike_G","Survivor","Neutralize+1","Skewer+1","Poisoned Stab+1","Terror+1","Glass Knife","Dagger Spray+1","Escape Plan","Footwork+1","Adrenaline","RitualDagger+1","Dodge and Roll+1","Well Laid Plans","PiercingWail"],"special_seed":0,"relics":["Ring of the Snake","NeowsBlessing","Tiny Chest","Boot","Oddly Smooth Stone","Ninja Scroll","Mercury Hourglass","Velvet Choker","Red Mask","Whetstone","Thread and Needle","Ornamental Fan","Toy Ornithopter"],"potions_floor_usage":[20,24,33,33],"damage_taken":[{"damage":0.0,"enemies":"Cultist","floor":1.0,"turns":1.0},{"damage":0.0,"enemies":"Small Slimes","floor":5.0,"turns":1.0},{"damage":0.0,"enemies":"3 Sentries","floor":7.0,"turns":1.0},{"damage":0.0,"enemies":"Jaw Worm","floor":10.0,"turns":2.0},{"damage":8.0,"enemies":"Gremlin Nob","floor":11.0,"turns":3.0},{"damage":0.0,"enemies":"Looter","floor":13.0,"turns":2.0},{"damage":0.0,"enemies":"2 Fungi Beasts","floor":14.0,"turns":1.0},{"damage":3.0,"enemies":"Hexaghost","floor":16.0,"turns":9.0},{"damage":12.0,"enemies":"2 Thieves","floor":18.0,"turns":3.0},{"damage":3,"enemies":"Masked Bandits","floor":20,"turns":3},{"damage":0,"enemies":"Chosen","floor":22,"turns":3},{"damage":4,"enemies":"Gremlin Leader","floor":24,"turns":4},{"damage":2,"enemies":"Centurion and Healer","floor":25,"turns":4},{"damage":8,"enemies":"Book of Stabbing","floor":27,"turns":4},{"damage":4,"enemies":"Snake Plant","floor":28,"turns":3},{"damage":0,"enemies":"3 Cultists","floor":31,"turns":4},{"damage":62,"enemies":"Champ","floor":33,"turns":16}],"seed_played":"-8791418239744519601","potions_obtained":[{"floor":1.0,"key":"Strength Potion"},{"floor":5.0,"key":"Explosive Potion"},{"floor":14.0,"key":"Energy Potion"},{"floor":16.0,"key":"SkillPotion"},{"floor":18.0,"key":"Energy Potion"},{"floor":25,"key":"GhostInAJar"},{"floor":27,"key":"Dexterity Potion"}],"is_trial":false,"path_per_floor":["M","?","?","?","M","R","E","R","T","M","E","T","M","M","R","B",null,"M","?","?","$","M","R","E","M","T","E","M","R","$","M","R","B"],"character_chosen":"THE_SILENT","items_purchased":["Well Laid Plans","Energy Potion","Toy Ornithopter"],"campfire_rested":1,"item_purchase_floors":[21,21,30],"current_hp_per_floor":[59,59,48,48,48,48,48,48,48,48,40,40,40,40,40,37,59,47,41,38,38,38,57,53,51,51,43,39,39,39,39,39,0],"gold":17,"neow_bonus":"THREE_ENEMY_KILL","is_prod":false,"is_daily":false,"chose_seed":false,"campfire_upgraded":5,"win_rate":0,"timestamp":1546134899,"path_taken":["M","?","?","?","?","R","E","R","T","M","E","?","M","M","R","BOSS","M","?","?","$","M","R","E","M","T","E","M","R","?","M","R","BOSS"],"build_version":"2018-12-20","purchased_purges":1,"victory":false,"max_hp_per_floor":[66,66,66,66,66,66,66,66,66,66,66,66,66,66,66,66,66,66,66,66,66,66,66,66,66,66,66,66,66,66,66,66,66],"card_choices":[{"not_picked":["Expertise","Infinite Blades"],"picked":"Skewer","floor":1.0},{"not_picked":["Dagger Throw","Tactician"],"picked":"Poisoned Stab","floor":5.0},{"not_picked":["Outmaneuver","Flying Knee"],"picked":"Terror","floor":7.0},{"not_picked":["All Out Attack","Skewer"],"picked":"Glass Knife","floor":10.0},{"not_picked":["Outmaneuver","Quick Slash"],"picked":"Dagger Spray","floor":11.0},{"not_picked":["PiercingWail","Burst"],"picked":"Escape Plan","floor":13.0},{"not_picked":["Deadly Poison","Caltrops"],"picked":"Footwork","floor":14.0},{"not_picked":["Wraith Form v2","A Thousand Cuts"],"picked":"Adrenaline","floor":16.0},{"not_picked":["Concentrate+1","Deadly Poison","Slice"],"picked":"SKIP","floor":18.0},{"not_picked":["Slice","Expertise"],"picked":"Dodge and Roll+1","floor":20},{"not_picked":["Dagger Throw","Blur","Prepared"],"picked":"SKIP","floor":22},{"not_picked":["Distraction","Underhanded Strike","Eviscerate"],"picked":"SKIP","floor":24},{"not_picked":["Distraction","Underhanded Strike","Eviscerate"],"picked":"SKIP","floor":24},{"not_picked":["Quick Slash","Flechettes","Setup"],"picked":"SKIP","floor":25},{"not_picked":["Prepared","Flying Knee","Backstab+1"],"picked":"SKIP","floor":27},{"not_picked":["Bane","Poisoned Stab"],"picked":"PiercingWail","floor":28},{"not_picked":["Concentrate","Outmaneuver","Catalyst+1"],"picked":"SKIP","floor":31}],"player_experience":262902,"relics_obtained":[{"floor":7.0,"key":"Boot"},{"floor":9.0,"key":"Oddly Smooth Stone"},{"floor":11.0,"key":"Ninja Scroll"},{"floor":12.0,"key":"Mercury Hourglass"},{"floor":20,"key":"Red Mask"},{"floor":24,"key":"Whetstone"},{"floor":26,"key":"Thread and Needle"},{"floor":27,"key":"Ornamental Fan"}],"event_choices":[{"cards_removed":["Strike_G"],"damage_healed":0.0,"max_hp_gain":0.0,"max_hp_loss":0.0,"gold_gain":0.0,"event_name":"The Cleric","player_choice":"Card Removal","floor":2.0,"gold_loss":75.0,"damage_taken":0.0},{"damage_healed":0.0,"max_hp_gain":0.0,"max_hp_loss":0.0,"gold_gain":0.0,"event_name":"Scrap Ooze","player_choice":"Success","floor":3.0,"gold_loss":0.0,"damage_taken":11.0,"relics_obtained":["Tiny Chest"]},{"cards_removed":["Strike_G"],"damage_healed":0.0,"max_hp_gain":0.0,"max_hp_loss":0.0,"gold_gain":0.0,"event_name":"Bonfire Elementals","player_choice":"Offered Basic","floor":4.0,"gold_loss":0.0,"damage_taken":0.0},{"damage_healed":0.0,"max_hp_gain":0.0,"max_hp_loss":0.0,"gold_gain":0.0,"event_name":"Nest","player_choice":"Joined the Cult","floor":19.0,"gold_loss":0.0,"damage_taken":6.0,"cards_obtained":["RitualDagger"]},{"damage_healed":0,"gold_gain":0,"player_choice":"Fought Bandits","damage_taken":0,"max_hp_gain":0,"max_hp_loss":0,"event_name":"Masked Bandits","floor":20,"gold_loss":0}],"is_beta":false,"boss_relics":[{"not_picked":["Runic Dome","White Beast Statue"],"picked":"Velvet Choker"}],"items_purged_floors":[21],"is_endless":false,"potions_floor_spawned":[1,5,14,16,18,25,27],"killed_by":"Champ","ascension_level":20}