{"gold_per_floor":[109,8,8,25,45,45,73,91,91,17,17,37,37,69,69,69],"floor_reached":16,"playtime":1432,"items_purged":[],"score":176,"play_id":"f475939e-ec54-4ac2-aded-fabef98829de","local_time":"20190201100158","is_ascension_mode":true,"campfire_choices":[{"data":"Bash","floor":6,"key":"SMITH"},{"floor":13,"key":"REST"},{"data":"Shockwave","floor":15,"key":"SMITH"}],"neow_cost":"NONE","seed_source_timestamp":384029428551100,"circlet_count":0,"master_deck":["AscendersBane","Strike_R","Strike_R","Strike_R","Strike_R","Defend_R","Defend_R","Defend_R","Defend_R","Bash+1","Iron Wave","Headbutt","True Grit","Flame Barrier","Heavy Blade","Shockwave+1","Ghostly Armor","Parasite","Shrug It Off"],"relics":["Burning Blood","Mummified Hand","Bottled Flame","Pantograph","Lantern"],"potions_floor_usage":[5,8],"damage_taken":[{"damage":11,"enemies":"2 Louse","floor":1,"turns":4},{"damage":6,"enemies":"Cultist","floor":4,"turns":4},{"damage":4,"enemies":"Small Slimes","floor":5,"turns":4},{"damage":66,"enemies":"Lagavulin","floor":7,"turns":12},{"damage":4,"enemies":"Looter","floor":8,"turns":3},{"damage":10,"enemies":"Blue Slaver","floor":12,"turns":4},{"damage":21,"enemies":"Gremlin Nob","floor":14,"turns":5},{"damage":66,"enemies":"Hexaghost","floor":16,"turns":11}],"seed_played":"-4325115893383031066","potions_obtained":[{"floor":1,"key":"GamblersBrew"},{"floor":7,"key":"Poison Potion"}],"is_trial":false,"path_per_floor":["M","$","?","M","M","R","E","M","T","$","?","M","R","E","R","B"],"character_chosen":"IRONCLAD","items_purchased":["Headbutt","AttackPotion","Ghostly Armor"],"campfire_rested":1,"item_purchase_floors":[2,2,10],"current_hp_per_floor":[67,67,67,67,69,69,9,11,11,11,31,27,51,36,36,0],"gold":69,"neow_bonus":"TRANSFORM_CARD","is_prod":false,"is_daily":false,"chose_seed":false,"campfire_upgraded":2,"win_rate":0,"timestamp":1549011718,"path_taken":["M","$","?","M","M","R","E","M","T","?","?","M","R","E","R","BOSS"],"build_version":"2019-01-23","purchased_purges":0,"victory":false,"max_hp_per_floor":[80,80,80,80,80,80,80,80,80,80,80,80,80,80,80,80],"card_choices":[{"not_picked":["Warcry","Reckless Charge","Clash"],"picked":"SKIP","floor":1},{"not_picked":["Power Through","Warcry"],"picked":"True Grit","floor":4},{"not_picked":["Havoc","Rupture"],"picked":"Flame Barrier","floor":5},{"not_picked":["Warcry","Clothesline"],"picked":"Heavy Blade","floor":7},{"not_picked":["Ghostly Armor","Perfected Strike"],"picked":"Shockwave","floor":8},{"not_picked":["Warcry","Flex","Headbutt"],"picked":"SKIP","floor":12},{"not_picked":["Twin Strike","Dropkick"],"picked":"Shrug It Off","floor":14}],"player_experience":249142,"relics_obtained":[{"floor":7,"key":"Bottled Flame"},{"floor":9,"key":"Pantograph"},{"floor":14,"key":"Lantern"}],"event_choices":[{"damage_healed":0,"gold_gain":0,"player_choice":"Gave Potion","damage_taken":0,"relics_obtained":["Mummified Hand"],"max_hp_gain":0,"max_hp_loss":0,"event_name":"WeMeetAgain","floor":3,"gold_loss":0},{"damage_healed":20,"gold_gain":0,"player_choice":"Healed and dodged fight","damage_taken":0,"max_hp_gain":0,"max_hp_loss":0,"event_name":"Mushrooms","floor":11,"gold_loss":0,"cards_obtained":["Parasite"]}],"is_beta":false,"boss_relics":[],"items_purged_floors":[],"is_endless":false,"potions_floor_spawned":[1,7],"killed_by":"Hexaghost","ascension_level":12}