{"gold_per_floor":[118,118,133,208,228,7,34,34,80,105,105,56,56,69,69,170,170,187,197,197,215,215,215,247,261,261,273,273,273,286,296,296,393,393,409,104,104,104,116,116,129,142,142,142,162,182,182,182,182,182],"floor_reached":51,"playtime":1916,"items_purged":[],"score":669,"play_id":"2efa3716-46bd-47ee-ac3d-e02c3ef0851a","local_time":"20181217194142","is_ascension_mode":false,"campfire_choices":[{"data":"Dualcast","floor":8.0,"key":"SMITH"},{"data":"Zap","floor":11.0,"key":"SMITH"},{"data":"Blizzard","floor":15.0,"key":"SMITH"},{"data":"Defragment","floor":23.0,"key":"SMITH"},{"data":"Echo Form","floor":29.0,"key":"SMITH"},{"data":"Defragment","floor":32.0,"key":"SMITH"},{"data":"Rainbow","floor":40.0,"key":"SMITH"},{"data":"Defend_B","floor":44.0,"key":"SMITH"},{"data":"Madness","floor":49,"key":"SMITH"}],"neow_cost":"NONE","seed_source_timestamp":1627926101540292,"circlet_count":0,"master_deck":["Strike_B","Strike_B","Strike_B+1","Defend_B+1","Defend_B","Defend_B","Zap+1","Dualcast+1","Chill","Glacier","Blizzard+1","Conserve Battery","Glacier","Echo Form+1","Defragment+1","Go for the Eyes+1","Defragment+1","Defragment+1","Rainbow+1","Coolheaded+1","Madness+1","Madness","Chaos+1","Loop+1","Purity","Doubt"],"special_seed":0,"relics":["Cracked Core","Whetstone","Oddly Smooth Stone","Lantern","Dead Branch","Vajra","Odd Mushroom","White Beast Statue","Bag of Marbles","Meat on the Bone","Mango","Frozen Egg 2"],"potions_floor_usage":[46,50,50,50],"damage_taken":[{"damage":0.0,"enemies":"Cultist","floor":1.0,"turns":2.0},{"damage":5.0,"enemies":"Jaw Worm","floor":3.0,"turns":3.0},{"damage":4.0,"enemies":"Small Slimes","floor":5.0,"turns":4.0},{"damage":9.0,"enemies":"Lagavulin","floor":7.0,"turns":8.0},{"damage":1.0,"enemies":"The Mushroom Lair","floor":10.0,"turns":4.0},{"damage":0.0,"enemies":"Blue Slaver","floor":14.0,"turns":2.0},{"damage":8.0,"enemies":"Hexaghost","floor":16.0,"turns":12.0},{"damage":0.0,"enemies":"Spheric Guardian","floor":18.0,"turns":4.0},{"damage":4.0,"enemies":"Shell Parasite","floor":19.0,"turns":7.0},{"damage":0.0,"enemies":"Snecko","floor":21.0,"turns":5.0},{"damage":12.0,"enemies":"Gremlin Leader","floor":24.0,"turns":7.0},{"damage":8.0,"enemies":"Shelled Parasite and Fungi","floor":25.0,"turns":5.0},{"damage":0.0,"enemies":"Cultist and Chosen","floor":27.0,"turns":6.0},{"damage":4.0,"enemies":"3 Cultists","floor":30.0,"turns":6.0},{"damage":5.0,"enemies":"Centurion and Healer","floor":31.0,"turns":8.0},{"damage":25.0,"enemies":"Champ","floor":33.0,"turns":14.0},{"damage":9.0,"enemies":"3 Shapes","floor":35.0,"turns":5.0},{"damage":0.0,"enemies":"Orb Walker","floor":39.0,"turns":5.0},{"damage":7.0,"enemies":"Writhing Mass","floor":41.0,"turns":7.0},{"damage":0.0,"enemies":"Maw","floor":42.0,"turns":8.0},{"damage":17,"enemies":"4 Shapes","floor":45,"turns":4},{"damage":15,"enemies":"Jaw Worm Horde","floor":46,"turns":7},{"damage":40,"enemies":"Donu and Deca","floor":50,"turns":10}],"seed_played":"-2159498096887502394","potions_obtained":[{"floor":1.0,"key":"SpeedPotion"},{"floor":7.0,"key":"Poison Potion"},{"floor":16.0,"key":"Poison Potion"},{"floor":18.0,"key":"Explosive Potion"},{"floor":19.0,"key":"Dexterity Potion"},{"floor":21.0,"key":"PowerPotion"},{"floor":24.0,"key":"Energy Potion"},{"floor":30.0,"key":"Dexterity Potion"},{"floor":39.0,"key":"PowerPotion"},{"floor":46,"key":"Dexterity Potion"}],"is_trial":false,"path_per_floor":["M","?","M","?","M","M","$","E","R","T","?","R","$","?","M","R","B",null,"M","M","$","M","?","R","E","M","T","M","?","R","M","M","M","R","B",null,"M","$","?","?","M","R","M","M","T","R","M","M","?","?","R","B",null],"character_chosen":"DEFECT","items_purchased":["Lantern","Blizzard","Conserve Battery","Mango"],"campfire_rested":0,"item_purchase_floors":[6,6,12,36],"current_hp_per_floor":[75,63,58,47,43,43,34,34,34,33,33,33,26,26,26,18,75,75,71,71,71,71,71,59,51,51,51,51,51,47,42,42,29,75,66,80,69,69,69,69,62,62,62,62,45,42,42,89,89,49],"gold":182,"neow_bonus":"RANDOM_COMMON_RELIC","is_prod":false,"is_daily":false,"chose_seed":false,"campfire_upgraded":9,"win_rate":0,"timestamp":1545075702,"path_taken":["M","?","M","?","M","$","E","R","T","?","R","?","?","M","R","BOSS","M","M","$","M","?","R","E","?","T","M","?","R","?","M","R","BOSS","M","$","?","?","M","R","M","M","T","R","M","M","?","?","R","BOSS"],"build_version":"2018-12-13","purchased_purges":0,"victory":true,"max_hp_per_floor":[75,75,75,75,75,75,75,75,75,75,75,75,75,75,75,75,75,75,75,75,75,75,75,75,75,75,75,75,75,75,75,75,75,75,75,89,89,89,89,89,89,89,89,89,89,89,89,89,89,89],"card_choices":[{"not_picked":["Gash","Redo"],"picked":"Chill","floor":1.0},{"not_picked":["Leap","Stack"],"picked":"Glacier","floor":3.0},{"not_picked":["Gash","Cold Snap","Glacier"],"picked":"SKIP","floor":5.0},{"not_picked":["Leap","Compile Driver","Gash"],"picked":"SKIP","floor":7.0},{"not_picked":["Steam","Rebound"],"picked":"Glacier","floor":14.0},{"not_picked":["Amplify","Multi-Cast"],"picked":"Echo Form","floor":16.0},{"not_picked":["Rebound","Compile Driver"],"picked":"Defragment","floor":18.0},{"not_picked":["Consume+1","Conserve Battery","Gash+1"],"picked":"SKIP","floor":19.0},{"not_picked":["Sweeping Beam","Turbo"],"picked":"Go for the Eyes+1","floor":21.0},{"not_picked":["Chill","Fusion+1"],"picked":"Defragment+1","floor":24.0},{"not_picked":["Lockon+1","Rebound","Streamline"],"picked":"SKIP","floor":25.0},{"not_picked":["White Noise","Barrage","Darkness"],"picked":"SKIP","floor":27.0},{"not_picked":["Reprogram","Scrape","Genetic Algorithm"],"picked":"SKIP","floor":30.0},{"not_picked":["Ball Lightning","Gash+1"],"picked":"Defragment","floor":31.0},{"not_picked":["Meteor Strike","Seek"],"picked":"Rainbow","floor":33.0},{"not_picked":["Rebound+1","Compile Driver"],"picked":"Coolheaded+1","floor":35.0},{"not_picked":["Sunder","Hello World"],"picked":"Chaos+1","floor":39.0},{"not_picked":["Stack","Rebound+1","Cold Snap+1"],"picked":"SKIP","floor":41.0},{"not_picked":["Melter","FTL+1","Double Energy"],"picked":"SKIP","floor":42.0},{"not_picked":["Go for the Eyes","Beam Cell+1"],"picked":"Loop+1","floor":45},{"not_picked":["Storm+1","Rebound+1","Beam Cell+1"],"picked":"SKIP","floor":46},{"not_picked":["Flash of Steel","Mind Blast"],"picked":"Purity","floor":47}],"player_experience":889770,"relics_obtained":[{"floor":7.0,"key":"Dead Branch"},{"floor":9.0,"key":"Vajra"},{"floor":10.0,"key":"Odd Mushroom"},{"floor":24.0,"key":"Bag of Marbles"},{"floor":26.0,"key":"Meat on the Bone"},{"floor":43.0,"key":"Frozen Egg 2"}],"event_choices":[{"damage_healed":0.0,"max_hp_gain":0.0,"max_hp_loss":0.0,"gold_gain":0.0,"event_name":"Scrap Ooze","player_choice":"Success","floor":2.0,"gold_loss":0.0,"damage_taken":12.0,"relics_obtained":["Oddly Smooth Stone"]},{"damage_healed":0.0,"max_hp_gain":0.0,"max_hp_loss":0.0,"gold_gain":75.0,"event_name":"World of Goop","player_choice":"Gather Gold","floor":4.0,"gold_loss":0.0,"damage_taken":11.0},{"damage_healed":0.0,"max_hp_gain":0.0,"max_hp_loss":0.0,"gold_gain":0.0,"event_name":"Mushrooms","player_choice":"Fought Mushrooms","floor":10.0,"gold_loss":0.0,"damage_taken":0.0},{"cards_removed":["Defend_B"],"damage_healed":0.0,"max_hp_gain":0.0,"max_hp_loss":0.0,"gold_gain":0.0,"event_name":"Golden Wing","player_choice":"Card Removal","floor":13.0,"gold_loss":0.0,"damage_taken":7.0},{"damage_healed":0.0,"max_hp_gain":0.0,"max_hp_loss":0.0,"gold_gain":0.0,"event_name":"Match and Keep!","player_choice":"0 cards matched","floor":22.0,"gold_loss":0.0,"damage_taken":0.0,"cards_obtained":[]},{"damage_healed":0.0,"max_hp_gain":0.0,"max_hp_loss":0.0,"gold_gain":0.0,"event_name":"The Woman in Blue","player_choice":"Bought 0 Potions","floor":28.0,"gold_loss":0.0,"damage_taken":0.0},{"damage_healed":0.0,"max_hp_gain":0.0,"max_hp_loss":0.0,"gold_gain":0.0,"event_name":"Winding Halls","player_choice":"Embrace Madness","floor":37.0,"gold_loss":0.0,"damage_taken":11.0,"cards_obtained":["Madness","Madness"]},{"cards_removed":["Strike_B"],"damage_healed":0.0,"max_hp_gain":0.0,"max_hp_loss":0.0,"gold_gain":0.0,"event_name":"Falling","player_choice":"Removed Attack","floor":38.0,"gold_loss":0.0,"damage_taken":0.0},{"damage_healed":0,"gold_gain":0,"player_choice":"Memory 1","damage_taken":0,"max_hp_gain":0,"max_hp_loss":0,"event_name":"SensoryStone","floor":47,"gold_loss":0},{"damage_healed":47,"gold_gain":0,"player_choice":"Heal","damage_taken":0,"max_hp_gain":0,"max_hp_loss":0,"event_name":"MindBloom","floor":48,"gold_loss":0,"cards_obtained":["Doubt"]}],"is_beta":false,"boss_relics":[{"not_picked":["Snecko Eye","Busted Crown"],"picked":"White Beast Statue"},{"not_picked":["Pandora\u0027s Box","Velvet Choker","FrozenCore"]}],"items_purged_floors":[],"is_endless":false,"potions_floor_spawned":[1,7,16,18,19,21,24,25,27,30,31,33,35,39,41,42,45,46],"ascension_level":0}