{"gold_per_floor":[210,222,233,233,247,247,282,282,282,282,298,316,316,316,316,411,411,425,425,202,213,191,191],"floor_reached":23,"playtime":595,"items_purged":[],"score":191,"play_id":"393d1060-9a14-4559-81f8-97ce326f41ec","local_time":"20190103234913","is_ascension_mode":false,"campfire_choices":[{"data":"Zap","floor":6,"key":"SMITH"},{"data":"Dualcast","floor":8,"key":"SMITH"},{"data":"Ball Lightning","floor":10,"key":"SMITH"},{"data":"Conserve Battery","floor":13,"key":"SMITH"},{"data":"Capacitor","floor":15,"key":"SMITH"}],"neow_cost":"NONE","seed_source_timestamp":878878074726281,"circlet_count":0,"master_deck":["Strike_B","Strike_B","Defend_B","Defend_B","Defend_B","Defend_B","Zap+1","Dualcast+1","Ball Lightning+1","Conserve Battery+1","Capacitor+1","Buffer","Capacitor","Undo","Coolheaded"],"special_seed":0,"relics":["Cracked Core","Pen Nib","Oddly Smooth Stone","Empty Cage","DataDisk"],"potions_floor_usage":[16,16,21,23],"damage_taken":[{"damage":1.0,"enemies":"Cultist","floor":1.0,"turns":4.0},{"damage":0.0,"enemies":"2 Louse","floor":2.0,"turns":1.0},{"damage":11.0,"enemies":"Jaw Worm","floor":3.0,"turns":3.0},{"damage":3,"enemies":"Red Slaver","floor":5,"turns":3},{"damage":9,"enemies":"Lagavulin","floor":7,"turns":6},{"damage":7,"enemies":"Lots of Slimes","floor":11,"turns":3},{"damage":2,"enemies":"Looter","floor":12,"turns":3},{"damage":40,"enemies":"Hexaghost","floor":16,"turns":11},{"damage":13,"enemies":"3 Byrds","floor":18,"turns":4},{"damage":0,"enemies":"Spheric Guardian","floor":21,"turns":4},{"damage":63,"enemies":"Slavers","floor":23,"turns":7}],"seed_played":"-4672621953132676682","potions_obtained":[{"floor":1.0,"key":"Block Potion"},{"floor":2.0,"key":"EntropicBrew"},{"floor":7,"key":"Weak Potion"},{"floor":16,"key":"Block Potion"},{"floor":18,"key":"Regen Potion"}],"is_trial":false,"path_per_floor":["M","M","M","$","M","R","E","R","T","R","M","M","R","?","R","B",null,"M","?","$","M","$","E"],"character_chosen":"DEFECT","items_purchased":["DataDisk","Capacitor","Coolheaded"],"campfire_rested":0,"item_purchase_floors":[20,20,22],"current_hp_per_floor":[74,74,63,63,60,60,51,51,51,51,44,42,42,42,42,2,75,62,62,62,62,62,14],"gold":191,"neow_bonus":"HUNDRED_GOLD","is_prod":false,"is_daily":false,"chose_seed":false,"campfire_upgraded":5,"win_rate":0,"timestamp":1546559353,"path_taken":["M","M","M","$","M","R","E","R","T","R","?","M","R","?","R","BOSS","M","?","$","M","$","E"],"build_version":"2018-12-20","purchased_purges":0,"victory":false,"max_hp_per_floor":[75,75,75,75,75,75,75,75,75,75,75,75,75,75,75,75,75,75,75,75,75,75,75],"card_choices":[{"not_picked":["Leap","Sweeping Beam","Hologram"],"picked":"SKIP","floor":1.0},{"not_picked":["Sunder","Rebound","Compile Driver"],"picked":"SKIP","floor":2.0},{"not_picked":["Aggregate","Turbo"],"picked":"Ball Lightning","floor":3.0},{"not_picked":["Fusion","Melter"],"picked":"Conserve Battery","floor":5},{"not_picked":["Skim","Doom and Gloom","Leap"],"picked":"SKIP","floor":7},{"not_picked":["Sweeping Beam","Undo"],"picked":"Capacitor","floor":11},{"not_picked":["Redo","Stack","Tempest"],"picked":"SKIP","floor":12},{"not_picked":["Reboot","Fission"],"picked":"Buffer","floor":16},{"not_picked":["Streamline","Hologram","Sweeping Beam+1"],"picked":"SKIP","floor":18},{"not_picked":["Darkness","Cold Snap"],"picked":"Undo","floor":21}],"player_experience":941322,"relics_obtained":[{"floor":7,"key":"Pen Nib"},{"floor":9,"key":"Oddly Smooth Stone"}],"event_choices":[{"damage_healed":0,"gold_gain":0,"player_choice":"Ignored","damage_taken":0,"max_hp_gain":0,"max_hp_loss":0,"event_name":"NoteForYourself","floor":14,"gold_loss":0},{"damage_healed":0,"gold_gain":0,"player_choice":"Ignored","damage_taken":0,"max_hp_gain":0,"max_hp_loss":0,"event_name":"Ghosts","floor":19,"gold_loss":0}],"is_beta":false,"boss_relics":[{"not_picked":["Runic Dome","White Beast Statue"],"picked":"Empty Cage"}],"items_purged_floors":[],"is_endless":false,"potions_floor_spawned":[1,2,7,16,18],"killed_by":"Slavers","ascension_level":0}