{"gold_per_floor":[113,28,48,48,48,83,83,108,178,206,206,223,238,163,163,240,240,255,255,16,31,31,31,44,44,69,85,85],"floor_reached":28,"playtime":668,"items_purged":["Strike_B"],"score":522,"play_id":"0a9a53fb-2ca7-4211-b1b3-61282b2e5d50","local_time":"20190210094057","is_ascension_mode":true,"campfire_choices":[{"data":"Zap","floor":7,"key":"SMITH"},{"floor":11,"key":"REST"},{"data":"Defragment","floor":15,"key":"SMITH"},{"data":"Beam Cell","floor":23,"key":"SMITH"},{"data":"Conserve Battery","floor":25,"key":"SMITH"}],"neow_cost":"NONE","seed_source_timestamp":470229728511300,"circlet_count":0,"master_deck":["AscendersBane","Strike_B+1","Strike_B","Defend_B","Defend_B","Defend_B","Defend_B","Zap+1","Dualcast","Self Repair","Defragment+1","Sunder+1","Beam Cell+1","Coolheaded","Conserve Battery+1","Chill","Self Repair+1","Core Surge","Defragment+1","Defragment+1","Violence","Ball Lightning","Leap","Static Discharge+1"],"relics":["Cracked Core","NeowsBlessing","Bronze Scales","The Courier","Frozen Egg 2","Orichalcum","Philosopher\u0027s Stone","Vajra"],"potions_floor_usage":[10,10,21,27,28],"damage_taken":[{"damage":0,"enemies":"2 Louse","floor":1,"turns":1},{"damage":0,"enemies":"Small Slimes","floor":3,"turns":1},{"damage":0,"enemies":"3 Sentries","floor":6,"turns":1},{"damage":30,"enemies":"Lagavulin","floor":8,"turns":6},{"damage":10,"enemies":"Gremlin Nob","floor":10,"turns":3},{"damage":0,"enemies":"Cultist","floor":12,"turns":2},{"damage":8,"enemies":"Large Slime","floor":13,"turns":3},{"damage":36,"enemies":"The Guardian","floor":16,"turns":11},{"damage":11,"enemies":"Chosen","floor":18,"turns":3},{"damage":23,"enemies":"3 Byrds","floor":21,"turns":3},{"damage":9,"enemies":"3 Cultists","floor":24,"turns":5},{"damage":40,"enemies":"Shelled Parasite and Fungi","floor":27,"turns":3},{"damage":35,"enemies":"Book of Stabbing","floor":28,"turns":3}],"seed_played":"7541401852704052073","potions_obtained":[{"floor":1,"key":"Fire Potion"},{"floor":8,"key":"Weak Potion"},{"floor":12,"key":"Strength Potion"},{"floor":18,"key":"Fire Potion"},{"floor":19,"key":"FocusPotion"},{"floor":19,"key":"AttackPotion"},{"floor":24,"key":"GamblersBrew"}],"is_trial":false,"path_per_floor":["M","$","M","?","?","E","R","E","T","E","R","M","M","?","R","B",null,"M","?","$","M","$","R","M","R","T","M","E"],"character_chosen":"DEFECT","items_purchased":["Defragment","Defragment+1","Violence"],"campfire_rested":1,"item_purchase_floors":[2,20,20],"current_hp_per_floor":[64,64,64,43,43,43,43,20,20,17,38,38,37,37,37,18,58,54,54,54,48,48,48,56,56,56,33,0],"gold":85,"neow_bonus":"THREE_ENEMY_KILL","is_prod":false,"is_daily":false,"chose_seed":false,"campfire_upgraded":4,"win_rate":0,"timestamp":1549820457,"path_taken":["M","$","M","?","?","E","R","E","T","E","R","?","M","?","R","BOSS","M","?","$","?","?","R","M","R","T","M","E"],"build_version":"2019-02-06","purchased_purges":1,"victory":false,"max_hp_per_floor":[71,71,71,71,71,71,71,71,71,71,71,71,71,71,71,71,71,71,71,71,71,71,71,71,71,71,71,71],"card_choices":[{"not_picked":["Melter","Barrage"],"picked":"Self Repair","floor":1},{"not_picked":["Stack","Cold Snap"],"picked":"Sunder","floor":3},{"not_picked":["Stack","Reprogram"],"picked":"Coolheaded","floor":6},{"not_picked":["Heatsinks","Hello World"],"picked":"Conserve Battery","floor":8},{"not_picked":["Coolheaded","Chaos","Sweeping Beam"],"picked":"SKIP","floor":10},{"not_picked":["Rip and Tear","Streamline"],"picked":"Chill","floor":12},{"not_picked":["Redo","Hologram"],"picked":"Self Repair+1","floor":13},{"not_picked":["Rainbow","Seek"],"picked":"Core Surge","floor":16},{"not_picked":["Ball Lightning","Steam Power+1"],"picked":"Defragment+1","floor":18},{"not_picked":["Streamline+1","Steam Power"],"picked":"Ball Lightning","floor":21},{"not_picked":["Skim","Barrage"],"picked":"Leap","floor":24},{"not_picked":["Self Repair+1","Recycle"],"picked":"Static Discharge+1","floor":27}],"player_experience":2019831,"relics_obtained":[{"floor":6,"key":"Bronze Scales"},{"floor":8,"key":"The Courier"},{"floor":9,"key":"Frozen Egg 2"},{"floor":10,"key":"Orichalcum"},{"floor":26,"key":"Vajra"}],"event_choices":[{"damage_healed":0,"gold_gain":0,"player_choice":"Entered Light","damage_taken":21,"max_hp_gain":0,"max_hp_loss":0,"event_name":"Shining Light","floor":4,"gold_loss":0,"cards_upgraded":["Strike_B","Sunder"]},{"damage_healed":0,"gold_gain":0,"player_choice":"1 cards matched","damage_taken":0,"max_hp_gain":0,"max_hp_loss":0,"event_name":"Match and Keep!","floor":5,"gold_loss":0,"cards_obtained":["Beam Cell"]},{"cards_removed":["Strike_B"],"damage_healed":0,"gold_gain":0,"player_choice":"Card Removal","damage_taken":0,"max_hp_gain":0,"max_hp_loss":0,"event_name":"The Cleric","floor":14,"gold_loss":75},{"damage_healed":0,"gold_gain":0,"player_choice":"Got Potions","damage_taken":0,"max_hp_gain":0,"max_hp_loss":0,"event_name":"Lab","floor":19,"gold_loss":0}],"is_beta":true,"boss_relics":[{"not_picked":["Empty Cage","Snecko Eye"],"picked":"Philosopher\u0027s Stone"}],"items_purged_floors":[20],"is_endless":false,"potions_floor_spawned":[1,8,12,18,24],"killed_by":"Book of Stabbing","ascension_level":20}