{"gold_per_floor":[147,159,213,230,230,262,262,279,279,314,324,344,370,370,370,490,490,514,125,125,148,160,211,223,268,280,327,53,91,53,69,69,194,194,209,209,232,232],"floor_reached":38,"playtime":4823,"items_purged":["Strike_B"],"score":650,"play_id":"a3163b26-2a9b-4ed3-ab6c-de00db21f20e","local_time":"20181231014051","is_ascension_mode":true,"campfire_choices":[{"data":"Zap","floor":7,"key":"SMITH"},{"data":"Sweeping Beam","floor":15,"key":"SMITH"},{"data":"Creative AI","floor":24,"key":"SMITH"},{"data":"Heatsinks","floor":32,"key":"SMITH"}],"neow_cost":"NONE","seed_source_timestamp":1174740098071164,"circlet_count":0,"master_deck":["Strike_B+1","Strike_B+1","Strike_B+1","Defend_B+1","Defend_B+1","Defend_B+1","Defend_B+1","Zap+1","Dualcast","Sweeping Beam+1","Chill","Gash","Conserve Battery","Coolheaded","Self Repair","Skim","Streamline","Creative AI+1","Conserve Battery","Self Repair","Master of Strategy","Ghostly","Ghostly","Ghostly","Ghostly","Ghostly","Compile Driver+1","Blizzard","Heatsinks+1","Hologram+1","Machine Learning","Loop","Stack+1"],"relics":["FrozenCore","Tiny Chest","Dream Catcher","Blood Vial","Dodecahedron","Peace Pipe","Happy Flower","Golden Idol","MawBank","Question Card","Ornamental Fan","Meat on the Bone","PreservedInsect","Unceasing Top","Mercury Hourglass","Snecko Eye"],"potions_floor_usage":[10,10,13,13,25,33,37],"damage_taken":[{"damage":1,"enemies":"Cultist","floor":1,"turns":3},{"damage":0,"enemies":"Small Slimes","floor":2,"turns":3},{"damage":0,"enemies":"2 Louse","floor":4,"turns":2},{"damage":8,"enemies":"3 Sentries","floor":6,"turns":9},{"damage":0,"enemies":"2 Fungi Beasts","floor":8,"turns":4},{"damage":1,"enemies":"Lagavulin","floor":10,"turns":9},{"damage":2,"enemies":"Exordium Wildlife","floor":11,"turns":4},{"damage":3,"enemies":"Looter","floor":12,"turns":4},{"damage":19,"enemies":"Gremlin Nob","floor":13,"turns":4},{"damage":33,"enemies":"Slime Boss","floor":16,"turns":12},{"damage":8,"enemies":"Chosen","floor":18,"turns":12},{"damage":0,"enemies":"Slavers","floor":23,"turns":6},{"damage":0,"enemies":"Book of Stabbing","floor":25,"turns":6},{"damage":10,"enemies":"Slavers","floor":27,"turns":7},{"damage":0,"enemies":"Book of Stabbing","floor":29,"turns":6},{"damage":0,"enemies":"Spheric Guardian","floor":31,"turns":6},{"damage":0,"enemies":"Champ","floor":33,"turns":14},{"damage":0,"enemies":"Orb Walker","floor":35,"turns":4},{"damage":7,"enemies":"3 Darklings","floor":37,"turns":6},{"damage":49,"enemies":"Maw","floor":38,"turns":10}],"seed_played":"-114810372344140243","potions_obtained":[{"floor":4,"key":"Weak Potion"},{"floor":8,"key":"EssenceOfSteel"},{"floor":11,"key":"Poison Potion"},{"floor":12,"key":"SpeedPotion"},{"floor":16,"key":"Ancient Potion"},{"floor":23,"key":"AttackPotion"},{"floor":25,"key":"Energy Potion"},{"floor":37,"key":"FearPotion"}],"is_trial":false,"path_per_floor":["M","M","T","M","?","E","R","M","T","E","M","M","E","?","R","B",null,"M","$","?","T","?","E","R","E","T","E","$","E","$","M","R","B",null,"M","?","M","M"],"character_chosen":"DEFECT","items_purchased":["Self Repair","Master of Strategy","Energy Potion","Unceasing Top","Heatsinks"],"campfire_rested":0,"item_purchase_floors":[19,19,19,28,30],"current_hp_per_floor":[74,74,74,74,74,66,66,68,68,69,69,75,63,63,63,39,69,68,68,34,34,34,34,34,34,34,34,34,34,34,34,34,34,34,34,34,34,0],"gold":232,"neow_bonus":"RANDOM_COMMON_RELIC","is_prod":false,"is_daily":false,"chose_seed":false,"campfire_upgraded":4,"win_rate":0,"timestamp":1546249251,"path_taken":["M","M","?","?","?","E","R","M","T","E","M","M","E","?","R","BOSS","M","$","?","?","?","E","R","E","T","E","$","E","?","M","R","BOSS","M","?","M","M"],"build_version":"2018-12-20","purchased_purges":1,"victory":false,"max_hp_per_floor":[75,75,75,75,75,75,75,75,75,75,75,75,75,69,69,69,69,69,69,34,34,34,34,34,34,34,34,34,34,34,34,34,34,34,34,34,34,34],"card_choices":[{"not_picked":["Leap","Rebound"],"picked":"Sweeping Beam","floor":1},{"not_picked":["Reprogram","Beam Cell"],"picked":"Chill","floor":2},{"not_picked":["Self Repair","Barrage"],"picked":"Gash","floor":4},{"not_picked":["Double Energy","Compile Driver"],"picked":"Conserve Battery","floor":6},{"not_picked":["Double Energy","Sweeping Beam"],"picked":"Coolheaded","floor":8},{"not_picked":["Melter","Barrage"],"picked":"Self Repair","floor":10},{"not_picked":["Stack","Rip and Tear","Multi-Cast"],"picked":"SKIP","floor":11},{"not_picked":["Reprogram","Go for the Eyes"],"picked":"Skim","floor":12},{"not_picked":["Undo","Beam Cell"],"picked":"Streamline","floor":13},{"not_picked":["Buffer","Reboot"],"picked":"Creative AI","floor":16},{"not_picked":["Rebound","Streamline"],"picked":"Conserve Battery","floor":18},{"not_picked":["Biased Cognition","Lockon"],"picked":"Compile Driver+1","floor":23},{"not_picked":["Multi-Cast","Undo","Cold Snap","Lockon"],"picked":"SKIP","floor":25},{"not_picked":["Lockon","Rebound","Aggregate+1"],"picked":"Blizzard","floor":27},{"not_picked":["Barrage+1","Conserve Battery+1","Chill+1","Scrape"],"picked":"SKIP","floor":29},{"not_picked":["Barrage","Biased Cognition","Ball Lightning+1"],"picked":"Hologram+1","floor":31},{"not_picked":["Seek","Thunder Strike","All For One"],"picked":"Machine Learning","floor":33},{"not_picked":["Lockon+1","Darkness+1","Steam+1"],"picked":"Loop","floor":35},{"not_picked":["Undo","Leap+1","Sweeping Beam+1"],"picked":"Stack+1","floor":37}],"player_experience":285363,"relics_obtained":[{"floor":3,"key":"Dream Catcher"},{"floor":6,"key":"Blood Vial"},{"floor":9,"key":"Dodecahedron"},{"floor":10,"key":"Peace Pipe"},{"floor":13,"key":"Happy Flower"},{"floor":21,"key":"MawBank"},{"floor":23,"key":"Question Card"},{"floor":25,"key":"Ornamental Fan"},{"floor":26,"key":"Meat on the Bone"},{"floor":27,"key":"PreservedInsect"},{"floor":29,"key":"Mercury Hourglass"}],"event_choices":[{"damage_healed":0,"gold_gain":0,"player_choice":"Ignored","damage_taken":0,"max_hp_gain":0,"max_hp_loss":0,"event_name":"Liars Game","floor":5,"gold_loss":0},{"damage_healed":0,"gold_gain":0,"player_choice":"Lose Max HP","damage_taken":0,"relics_obtained":["Golden Idol"],"max_hp_gain":0,"max_hp_loss":6,"event_name":"Golden Idol","floor":14,"gold_loss":0},{"damage_healed":0,"gold_gain":0,"player_choice":"Became a Ghost","damage_taken":0,"max_hp_gain":0,"max_hp_loss":35,"event_name":"Ghosts","floor":20,"gold_loss":0,"cards_obtained":["Ghostly","Ghostly","Ghostly","Ghostly","Ghostly"]},{"damage_healed":0,"gold_gain":0,"player_choice":"Simplicity","damage_taken":0,"max_hp_gain":0,"max_hp_loss":0,"event_name":"Back to Basics","floor":22,"gold_loss":0,"cards_upgraded":["Strike_B","Strike_B","Strike_B","Defend_B","Defend_B","Defend_B","Defend_B"]},{"damage_healed":0,"gold_gain":0,"player_choice":"Ignored","damage_taken":0,"max_hp_gain":0,"max_hp_loss":0,"event_name":"Tomb of Lord Red Mask","floor":36,"gold_loss":0}],"is_beta":false,"boss_relics":[{"not_picked":["Philosopher\u0027s Stone","Velvet Choker"],"picked":"FrozenCore"},{"not_picked":["Orrery","Coffee Dripper"],"picked":"Snecko Eye"}],"items_purged_floors":[19],"is_endless":false,"potions_floor_spawned":[4,8,11,12,16,23,25,31,37],"killed_by":"Maw","ascension_level":1}