{"gold_per_floor":[117,117,117,133,149,149,5,5,5,15,42,42,59,8,8,107,107,121,121,141,153,123,123,133,133,133,133,83,109,123,74,74,176,176,192,192,208,231,249,249,280,280,306,47,47,64,77,95,95,95],"floor_reached":50,"playtime":3422,"items_purged":["Shame"],"score":730,"play_id":"c102be76-c64c-47ce-a0dc-8b0e491a71a8","local_time":"20190206002314","is_ascension_mode":true,"campfire_choices":[{"data":"Bouncing Flask","floor":6,"key":"SMITH"},{"data":"Neutralize","floor":8,"key":"SMITH"},{"floor":15,"key":"REST"},{"floor":23,"key":"REST"},{"floor":25,"key":"REST"},{"data":"Backflip","floor":27,"key":"SMITH"},{"floor":32,"key":"REST"},{"floor":40,"key":"REST"},{"floor":42,"key":"REST"},{"floor":49,"key":"REST"}],"neow_cost":"NONE","seed_source_timestamp":172025690269668,"circlet_count":0,"master_deck":["Defend_G","Defend_G","Defend_G","Defend_G","Defend_G","Strike_G","Strike_G","Strike_G","Strike_G","Strike_G+1","Survivor","Neutralize+1","Storm of Steel+1","Cloak And Dagger+1","Bouncing Flask+1","Underhanded Strike","Poisoned Stab","Flying Knee","Well Laid Plans","Corpse Explosion","Bullet Time","Acrobatics","Backflip+1","Deflect","Sucker Punch+1","Dagger Throw","Deflect+1","Prepared","Flechettes","Glass Knife","PiercingWail+1","Sucker Punch+1","Outmaneuver+1","PiercingWail+1","Bouncing Flask+1","PiercingWail+1","Cloak And Dagger+1","Quick Slash+1"],"relics":["Ring of the Snake","Snake Skull","Oddly Smooth Stone","Ancient Tea Set","Smiling Mask","Orrery","Pen Nib","Art of War","Cursed Key","Matryoshka","Blood Vial","Anchor","Bronze Scales","Bag of Preparation","Happy Flower","DollysMirror"],"potions_floor_usage":[16,16,18,21,24,29,33,33,37,41,41,50,50],"damage_taken":[{"damage":0,"enemies":"2 Louse","floor":1,"turns":4},{"damage":0,"enemies":"Small Slimes","floor":4,"turns":5},{"damage":0,"enemies":"Jaw Worm","floor":5,"turns":4},{"damage":6,"enemies":"Lots of Slimes","floor":10,"turns":4},{"damage":1,"enemies":"Gremlin Nob","floor":11,"turns":3},{"damage":0,"enemies":"Exordium Wildlife","floor":13,"turns":3},{"damage":0,"enemies":"Slime Boss","floor":16,"turns":6},{"damage":8,"enemies":"Spheric Guardian","floor":18,"turns":4},{"damage":33,"enemies":"2 Thieves","floor":20,"turns":4},{"damage":2,"enemies":"Snake Plant","floor":21,"turns":3},{"damage":9,"enemies":"Shelled Parasite and Fungi","floor":24,"turns":4},{"damage":24,"enemies":"Book of Stabbing","floor":29,"turns":5},{"damage":0,"enemies":"Cultist and Chosen","floor":30,"turns":4},{"damage":59,"enemies":"Collector","floor":33,"turns":9},{"damage":0,"enemies":"Orb Walker","floor":35,"turns":3},{"damage":5,"enemies":"3 Darklings","floor":37,"turns":3},{"damage":10,"enemies":"4 Shapes","floor":39,"turns":5},{"damage":31,"enemies":"Reptomancer","floor":41,"turns":7},{"damage":2,"enemies":"Sphere and 2 Shapes","floor":46,"turns":4},{"damage":12,"enemies":"Jaw Worm Horde","floor":47,"turns":4},{"damage":3,"enemies":"Transient","floor":48,"turns":5},{"damage":70,"enemies":"Donu and Deca","floor":50,"turns":8}],"seed_played":"-6819200546436805513","potions_obtained":[{"floor":1,"key":"EssenceOfSteel"},{"floor":5,"key":"Swift Potion"},{"floor":13,"key":"Explosive Potion"},{"floor":20,"key":"Dexterity Potion"},{"floor":21,"key":"Explosive Potion"},{"floor":22,"key":"Energy Potion"},{"floor":22,"key":"LiquidBronze"},{"floor":30,"key":"Regen Potion"},{"floor":37,"key":"FearPotion"},{"floor":39,"key":"EssenceOfSteel"},{"floor":46,"key":"LiquidBronze"},{"floor":47,"key":"SpeedPotion"}],"is_trial":false,"path_per_floor":["M","?","?","M","M","R","$","R","T","M","E","?","M","$","R","B",null,"M","?","M","M","?","R","M","R","T","R","?","E","M","$","R","B",null,"M","T","M","T","M","R","E","R","T","$","?","M","M","M","R","B"],"character_chosen":"THE_SILENT","items_purchased":["Oddly Smooth Stone","Explosive Potion","Energy Potion","DollysMirror"],"campfire_rested":7,"item_purchase_floors":[7,14,31,44],"current_hp_per_floor":[63,63,51,51,51,51,51,51,51,45,44,30,30,30,51,51,65,57,57,24,22,22,43,34,55,55,55,55,31,31,31,52,8,55,55,55,50,50,42,63,34,55,55,55,55,55,45,44,65,0],"gold":95,"neow_bonus":"ONE_RANDOM_RARE_CARD","is_prod":false,"is_daily":false,"chose_seed":false,"campfire_upgraded":3,"win_rate":0,"timestamp":1549408994,"path_taken":["M","?","?","M","M","R","$","R","T","M","E","?","?","?","R","BOSS","M","?","M","M","?","R","?","R","T","R","?","E","M","$","R","BOSS","M","?","M","?","M","R","E","R","T","$","?","M","M","M","R","BOSS"],"build_version":"2019-01-23","purchased_purges":1,"victory":false,"max_hp_per_floor":[70,70,70,70,70,70,70,70,70,70,70,70,70,70,70,70,70,70,70,70,70,70,70,70,70,70,70,70,70,70,70,70,70,70,70,70,70,70,70,70,70,70,70,70,70,70,70,70,70,70],"card_choices":[{"not_picked":["Bouncing Flask","Dagger Spray"],"picked":"Cloak And Dagger","floor":1},{"not_picked":["Terror","Dodge and Roll"],"picked":"Bouncing Flask","floor":4},{"not_picked":["Terror","Distraction"],"picked":"Underhanded Strike","floor":5},{"not_picked":["Skewer","Choke"],"picked":"Poisoned Stab","floor":10},{"not_picked":["Skewer","Eviscerate"],"picked":"Flying Knee","floor":11},{"not_picked":["Dagger Spray","Endless Agony"],"picked":"Well Laid Plans","floor":13},{"not_picked":["A Thousand Cuts","Venomology"],"picked":"Corpse Explosion","floor":16},{"not_picked":["Deadly Poison","Distraction"],"picked":"Bullet Time","floor":17},{"not_picked":["Flying Knee","Outmaneuver"],"picked":"Acrobatics","floor":17},{"not_picked":["Predator","Endless Agony"],"picked":"Backflip","floor":17},{"not_picked":["Dagger Spray","Sucker Punch"],"picked":"Deflect","floor":17},{"not_picked":["Choke+1","Crippling Poison+1"],"picked":"Sucker Punch+1","floor":18},{"not_picked":["Quick Slash","Calculated Gamble"],"picked":"Dagger Throw","floor":20},{"not_picked":["Finisher","Choke","Outmaneuver"],"picked":"SKIP","floor":21},{"not_picked":["Terror","Dodge and Roll+1"],"picked":"Deflect+1","floor":24},{"not_picked":["Riddle With Holes+1","Calculated Gamble+1"],"picked":"Prepared","floor":29},{"not_picked":["Dagger Spray","Blade Dance+1"],"picked":"Flechettes","floor":30},{"not_picked":["Venomology","Corpse Explosion"],"picked":"Glass Knife","floor":33},{"not_picked":["Acrobatics+1","Cloak And Dagger"],"picked":"PiercingWail+1","floor":35},{"not_picked":["Dagger Spray","Acrobatics"],"picked":"Sucker Punch+1","floor":37},{"not_picked":["All Out Attack+1","Flying Knee"],"picked":"Outmaneuver+1","floor":39},{"not_picked":["Backflip","Blade Dance"],"picked":"PiercingWail+1","floor":41},{"not_picked":["After Image","Dagger Spray"],"picked":"PiercingWail+1","floor":46},{"not_picked":["Tactician","Dagger Throw"],"picked":"Cloak And Dagger+1","floor":47},{"not_picked":["Blade Dance+1","Setup"],"picked":"Quick Slash+1","floor":48}],"player_experience":418554,"relics_obtained":[{"floor":9,"key":"Ancient Tea Set"},{"floor":11,"key":"Smiling Mask"},{"floor":26,"key":"Pen Nib"},{"floor":29,"key":"Art of War"},{"floor":36,"key":"Matryoshka"},{"floor":38,"key":"Blood Vial"},{"floor":38,"key":"Anchor"},{"floor":41,"key":"Bronze Scales"},{"floor":43,"key":"Bag of Preparation"},{"floor":43,"key":"Happy Flower"}],"event_choices":[{"damage_healed":0,"gold_gain":0,"player_choice":"Grow","damage_taken":0,"max_hp_gain":0,"max_hp_loss":0,"event_name":"Living Wall","floor":2,"gold_loss":0,"cards_upgraded":["Cloak And Dagger"]},{"damage_healed":0,"gold_gain":0,"player_choice":"Success","damage_taken":12,"relics_obtained":["Snake Skull"],"max_hp_gain":0,"max_hp_loss":0,"event_name":"Scrap Ooze","floor":3,"gold_loss":0},{"damage_healed":0,"gold_gain":0,"player_choice":"Entered Light","damage_taken":14,"max_hp_gain":0,"max_hp_loss":0,"event_name":"Shining Light","floor":12,"gold_loss":0,"cards_upgraded":["Storm of Steel","Strike_G"]},{"damage_healed":0,"gold_gain":0,"player_choice":"Ignored","damage_taken":0,"max_hp_gain":0,"max_hp_loss":0,"event_name":"Ghosts","floor":19,"gold_loss":0},{"damage_healed":0,"gold_gain":0,"player_choice":"Bought 2 Potions","damage_taken":0,"max_hp_gain":0,"max_hp_loss":0,"event_name":"The Woman in Blue","floor":22,"gold_loss":0},{"damage_healed":0,"gold_gain":0,"player_choice":"Bet on Murderer","damage_taken":0,"max_hp_gain":0,"max_hp_loss":0,"event_name":"The Joust","floor":28,"gold_loss":50},{"cards_removed":["Writhe","Doubt"],"damage_healed":0,"gold_gain":0,"player_choice":"Removed Curses","damage_taken":0,"max_hp_gain":0,"max_hp_loss":0,"event_name":"Fountain of Cleansing","floor":45,"gold_loss":0}],"is_beta":false,"boss_relics":[{"not_picked":["Runic Dome","Ectoplasm"],"picked":"Orrery"},{"not_picked":["Velvet Choker","Snecko Eye"],"picked":"Cursed Key"}],"items_purged_floors":[44],"is_endless":false,"potions_floor_spawned":[1,5,13,20,21,30,37,39,46,47],"killed_by":"Donu and Deca","ascension_level":6}