{"gold_per_floor":[115,134,134,149,166,177,127,127,127,145,145,145,164,176,176,277,277,292,6,17,28,28,28,39,53,53,53,53,79,94,94,94,94],"floor_reached":33,"playtime":1389,"items_purged":[],"score":243,"play_id":"490cfae8-d81c-4243-9504-28853ba95b90","local_time":"20190121111804","is_ascension_mode":false,"campfire_choices":[{"data":"Dagger Spray","floor":8,"key":"SMITH"},{"floor":12,"key":"REST"},{"data":"Neutralize","floor":15,"key":"SMITH"},{"floor":23,"key":"REST"},{"floor":27,"key":"REST"},{"floor":32,"key":"REST"}],"neow_cost":"TEN_PERCENT_HP_LOSS","seed_source_timestamp":51528870664722,"circlet_count":0,"master_deck":["Defend_G","Defend_G","Defend_G","Defend_G","Defend_G","Strike_G","Strike_G","Strike_G","Survivor","Neutralize+1","Dodge and Roll","Well Laid Plans","Dagger Spray+1","Infinite Blades","Quick Slash","Dagger Throw","Skewer","Corpse Explosion","Dagger Spray","Sucker Punch+1","Quick Slash+1","Backflip","Heel Hook+1","Envenom","Writhe","Flying Knee+1"],"relics":["Ring of the Snake","StoneCalendar","Snake Skull","Fusion Hammer","Molten Egg 2","Calipers","Juzu Bracelet","Anchor","Toxic Egg 2"],"potions_floor_usage":[16,16,16,33],"damage_taken":[{"damage":1,"enemies":"2 Louse","floor":1,"turns":3},{"damage":3,"enemies":"Cultist","floor":2,"turns":5},{"damage":1,"enemies":"Jaw Worm","floor":4,"turns":6},{"damage":4,"enemies":"Looter","floor":5,"turns":5},{"damage":7,"enemies":"3 Louse","floor":6,"turns":3},{"damage":2,"enemies":"Large Slime","floor":10,"turns":4},{"damage":0,"enemies":"Lots of Slimes","floor":13,"turns":1},{"damage":2,"enemies":"Exordium Wildlife","floor":14,"turns":4},{"damage":17,"enemies":"The Guardian","floor":16,"turns":9},{"damage":13,"enemies":"3 Byrds","floor":18,"turns":3},{"damage":13,"enemies":"Shell Parasite","floor":20,"turns":6},{"damage":15,"enemies":"Snake Plant","floor":21,"turns":5},{"damage":13,"enemies":"Cultist and Chosen","floor":24,"turns":6},{"damage":11,"enemies":"Snecko","floor":25,"turns":5},{"damage":17,"enemies":"3 Cultists","floor":30,"turns":4},{"damage":37,"enemies":"Collector","floor":33,"turns":5}],"seed_played":"-8151023318807766980","potions_obtained":[{"floor":2,"key":"Fire Potion"},{"floor":6,"key":"FearPotion"},{"floor":14,"key":"Strength Potion"},{"floor":20,"key":"GhostInAJar"},{"floor":21,"key":"Explosive Potion"}],"is_trial":false,"path_per_floor":["M","M","?","M","M","M","?","R","T","M","?","R","M","M","R","B",null,"M","$","M","M","?","R","M","M","T","R","?","T","M","T","R","B"],"character_chosen":"THE_SILENT","items_purchased":["Molten Egg 2","Sucker Punch+1"],"campfire_rested":4,"item_purchase_floors":[19,19],"current_hp_per_floor":[62,59,59,58,54,47,47,47,47,45,38,56,56,54,54,37,63,50,50,37,22,22,40,27,16,16,34,34,34,17,17,35,0],"gold":94,"neow_bonus":"ONE_RARE_RELIC","is_prod":false,"is_daily":false,"chose_seed":false,"campfire_upgraded":2,"win_rate":0,"timestamp":1548040684,"path_taken":["M","M","?","?","M","M","?","R","T","M","?","R","M","M","R","BOSS","M","$","M","M","?","R","M","M","T","R","?","?","M","?","R","BOSS"],"build_version":"2019-01-17v2","purchased_purges":0,"victory":false,"max_hp_per_floor":[63,63,63,63,63,63,63,63,63,63,63,63,63,63,63,63,63,63,63,63,63,63,63,63,63,63,63,63,63,63,63,63,63],"card_choices":[{"not_picked":["Blur","Cloak And Dagger"],"picked":"Dodge and Roll","floor":1},{"not_picked":["PiercingWail","Dodge and Roll"],"picked":"Well Laid Plans","floor":2},{"not_picked":["Slice","Finisher","Deflect"],"picked":"SKIP","floor":4},{"not_picked":["Dodge and Roll","Poisoned Stab"],"picked":"Dagger Spray","floor":5},{"not_picked":["Escape Plan","Quick Slash"],"picked":"Infinite Blades","floor":6},{"not_picked":["Underhanded Strike","Unload"],"picked":"Quick Slash","floor":10},{"not_picked":["Underhanded Strike","Well Laid Plans"],"picked":"Dagger Throw","floor":13},{"not_picked":["Prepared","Blade Dance"],"picked":"Skewer","floor":14},{"not_picked":["Night Terror","Wraith Form v2"],"picked":"Corpse Explosion","floor":16},{"not_picked":["Blur","Deflect"],"picked":"Dagger Spray","floor":18},{"not_picked":["Prepared","Cloak And Dagger"],"picked":"Quick Slash+1","floor":20},{"not_picked":["Glass Knife+1","Leg Sweep"],"picked":"Backflip","floor":21},{"not_picked":["Dagger Throw+1","Deadly Poison+1"],"picked":"Heel Hook+1","floor":24},{"not_picked":["Bane+1","Predator+1"],"picked":"Envenom","floor":25},{"not_picked":["Infinite Blades","Deflect+1"],"picked":"Flying Knee+1","floor":30}],"player_experience":106493,"relics_obtained":[{"floor":9,"key":"Snake Skull"},{"floor":26,"key":"Calipers"},{"floor":29,"key":"Anchor"},{"floor":31,"key":"Toxic Egg 2"}],"event_choices":[{"damage_healed":0,"gold_gain":0,"player_choice":"Bought 0 Potions","damage_taken":0,"max_hp_gain":0,"max_hp_loss":0,"event_name":"The Woman in Blue","floor":3,"gold_loss":0},{"cards_removed":["Strike_G"],"damage_healed":0,"gold_gain":0,"player_choice":"Card Removal","damage_taken":0,"max_hp_gain":0,"max_hp_loss":0,"event_name":"The Cleric","floor":7,"gold_loss":50},{"cards_removed":["Strike_G"],"damage_healed":0,"gold_gain":0,"player_choice":"Card Removal","damage_taken":7,"max_hp_gain":0,"max_hp_loss":0,"event_name":"Golden Wing","floor":11,"gold_loss":0},{"damage_healed":0,"gold_gain":0,"player_choice":"Ignored","damage_taken":0,"max_hp_gain":0,"max_hp_loss":0,"event_name":"Vampires","floor":22,"gold_loss":0},{"damage_healed":0,"gold_gain":0,"player_choice":"Opened","damage_taken":0,"relics_obtained":["Juzu Bracelet"],"max_hp_gain":0,"max_hp_loss":0,"event_name":"The Mausoleum","floor":28,"gold_loss":0,"cards_obtained":["Writhe"]}],"is_beta":false,"boss_relics":[{"not_picked":["Coffee Dripper","Busted Crown"],"picked":"Fusion Hammer"}],"items_purged_floors":[],"is_endless":false,"potions_floor_spawned":[2,6,14,20,21],"killed_by":"Collector","ascension_level":0}