{"gold_per_floor":[214,214,164,164,183,210,171,188,188,188,188,203,203,58,58,156,156,171,171,184,144,157,157,191,191,191,191,191,48,60,74,74,173,173,189,206,138,138,138,138,151,151,177,195,118,149,165,90,90,90],"floor_reached":51,"playtime":1404,"items_purged":["Strike_B"],"score":743,"play_id":"44f41d6d-2a77-49ef-b76b-90f60304d873","local_time":"20181229002226","is_ascension_mode":false,"campfire_choices":[{"data":"Defragment","floor":11.0,"key":"SMITH"},{"data":"Defragment","floor":15.0,"key":"SMITH"},{"data":"Ball Lightning","floor":23.0,"key":"SMITH"},{"data":"Ball Lightning","floor":27.0,"key":"SMITH"},{"data":"Conserve Battery","floor":32.0,"key":"SMITH"},{"data":"Thunder Strike","floor":40.0,"key":"SMITH"},{"data":"Conserve Battery","floor":42.0,"key":"SMITH"},{"floor":49,"key":"REST"}],"neow_cost":"NONE","seed_source_timestamp":361586324081554,"circlet_count":0,"master_deck":["Strike_B","Strike_B+1","Strike_B+1","Defend_B+1","Defend_B+1","Zap+1","Dualcast+1","Chill","Conserve Battery+1","Defragment+1","Glacier+1","Defragment+1","Ball Lightning+1","Hologram+1","Ball Lightning+1","Conserve Battery+1","Echo Form+1","Defragment+1","Thunder Strike+1","Cold Snap+1","Tempest+1","Loop+1","Defragment+1","Coolheaded+1"],"special_seed":0,"relics":["Cracked Core","Symbiotic Virus","Bottled Lightning","Pocketwatch","Omamori","Whetstone","Inserter","Juzu Bracelet","Matryoshka","Frozen Egg 2","Shuriken","Sozu","Orichalcum","Oddly Smooth Stone","War Paint"],"potions_floor_usage":[50,50,50],"damage_taken":[{"damage":2.0,"enemies":"Small Slimes","floor":1.0,"turns":3.0},{"damage":4.0,"enemies":"Jaw Worm","floor":5.0,"turns":2.0},{"damage":33.0,"enemies":"Lagavulin","floor":6.0,"turns":8.0},{"damage":0.0,"enemies":"2 Louse","floor":8.0,"turns":2.0},{"damage":0.0,"enemies":"Looter","floor":12.0,"turns":2.0},{"damage":2.0,"enemies":"Slime Boss","floor":16.0,"turns":9.0},{"damage":0.0,"enemies":"Chosen","floor":18.0,"turns":4.0},{"damage":0.0,"enemies":"Shell Parasite","floor":20.0,"turns":5.0},{"damage":0.0,"enemies":"3 Cultists","floor":22.0,"turns":6.0},{"damage":0.0,"enemies":"Book of Stabbing","floor":24.0,"turns":5.0},{"damage":3.0,"enemies":"Snake Plant","floor":30.0,"turns":4.0},{"damage":0.0,"enemies":"Centurion and Healer","floor":31.0,"turns":5.0},{"damage":38.0,"enemies":"Collector","floor":33.0,"turns":9.0},{"damage":0.0,"enemies":"Orb Walker","floor":35.0,"turns":4.0},{"damage":7.0,"enemies":"3 Darklings","floor":36.0,"turns":4.0},{"damage":0.0,"enemies":"Jaw Worm Horde","floor":41.0,"turns":5.0},{"damage":4.0,"enemies":"4 Shapes","floor":44.0,"turns":5.0},{"damage":52,"enemies":"Reptomancer","floor":46,"turns":5},{"damage":0,"enemies":"Transient","floor":47,"turns":5},{"damage":9,"enemies":"Time Eater","floor":50,"turns":12}],"seed_played":"4031323733208903428","potions_obtained":[{"floor":1.0,"key":"Ancient Potion"},{"floor":6.0,"key":"Strength Potion"},{"floor":12.0,"key":"PowerPotion"},{"floor":20.0,"key":"Dexterity Potion"},{"floor":30.0,"key":"PowerPotion"}],"is_trial":false,"path_per_floor":["M","?","?","$","M","E","$","M","T","?","R","M","T","$","R","B",null,"M","?","M","?","M","R","E","?","T","R","?","$","M","M","R","B",null,"M","M","$","?","$","R","M","R","T","M","$","E","M","$","R","B",null],"character_chosen":"DEFECT","items_purchased":["Defragment","Whetstone","Echo Form+1","Loop+1","Defragment+1"],"campfire_rested":1,"item_purchase_floors":[7,14,29,37,45],"current_hp_per_floor":[73,73,73,73,69,36,36,36,36,29,29,29,29,29,29,27,75,75,75,75,75,75,75,75,75,75,75,75,75,72,72,72,34,75,75,68,68,68,68,68,68,68,68,64,64,12,12,12,34,25],"gold":90,"neow_bonus":"HUNDRED_GOLD","is_prod":false,"is_daily":false,"chose_seed":false,"campfire_upgraded":7,"win_rate":0,"timestamp":1546042946,"path_taken":["M","?","?","?","M","E","$","M","T","?","R","M","?","$","R","BOSS","M","?","M","?","M","R","E","?","T","R","?","$","M","M","R","BOSS","M","M","$","?","?","R","M","R","T","M","$","E","M","$","R","BOSS"],"build_version":"2018-12-20","purchased_purges":1,"victory":true,"max_hp_per_floor":[75,75,75,75,75,75,75,75,75,75,75,75,75,75,75,75,75,75,75,75,75,75,75,75,75,75,75,75,75,75,75,75,75,75,75,75,75,75,75,75,75,75,75,75,75,75,75,75,75,75],"card_choices":[{"not_picked":["Hologram","Cold Snap"],"picked":"Chill","floor":1.0},{"not_picked":["Lockon","Sweeping Beam","Beam Cell"],"picked":"SKIP","floor":5.0},{"not_picked":["Force Field","Gash"],"picked":"Conserve Battery","floor":6.0},{"not_picked":["Rebound","Tempest"],"picked":"Glacier","floor":8.0},{"not_picked":["Cold Snap","Barrage"],"picked":"Defragment","floor":12.0},{"not_picked":["Go for the Eyes","Beam Cell"],"picked":"Ball Lightning","floor":18.0},{"not_picked":["Beam Cell+1","Genetic Algorithm"],"picked":"Hologram+1","floor":20.0},{"not_picked":["Tempest","Conserve Battery"],"picked":"Ball Lightning","floor":22.0},{"not_picked":["Melter","Reboot"],"picked":"Conserve Battery","floor":24.0},{"not_picked":["Reinforced Body","Genetic Algorithm"],"picked":"Defragment+1","floor":30.0},{"not_picked":["Steam+1","White Noise","Steam Power"],"picked":"SKIP","floor":31.0},{"not_picked":["All For One","Fission"],"picked":"Thunder Strike","floor":33.0},{"not_picked":["Force Field","Blizzard+1"],"picked":"Cold Snap+1","floor":35.0},{"not_picked":["Steam","Skim+1"],"picked":"Tempest+1","floor":36.0},{"not_picked":["Barrage","Streamline","Turbo+1"],"picked":"SKIP","floor":41.0},{"not_picked":["Leap+1","BootSequence+1","Hologram+1"],"picked":"SKIP","floor":44.0},{"not_picked":["BootSequence","Rebound","Cold Snap"],"picked":"SKIP","floor":46},{"not_picked":["Recycle+1","Biased Cognition+1"],"picked":"Coolheaded+1","floor":47}],"player_experience":922214,"relics_obtained":[{"floor":6.0,"key":"Symbiotic Virus"},{"floor":9.0,"key":"Bottled Lightning"},{"floor":13.0,"key":"Omamori"},{"floor":24.0,"key":"Matryoshka"},{"floor":26.0,"key":"Frozen Egg 2"},{"floor":26.0,"key":"Shuriken"},{"floor":43.0,"key":"Orichalcum"},{"floor":43.0,"key":"Oddly Smooth Stone"},{"floor":46,"key":"War Paint"}],"event_choices":[{"damage_healed":0.0,"max_hp_gain":0.0,"max_hp_loss":0.0,"gold_gain":0.0,"event_name":"Living Wall","player_choice":"Grow","floor":2.0,"gold_loss":0.0,"damage_taken":0.0,"cards_upgraded":["Dualcast"]},{"cards_removed":["Defend_B"],"damage_healed":0.0,"max_hp_gain":0.0,"max_hp_loss":0.0,"gold_gain":0.0,"event_name":"The Cleric","player_choice":"Card Removal","floor":3.0,"gold_loss":50.0,"damage_taken":0.0},{"damage_healed":0.0,"max_hp_gain":0.0,"max_hp_loss":0.0,"gold_gain":0.0,"event_name":"Scrap Ooze","player_choice":"Success","floor":10.0,"gold_loss":0.0,"damage_taken":7.0,"relics_obtained":["Pocketwatch"]},{"damage_healed":0.0,"max_hp_gain":0.0,"max_hp_loss":0.0,"gold_gain":0.0,"event_name":"WeMeetAgain","player_choice":"Gave Potion","floor":19.0,"gold_loss":0.0,"damage_taken":0.0,"relics_obtained":["Juzu Bracelet"]},{"damage_healed":0.0,"max_hp_gain":0.0,"max_hp_loss":0.0,"gold_gain":0.0,"event_name":"Designer","player_choice":"Upgraded Two","floor":21.0,"gold_loss":40.0,"damage_taken":0.0,"cards_upgraded":["Zap","Glacier"]},{"damage_healed":0.0,"max_hp_gain":0.0,"max_hp_loss":0.0,"gold_gain":0.0,"event_name":"Cursed Tome","player_choice":"Ignored","floor":25.0,"gold_loss":0.0,"damage_taken":0.0},{"damage_healed":0.0,"max_hp_gain":0.0,"max_hp_loss":0.0,"gold_gain":0.0,"event_name":"Ghosts","player_choice":"Ignored","floor":28.0,"gold_loss":0.0,"damage_taken":0.0},{"cards_removed":["Defend_B"],"damage_healed":0.0,"max_hp_gain":0.0,"max_hp_loss":0.0,"gold_gain":0.0,"event_name":"Wheel of Change","player_choice":"Card Removal","floor":38.0,"gold_loss":0.0,"damage_taken":0.0}],"is_beta":false,"boss_relics":[{"not_picked":["Pandora\u0027s Box","Black Star"],"picked":"Inserter"},{"not_picked":["FrozenCore","Empty Cage"],"picked":"Sozu"}],"items_purged_floors":[48],"is_endless":false,"potions_floor_spawned":[1,6,12,20,24,30,33,35,44,46],"ascension_level":0}