{"gold_per_floor":[111,124,124,137,137,137,149,149,173,185,199,9,9,25,25,121,121,134,57,57,17,17,17,17,17,17,29,39,73,73,93,93,189,189,207,222,222,28,46,46,58,58,134,134,149,74,74,74,74,74],"floor_reached":51,"playtime":13440,"items_purged":[],"score":682,"play_id":"d73c9c2f-afdc-4af5-bee2-ddfb717a2d29","local_time":"20181028162653","is_ascension_mode":false,"campfire_choices":[{"data":"Dramatic Entrance","floor":6.0,"key":"SMITH"},{"data":"Defragment","floor":8.0,"key":"SMITH"},{"data":"Streamline","floor":13.0,"key":"SMITH"},{"data":"Go for the Eyes","floor":15.0,"key":"SMITH"},{"data":"Seek","floor":23.0,"key":"SMITH"},{"data":"Buffer","floor":25.0,"key":"SMITH"},{"data":"Seek","floor":30.0,"key":"SMITH"},{"data":"Defragment","floor":32.0,"key":"SMITH"},{"data":"Consume","floor":40,"key":"SMITH"},{"data":"Redo","floor":42,"key":"SMITH"},{"data":"Loop","floor":47,"key":"SMITH"},{"floor":49,"key":"REST"}],"neow_cost":"NONE","seed_source_timestamp":0,"circlet_count":0,"master_deck":["Zap+1","Dualcast","Dramatic Entrance+1","Glacier","White Noise+1","Conserve Battery","Defragment+1","Streamline+1","Go for the Eyes+1","Compile Driver","Doom and Gloom","Seek+1","Compile Driver","Beam Cell","Leap","Turbo","Consume+1","Redo+1","Seek+1","Self Repair","Buffer+1","Hologram+1","Coolheaded+1","All For One","Defragment+1","Echo Form","Cold Snap","FTL+1","White Noise","Loop+1"],"special_seed":0,"relics":["Cracked Core","War Paint","DataDisk","Pandora\u0027s Box","Omamori","Meat on the Bone","Juzu Bracelet","Velvet Choker","Runic Capacitor","Bottled Lightning"],"potions_floor_usage":[39],"damage_taken":[{"damage":1.0,"enemies":"Cultist","floor":1.0,"turns":3.0},{"damage":2.0,"enemies":"2 Louse","floor":2.0,"turns":2.0},{"damage":5.0,"enemies":"Small Slimes","floor":4.0,"turns":4.0},{"damage":0.0,"enemies":"Red Slaver","floor":7.0,"turns":5.0},{"damage":0.0,"enemies":"Blue Slaver","floor":10.0,"turns":4.0},{"damage":0.0,"enemies":"Exordium Wildlife","floor":11.0,"turns":4.0},{"damage":3.0,"enemies":"Large Slime","floor":14.0,"turns":3.0},{"damage":25.0,"enemies":"Slime Boss","floor":16.0,"turns":7.0},{"damage":17.0,"enemies":"2 Thieves","floor":18.0,"turns":3.0},{"damage":0.0,"enemies":"Spheric Guardian","floor":27.0,"turns":4.0},{"damage":0.0,"enemies":"3 Cultists","floor":28.0,"turns":4.0},{"damage":27.0,"enemies":"Slavers","floor":29.0,"turns":4.0},{"damage":0.0,"enemies":"Cultist and Chosen","floor":31.0,"turns":5.0},{"damage":0.0,"enemies":"Collector","floor":33.0,"turns":12.0},{"damage":18.0,"enemies":"3 Shapes","floor":35.0,"turns":4.0},{"damage":0.0,"enemies":"3 Darklings","floor":36.0,"turns":2.0},{"damage":26,"enemies":"4 Shapes","floor":39,"turns":7},{"damage":14,"enemies":"Jaw Worm Horde","floor":41,"turns":6},{"damage":0,"enemies":"Sphere and 2 Shapes","floor":45,"turns":6},{"damage":13,"enemies":"Time Eater","floor":50,"turns":17}],"seed_played":"-4285222137308335446","potions_obtained":[{"floor":1.0,"key":"FearPotion"},{"floor":2.0,"key":"SkillPotion"},{"floor":7.0,"key":"Regen Potion"},{"floor":28.0,"key":"GamblersBrew"},{"floor":35.0,"key":"Dexterity Potion"},{"floor":39,"key":"Weak Potion"}],"is_trial":false,"path_per_floor":["M","M","?","M","?","R","M","R","T","M","M","$","R","M","R","B",null,"M","$","?","$","?","R","$","R","T","M","M","E","R","M","R","B",null,"M","M","?","$","M","R","M","R","T","?","M","$","R","?","R","B"],"character_chosen":"DEFECT","items_purchased":["DataDisk","Compile Driver","Seek","Self Repair","Runic Capacitor","Loop"],"campfire_rested":1,"item_purchase_floors":[12,12,19,21,38,46],"current_hp_per_floor":[74,72,72,67,67,67,67,67,67,67,67,67,67,64,64,39,75,58,58,58,58,58,58,58,58,58,65,72,62,62,69,69,75,75,64,64,64,64,45,45,50,50,50,50,57,57,57,57,71,65],"gold":74,"neow_bonus":"RANDOM_COLORLESS","is_prod":false,"is_daily":false,"chose_seed":false,"campfire_upgraded":11,"win_rate":0,"timestamp":1540758413,"path_taken":["M","M","?","M","?","R","M","R","T","M","M","$","R","M","R","BOSS","M","$","?","$","?","R","?","R","T","?","M","E","R","M","R","BOSS","M","M","?","$","M","R","M","R","T","?","M","$","R","?","R","BOSS"],"build_version":"2018-10-25v2","purchased_purges":0,"victory":true,"max_hp_per_floor":[75,75,75,75,75,75,75,75,75,75,75,75,75,75,75,75,75,75,75,75,75,75,75,75,75,75,75,75,75,75,75,75,75,75,75,75,75,75,75,75,75,75,75,71,71,71,71,71,71,71],"card_choices":[{"not_picked":["BootSequence","Storm"],"picked":"Glacier","floor":1.0},{"not_picked":["Undo","Steam"],"picked":"White Noise","floor":2.0},{"not_picked":["Sweeping Beam","Hologram"],"picked":"Conserve Battery","floor":4.0},{"not_picked":["Coolheaded","Chaos"],"picked":"Defragment","floor":7.0},{"not_picked":["Sweeping Beam","Go for the Eyes"],"picked":"Streamline","floor":10.0},{"not_picked":["Redo","Turbo"],"picked":"Go for the Eyes","floor":11.0},{"not_picked":["Static Discharge","Hologram"],"picked":"Doom and Gloom","floor":14.0},{"not_picked":["Core Surge","Biased Cognition"],"picked":"Seek","floor":16.0},{"not_picked":["Go for the Eyes","Scrape"],"picked":"Redo","floor":18.0},{"not_picked":["Ball Lightning","Meteor Strike"],"picked":"Hologram+1","floor":27.0},{"not_picked":["Aggregate+1","Stack+1"],"picked":"Coolheaded+1","floor":28.0},{"not_picked":["Streamline","Cold Snap"],"picked":"All For One","floor":29.0},{"not_picked":["Go for the Eyes","Beam Cell+1"],"picked":"Defragment","floor":31.0},{"not_picked":["Amplify","Hyperbeam"],"picked":"Echo Form","floor":33.0},{"not_picked":["Hologram","Scrape+1","Tempest"],"picked":"SKIP","floor":35.0},{"not_picked":["Steam","Rip and Tear+1"],"picked":"Cold Snap","floor":36.0},{"not_picked":["Streamline","Steam"],"picked":"FTL+1","floor":39},{"not_picked":["Gash+1","Sunder","Rebound"],"picked":"SKIP","floor":41},{"not_picked":["Conserve Battery","Steam"],"picked":"White Noise","floor":45}],"player_experience":3192689,"relics_obtained":[{"floor":9.0,"key":"War Paint"},{"floor":26.0,"key":"Meat on the Bone"},{"floor":29.0,"key":"Juzu Bracelet"},{"floor":43,"key":"Bottled Lightning"}],"event_choices":[{"cards_removed":["Strike_B"],"damage_healed":0.0,"max_hp_gain":0.0,"max_hp_loss":0.0,"gold_gain":0.0,"event_name":"Purifier","player_choice":"Purged","floor":3.0,"gold_loss":0.0,"damage_taken":0.0},{"damage_healed":0.0,"max_hp_gain":0.0,"max_hp_loss":0.0,"gold_gain":0.0,"event_name":"Match and Keep!","player_choice":"0 cards matched","floor":5.0,"gold_loss":0.0,"damage_taken":0.0,"cards_obtained":[]},{"damage_healed":0.0,"max_hp_gain":0.0,"max_hp_loss":0.0,"gold_gain":0.0,"event_name":"Match and Keep!","player_choice":"0 cards matched","floor":5.0,"gold_loss":0.0,"damage_taken":0.0,"cards_obtained":[]},{"damage_healed":0.0,"max_hp_gain":0.0,"max_hp_loss":0.0,"gold_gain":0.0,"event_name":"The Mausoleum","player_choice":"Opened","floor":20.0,"gold_loss":0.0,"damage_taken":0.0,"relics_obtained":["Omamori"]},{"damage_healed":0.0,"max_hp_gain":0.0,"max_hp_loss":0.0,"gold_gain":0.0,"cards_transformed":["Lockon"],"event_name":"Transmorgrifier","player_choice":"Transformed","floor":22.0,"gold_loss":0.0,"damage_taken":0.0,"cards_obtained":["Buffer"]},{"damage_healed":0.0,"max_hp_gain":0.0,"max_hp_loss":0.0,"gold_gain":0.0,"event_name":"Mysterious Sphere","player_choice":"Ignored","floor":37.0,"gold_loss":0.0,"damage_taken":0.0},{"damage_healed":0,"gold_gain":0,"player_choice":"Max HP","damage_taken":0,"max_hp_gain":0,"max_hp_loss":4,"event_name":"Winding Halls","floor":44,"gold_loss":0},{"cards_removed":["Blizzard"],"damage_healed":0,"gold_gain":0,"player_choice":"Removed Attack","damage_taken":0,"max_hp_gain":0,"max_hp_loss":0,"event_name":"Falling","floor":48,"gold_loss":0}],"is_beta":false,"boss_relics":[{"not_picked":["Runic Pyramid","Lizard Tail"],"picked":"Pandora\u0027s Box"},{"not_picked":["Tiny House","Eternal Feather"],"picked":"Velvet Choker"}],"items_purged_floors":[],"is_endless":false,"potions_floor_spawned":[1,2,7,14,16,27,28,35,39],"ascension_level":0}