{"gold_per_floor":[117,117,32,82,100,100,117,117,117,117,147,162,176,201,201,275,275,289,6,6,6,23,23,55,55,107,107,137,137,137,154,154,226,226,237,287,58,68,87,87,106,106,154,171,171,48,48,48,48,48],"floor_reached":50,"playtime":4055,"items_purged":["Strike_G"],"score":1047,"play_id":"6adc16bb-ae1d-4ad1-9b73-5f21a0ba89e4","local_time":"20190209140802","is_ascension_mode":true,"campfire_choices":[{"data":"Dagger Throw","floor":6,"key":"SMITH"},{"data":"Neutralize","floor":8,"key":"SMITH"},{"data":"Leg Sweep","floor":10,"key":"SMITH"},{"data":"Caltrops","floor":15,"key":"SMITH"},{"data":"After Image","floor":23,"key":"SMITH"},{"data":"Infinite Blades","floor":25,"key":"SMITH"},{"data":"Ghostly","floor":27,"key":"SMITH"},{"data":"Ghostly","floor":29,"key":"SMITH"},{"data":"Caltrops","floor":32,"key":"SMITH"},{"floor":40,"key":"REST"},{"data":"Ghostly","floor":42,"key":"SMITH"},{"data":"A Thousand Cuts","floor":45,"key":"SMITH"},{"data":"Footwork","floor":47,"key":"SMITH"},{"floor":49,"key":"REST"}],"neow_cost":"NONE","seed_source_timestamp":356366512615400,"circlet_count":0,"master_deck":["AscendersBane","Defend_G","Defend_G","Defend_G","Defend_G","Survivor","Neutralize+1","Leg Sweep+1","Dagger Throw+1","Quick Slash","Slice","Caltrops+1","PiercingWail","Blade Dance","After Image+1","Flying Knee+1","Tools of the Trade+1","Infinite Blades+1","Ghostly+1","Ghostly+1","Ghostly+1","Bane","Bouncing Flask","Calculated Gamble","Blade Dance+1","Caltrops+1","Backflip+1","A Thousand Cuts+1","Backflip+1","Footwork+1","PiercingWail+1","Caltrops+1","Blade Dance+1","Backflip+1","Prepared+1","Leg Sweep+1"],"relics":["Ring of the Snake","Blood Vial","Kunai","Bronze Scales","Incense Burner","Astrolabe","Pen Nib","Toxic Egg 2","Omamori","Bottled Lightning","Snake Skull"],"potions_floor_usage":[11,11,14,24,24,33,39,44,50,50],"damage_taken":[{"damage":6,"enemies":"Jaw Worm","floor":1,"turns":7},{"damage":0,"enemies":"2 Louse","floor":5,"turns":3},{"damage":0,"enemies":"Cultist","floor":7,"turns":4},{"damage":16,"enemies":"Gremlin Nob","floor":11,"turns":5},{"damage":0,"enemies":"Blue Slaver","floor":12,"turns":4},{"damage":0,"enemies":"Large Slime","floor":13,"turns":8},{"damage":12,"enemies":"Lagavulin","floor":14,"turns":10},{"damage":18,"enemies":"Hexaghost","floor":16,"turns":10},{"damage":0,"enemies":"3 Byrds","floor":18,"turns":4},{"damage":0,"enemies":"Chosen","floor":22,"turns":5},{"damage":24,"enemies":"Slavers","floor":24,"turns":6},{"damage":0,"enemies":"Book of Stabbing","floor":28,"turns":5},{"damage":2,"enemies":"Snecko","floor":31,"turns":8},{"damage":44,"enemies":"Collector","floor":33,"turns":14},{"damage":5,"enemies":"3 Shapes","floor":35,"turns":8},{"damage":8,"enemies":"Orb Walker","floor":38,"turns":5},{"damage":13,"enemies":"Transient","floor":39,"turns":6},{"damage":7,"enemies":"Sphere and 2 Shapes","floor":41,"turns":6},{"damage":1,"enemies":"Maw","floor":44,"turns":8},{"damage":49,"enemies":"Donu and Deca","floor":50,"turns":3}],"seed_played":"752110749496748630","potions_obtained":[{"floor":1,"key":"SkillPotion"},{"floor":11,"key":"Fire Potion"},{"floor":13,"key":"SpeedPotion"},{"floor":18,"key":"Dexterity Potion"},{"floor":22,"key":"Regen Potion"},{"floor":24,"key":"SteroidPotion"},{"floor":33,"key":"LiquidBronze"},{"floor":41,"key":"Block Potion"}],"is_trial":false,"path_per_floor":["M","?","$","?","M","R","M","R","T","R","E","M","M","E","R","B",null,"M","$","?","?","M","R","E","R","T","R","E","R","?","M","R","B",null,"M","?","$","M","M","R","M","R","T","M","R","$","R","$","R","B"],"character_chosen":"THE_SILENT","items_purchased":["Dagger Throw","Block Potion","Infinite Blades","Pen Nib","Footwork","PiercingWail+1","GhostInAJar","Leg Sweep+1","Regen Potion"],"campfire_rested":2,"item_purchase_floors":[3,3,19,19,37,37,37,46,46],"current_hp_per_floor":[59,48,48,48,50,50,52,52,52,52,38,40,42,32,32,16,58,60,60,36,36,36,36,26,26,26,26,28,28,46,44,44,2,35,32,28,28,22,11,24,19,19,19,20,20,20,20,20,33,0],"gold":48,"neow_bonus":"TEN_PERCENT_HP_BONUS","is_prod":false,"is_daily":false,"chose_seed":false,"campfire_upgraded":12,"win_rate":0,"timestamp":1549717682,"path_taken":["M","?","$","?","M","R","M","R","T","R","E","?","M","E","R","BOSS","M","$","?","?","M","R","E","R","T","R","E","R","?","M","R","BOSS","M","?","?","M","M","R","M","R","T","?","R","?","R","$","R","BOSS"],"build_version":"2019-01-23","purchased_purges":1,"victory":false,"max_hp_per_floor":[72,72,72,72,72,72,72,72,72,72,72,72,72,72,72,72,72,72,72,36,36,36,36,36,36,36,36,36,36,46,46,46,46,46,46,46,46,46,46,46,46,46,46,46,46,46,46,46,46,46],"card_choices":[{"not_picked":["Distraction","Slice"],"picked":"Leg Sweep","floor":1},{"not_picked":["PiercingWail","Slice"],"picked":"Quick Slash","floor":5},{"not_picked":["Underhanded Strike","Deflect","Tactician"],"picked":"SKIP","floor":7},{"not_picked":["Bouncing Flask","Tactician"],"picked":"Slice","floor":11},{"not_picked":["Phantasmal Killer","Bane"],"picked":"Caltrops","floor":12},{"not_picked":["Quick Slash","Deflect"],"picked":"PiercingWail","floor":13},{"not_picked":["PiercingWail","Flechettes"],"picked":"Blade Dance","floor":14},{"not_picked":["Corpse Explosion","Phantasmal Killer"],"picked":"After Image","floor":16},{"not_picked":["Underhanded Strike","Masterful Stab","Acrobatics"],"picked":"SKIP","floor":18},{"not_picked":["Sucker Punch","Flying Knee+1"],"picked":"Calculated Gamble","floor":22},{"not_picked":["Prepared","Die Die Die"],"picked":"Blade Dance","floor":24},{"not_picked":["Expertise+1","Sucker Punch"],"picked":"Caltrops","floor":28},{"not_picked":["All Out Attack","PiercingWail+1"],"picked":"Backflip+1","floor":31},{"not_picked":["Die Die Die","After Image"],"picked":"A Thousand Cuts","floor":33},{"not_picked":["Blade Dance+1","Sucker Punch"],"picked":"Backflip+1","floor":35},{"not_picked":["Riddle With Holes","Underhanded Strike"],"picked":"Caltrops+1","floor":38},{"not_picked":["Tactician+1","Flying Knee"],"picked":"Blade Dance+1","floor":39},{"not_picked":["Choke+1","Acrobatics+1"],"picked":"Backflip+1","floor":41},{"not_picked":["Underhanded Strike","Slice"],"picked":"Prepared+1","floor":44}],"player_experience":507402,"relics_obtained":[{"floor":9,"key":"Kunai"},{"floor":11,"key":"Bronze Scales"},{"floor":14,"key":"Incense Burner"},{"floor":24,"key":"Toxic Egg 2"},{"floor":26,"key":"Omamori"},{"floor":28,"key":"Bottled Lightning"},{"floor":43,"key":"Snake Skull"}],"event_choices":[{"damage_healed":0,"gold_gain":0,"player_choice":"Success","damage_taken":11,"relics_obtained":["Blood Vial"],"max_hp_gain":0,"max_hp_loss":0,"event_name":"Scrap Ooze","floor":2,"gold_loss":0},{"damage_healed":0,"gold_gain":50,"player_choice":"Pray","damage_taken":0,"max_hp_gain":0,"max_hp_loss":0,"event_name":"Golden Shrine","floor":4,"gold_loss":0},{"damage_healed":0,"gold_gain":0,"player_choice":"Became a Ghost","damage_taken":0,"max_hp_gain":0,"max_hp_loss":36,"event_name":"Ghosts","floor":20,"gold_loss":0,"cards_obtained":["Ghostly","Ghostly","Ghostly"]},{"damage_healed":0,"gold_gain":0,"cards_transformed":["Strike_G","Defend_G"],"player_choice":"Became Test Subject","damage_taken":0,"max_hp_gain":0,"max_hp_loss":0,"event_name":"Drug Dealer","floor":21,"gold_loss":0,"cards_obtained":["Bane","Bouncing Flask"]},{"cards_removed":["Grand Finale"],"damage_healed":8,"gold_gain":0,"player_choice":"Offered Rare","damage_taken":0,"max_hp_gain":10,"max_hp_loss":0,"event_name":"Bonfire Elementals","floor":30,"gold_loss":0},{"damage_healed":0,"gold_gain":50,"player_choice":"Touch","damage_taken":4,"max_hp_gain":0,"max_hp_loss":0,"event_name":"FaceTrader","floor":36,"gold_loss":0}],"is_beta":false,"boss_relics":[{"not_picked":["Tiny House","HoveringKite"],"picked":"Astrolabe"},{"not_picked":["Snecko Eye","Velvet Choker","Pandora\u0027s Box"]}],"items_purged_floors":[19],"is_endless":false,"potions_floor_spawned":[1,11,13,18,22,24,33,38,41],"killed_by":"Donu and Deca","ascension_level":20}