{"gold_per_floor":[112,131,141,92,111,111,111,145,169,187,207,207,285,41,41,141,141],"floor_reached":17,"playtime":565,"items_purged":[],"score":157,"play_id":"998a6460-fbe3-4518-955c-84ce59fc86d2","local_time":"20181014170119","is_ascension_mode":false,"campfire_choices":[{"data":"Cleave","floor":6,"key":"SMITH"},{"data":"Rampage","floor":12,"key":"SMITH"},{"data":"Iron Wave","floor":15,"key":"SMITH"}],"neow_cost":"NONE","seed_source_timestamp":671784341162,"circlet_count":0,"master_deck":["Strike_R","Strike_R","Strike_R","Strike_R","Strike_R","Defend_R","Defend_R","Defend_R","Defend_R","Bash","Clothesline","Cleave+1","Flex","Iron Wave+1","Whirlwind","Rampage+1","Flex","Twin Strike","Double Tap"],"relics":["Burning Blood","PreservedInsect","Potion Belt","Anchor","Lantern"],"potions_floor_usage":[],"damage_taken":[{"damage":11,"enemies":"Jaw Worm","floor":1,"turns":5},{"damage":0,"enemies":"Cultist","floor":2,"turns":4},{"damage":2,"enemies":"2 Louse","floor":3,"turns":2},{"damage":13,"enemies":"Blue Slaver","floor":5,"turns":4},{"damage":16,"enemies":"Lagavulin","floor":8,"turns":6},{"damage":5,"enemies":"2 Fungi Beasts","floor":10,"turns":3},{"damage":13,"enemies":"Exordium Thugs","floor":11,"turns":5},{"damage":28,"enemies":"Slime Boss","floor":16,"turns":10}],"seed_played":"-4939303760959154156","potions_obtained":[{"floor":2,"key":"Energy Potion"},{"floor":3,"key":"GamblersBrew"},{"floor":8,"key":"SpeedPotion"},{"floor":11,"key":"EssenceOfSteel"}],"is_trial":false,"path_per_floor":["M","M","M","$","M","R","?","E","T","M","M","R","?","$","R","B"],"character_chosen":"IRONCLAD","items_purchased":["Flex","Lantern","Flex","Twin Strike"],"campfire_rested":0,"item_purchase_floors":[4,14,14,14],"current_hp_per_floor":[83,88,88,88,81,81,81,71,71,72,65,65,65,65,65,43,43],"gold":141,"neow_bonus":"TEN_PERCENT_HP_BONUS","is_prod":false,"is_daily":false,"chose_seed":false,"campfire_upgraded":3,"win_rate":0,"timestamp":1539532879,"path_taken":["M","M","M","$","M","R","?","E","T","M","M","R","?","?","R","BOSS"],"build_version":"2018-10-11","purchased_purges":0,"victory":false,"max_hp_per_floor":[88,88,88,88,88,88,88,88,88,88,88,88,88,88,88,88,88],"card_choices":[{"not_picked":["Havoc","Disarm"],"picked":"Clothesline","floor":1},{"not_picked":["Havoc","Heavy Blade","Brutality"],"picked":"SKIP","floor":2},{"not_picked":["Headbutt","Armaments"],"picked":"Cleave","floor":3},{"not_picked":["Sever Soul","Rupture"],"picked":"Iron Wave","floor":5},{"not_picked":["Body Slam","Hemokinesis","Sever Soul"],"picked":"SKIP","floor":8},{"not_picked":["Clothesline","Shrug It Off"],"picked":"Whirlwind","floor":10},{"not_picked":["Pommel Strike","Seeing Red"],"picked":"Rampage","floor":11},{"not_picked":["Offering","Exhume"],"picked":"Double Tap","floor":16}],"player_experience":698587,"relics_obtained":[{"floor":7,"key":"PreservedInsect"},{"floor":8,"key":"Potion Belt"},{"floor":9,"key":"Anchor"}],"event_choices":[{"event_name":"Wheel of Change","player_choice":"Relic","floor":7,"damage_taken":0},{"event_name":"Golden Wing","player_choice":"Gained Gold","floor":13,"damage_taken":0}],"is_beta":false,"boss_relics":[],"items_purged_floors":[],"is_endless":false,"potions_floor_spawned":[2,3,8,11],"ascension_level":0}