{"gold_per_floor":[114,129,144,144,159,219,219,249,274,289,289,304,334,349,349,449,449,464,479,503,103,103,133,133,148,173,188,38,38,38,68,68,168,168,183,197,272,122,137,137],"floor_reached":40,"playtime":9683,"items_purged":[],"score":471,"play_id":"ec65bc75-b80e-490a-9ca0-7e4963a4c222","local_time":"20180628194706","daily_mods":["Allstar","Time Dilation","Night Terrors"],"is_ascension_mode":false,"campfire_choices":[{"data":"Mind Blast","floor":7,"key":"SMITH"},{"data":"Anger","floor":11,"key":"SMITH"},{"data":"Body Slam","floor":15,"key":"SMITH"},{"floor":24,"key":"REST"},{"data":"Mind Blast","floor":29,"key":"SMITH"},{"floor":32,"key":"REST"}],"neow_cost":"","seed_source_timestamp":0,"circlet_count":0,"master_deck":["Strike_R","Strike_R","Strike_R","Defend_R+1","Defend_R","Defend_R","Defend_R","Bash","Mind Blast+1","Mind Blast+1","Swift Strike","Dark Shackles+1","Trip","Body Slam+1","Shrug It Off","Entrench","Anger+1","Flex","Warcry","Juggernaut","Iron Wave","Infernal Blade","Armaments","Infernal Blade+1"],"special_seed":17710,"relics":["Burning Blood","Singing Bowl","Tiny Chest","Letter Opener","War Paint","Incense Burner","Empty Cage","Red Mask","Pantograph","Omamori","Nilry\u0027s Codex","Juzu Bracelet","Happy Flower","Bag of Marbles","Mercury Hourglass","Busted Crown","Ice Cream","Toolbox","Bag of Preparation"],"potions_floor_usage":[6,6,18,19,23,25,27,33,40,40],"damage_taken":[{"damage":0,"enemies":"2 Louse","floor":1,"turns":1},{"damage":1,"enemies":"Cultist","floor":2,"turns":3},{"damage":0,"enemies":"Small Slimes","floor":3,"turns":1},{"damage":0,"enemies":"Exordium Wildlife","floor":5,"turns":2},{"damage":26,"enemies":"Gremlin Nob","floor":6,"turns":4},{"damage":3,"enemies":"3 Sentries","floor":8,"turns":6},{"damage":0,"enemies":"3 Louse","floor":10,"turns":1},{"damage":0,"enemies":"2 Fungi Beasts","floor":12,"turns":2},{"damage":0,"enemies":"Gremlin Nob","floor":13,"turns":4},{"damage":0,"enemies":"Looter","floor":14,"turns":2},{"damage":5,"enemies":"Slime Boss","floor":16,"turns":8},{"damage":22,"enemies":"Spheric Guardian","floor":18,"turns":6},{"damage":19,"enemies":"3 Byrds","floor":19,"turns":5},{"damage":15,"floor":20,"turns":4},{"damage":8,"enemies":"Book of Stabbing","floor":23,"turns":4},{"damage":9,"enemies":"Snake Plant","floor":25,"turns":5},{"damage":5,"enemies":"Centurion and Healer","floor":27,"turns":6},{"damage":39,"enemies":"Gremlin Leader","floor":31,"turns":4},{"damage":93,"enemies":"Collector","floor":33,"turns":8},{"damage":0,"enemies":"Orb Walker","floor":35,"turns":1},{"damage":22,"floor":36,"turns":3},{"damage":9,"enemies":"3 Shapes","floor":39,"turns":1},{"damage":93,"enemies":"Giant Head","floor":40,"turns":7}],"seed_played":"8379956509153837283","potions_obtained":[{"floor":1,"key":"Poison Potion"},{"floor":3,"key":"AttackPotion"},{"floor":6,"key":"SpeedPotion"},{"floor":8,"key":"SpeedPotion"},{"floor":13,"key":"SteroidPotion"},{"floor":18,"key":"PowerPotion"},{"floor":19,"key":"GamblersBrew"},{"floor":20,"key":"AttackPotion"},{"floor":23,"key":"Strength Potion"},{"floor":35,"key":"FearPotion"},{"floor":39,"key":"Regen Potion"}],"is_trial":false,"path_per_floor":["M","M","M","?","M","E","R","E","T","M","R","M","E","M","R","B",null,"M","M","?","$","?","E","R","M","T","M","$","R","$","E","R","B",null,"M","?","T","$","M"],"character_chosen":"IRONCLAD","items_purchased":["Pantograph","Omamori","Bag of Marbles","Bag of Preparation"],"campfire_rested":2,"item_purchase_floors":[21,21,28,38],"current_hp_per_floor":[80,80,80,80,82,64,64,67,67,75,75,81,88,88,88,88,88,74,61,52,52,36,36,87,86,86,87,87,87,87,54,84,27,86,88,74,74,74,73,0],"gold":137,"neow_bonus":"","is_prod":false,"is_daily":true,"chose_seed":false,"campfire_upgraded":4,"win_rate":0,"timestamp":1530229626,"path_taken":["M","M","M","?","M","E","R","E","T","M","R","M","E","M","R","BOSS","M","M","?","$","?","E","R","M","T","M","$","R","?","E","R","BOSS","M","?","?","$","M","E"],"build_version":"2018-06-21v2","purchased_purges":0,"victory":false,"max_hp_per_floor":[80,80,80,80,82,84,84,84,84,86,86,86,88,88,88,88,88,90,90,90,90,90,92,87,89,89,89,89,89,89,89,84,86,86,88,90,90,90,92,92],"card_choices":[{"not_picked":["Clash","Pommel Strike"],"picked":"Body Slam","floor":1},{"not_picked":["Whirlwind","True Grit"],"picked":"Shrug It Off","floor":2},{"not_picked":["Pommel Strike","Rupture"],"picked":"Entrench","floor":3},{"not_picked":["Clothesline","Pummel","Sword Boomerang"],"picked":"Singing Bowl","floor":5},{"not_picked":["Limit Break","Second Wind","Rampage"],"picked":"Singing Bowl","floor":6},{"not_picked":["Body Slam","Combust"],"picked":"Anger","floor":8},{"not_picked":["Sever Soul","Pummel","Searing Blow"],"picked":"Singing Bowl","floor":10},{"not_picked":["Feel No Pain","Second Wind"],"picked":"Flex","floor":12},{"not_picked":["Clothesline","Pummel","Fire Breathing"],"picked":"Singing Bowl","floor":13},{"not_picked":["Cleave","Clothesline"],"picked":"Warcry","floor":14},{"not_picked":["Feed","Dark Embrace"],"picked":"Juggernaut","floor":16},{"not_picked":["Wild Strike","Havoc","Bloodletting"],"picked":"Singing Bowl","floor":18},{"not_picked":["Thunderclap","Feel No Pain"],"picked":"Iron Wave","floor":19},{"not_picked":["Anger","Wild Strike"],"picked":"Infernal Blade","floor":20},{"not_picked":["Headbutt","Power Through","Clash"],"picked":"Singing Bowl","floor":23},{"not_picked":["Feel No Pain","Havoc+1","Perfected Strike"],"picked":"Singing Bowl","floor":25},{"not_picked":["Rupture","Headbutt"],"picked":"Armaments","floor":27},{"not_picked":["Evolve+1","Clash+1"],"picked":"Infernal Blade+1","floor":31},{"not_picked":["Immolate","Brutality","Fiend Fire"],"picked":"Singing Bowl","floor":33},{"not_picked":["Sever Soul+1"],"picked":"Singing Bowl","floor":35},{"not_picked":["Armaments"],"picked":"Singing Bowl","floor":36},{"not_picked":["Clash+1"],"picked":"Singing Bowl","floor":39}],"player_experience":122436,"relics_obtained":[{"floor":6,"key":"Tiny Chest"},{"floor":8,"key":"Letter Opener"},{"floor":9,"key":"War Paint"},{"floor":13,"key":"Incense Burner"},{"floor":20,"key":"Red Mask"},{"floor":22,"key":"Nilry\u0027s Codex"},{"floor":23,"key":"Juzu Bracelet"},{"floor":26,"key":"Happy Flower"},{"floor":31,"key":"Mercury Hourglass"},{"floor":36,"key":"Ice Cream"},{"floor":37,"key":"Toolbox"}],"event_choices":[{"event_name":"Wheel of Change","player_choice":"Relic","floor":4,"damage_taken":0},{"event_name":"Masked Bandits","player_choice":"Fought over 479 gold","floor":20,"damage_taken":0},{"event_name":"Cursed Tome","player_choice":"Obtained Book","floor":22,"damage_taken":0},{"event_name":"Mysterious Sphere","player_choice":"Fight","floor":36,"damage_taken":0}],"boss_relics":[{"not_picked":["Pandora\u0027s Box","Snecko Eye"],"picked":"Empty Cage"},{"not_picked":["White Beast Statue","Velvet Choker"],"picked":"Busted Crown"}],"items_purged_floors":[],"is_endless":false,"potions_floor_spawned":[1,3,6,8,13,14,18,19,20,23,35,39],"killed_by":"Giant Head","ascension_level":0}