{"gold_per_floor":[160,178,190,208,208,208,225,257,257,274,274,274,300,318,318,417,417,434,434,237,237,248,282,298,312,312,66,82,82,82,93,93,192,192,212,212,212,68,0,0,19,19,44,44,44,44,57,73,73,73],"floor_reached":51,"playtime":6430,"items_purged":["Strike_G"],"score":1031,"play_id":"9476f2c1-3551-43bc-802e-28fa542d1bb9","local_time":"20181123171735","is_ascension_mode":true,"campfire_choices":[{"data":"Dagger Throw","floor":6.0,"key":"SMITH"},{"floor":12.0,"key":"REST"},{"data":"Deadly Poison","floor":15.0,"key":"SMITH"},{"floor":29,"key":"REST"},{"floor":32,"key":"REST"},{"data":"Apotheosis","floor":40,"key":"SMITH"},{"data":"Expertise","floor":42,"key":"SMITH"},{"data":"Acrobatics","floor":45,"key":"SMITH"}],"neow_cost":"NONE","seed_source_timestamp":0,"circlet_count":0,"master_deck":["AscendersBane","Defend_G+1","Defend_G+1","Defend_G+1","Defend_G+1","Defend_G+1","Strike_G+1","Strike_G+1","Strike_G+1","Strike_G+1","Survivor+1","Neutralize+1","Sucker Punch+1","Slice+1","Deadly Poison+1","Dagger Throw+1","Bane+1","Cloak And Dagger+1","Dagger Spray+1","Sucker Punch+1","Adrenaline+1","Acrobatics+1","Apotheosis+1","Terror+1","Dash+1","Expertise+1","Backflip+1","J.A.X.+1","Backflip+1","Burst+1","Infinite Blades+1","Slice+1"],"special_seed":0,"relics":["Tiny House","Incense Burner","Sundial","Mango","Sozu","Pear","Letter Opener","Matryoshka","Coffee Dripper","Red Mask","Question Card","Omamori","Mark of the Bloom"],"potions_floor_usage":[],"damage_taken":[{"damage":10.0,"enemies":"Small Slimes","floor":1.0,"turns":4.0},{"damage":0.0,"enemies":"2 Louse","floor":2.0,"turns":2.0},{"damage":0.0,"enemies":"Jaw Worm","floor":3.0,"turns":5.0},{"damage":23.0,"enemies":"Exordium Thugs","floor":4.0,"turns":5.0},{"damage":0.0,"enemies":"Large Slime","floor":7.0,"turns":5.0},{"damage":19.0,"enemies":"Lagavulin","floor":8.0,"turns":9.0},{"damage":0.0,"enemies":"2 Fungi Beasts","floor":10.0,"turns":3.0},{"damage":16.0,"enemies":"3 Sentries","floor":13.0,"turns":12.0},{"damage":4.0,"enemies":"3 Louse","floor":14.0,"turns":8.0},{"damage":28.0,"enemies":"The Guardian","floor":16.0,"turns":13.0},{"damage":16,"enemies":"Spheric Guardian","floor":18,"turns":4},{"damage":0,"enemies":"3 Byrds","floor":22,"turns":7},{"damage":31,"enemies":"Gremlin Leader","floor":23,"turns":5},{"damage":15,"enemies":"Shelled Parasite and Fungi","floor":24,"turns":5},{"damage":13,"enemies":"Sentry and Sphere","floor":25,"turns":7},{"damage":16,"enemies":"Snake Plant","floor":28,"turns":3},{"damage":15,"enemies":"3 Cultists","floor":31,"turns":4},{"damage":45,"enemies":"Automaton","floor":33,"turns":11},{"damage":18,"enemies":"3 Darklings","floor":35,"turns":4},{"damage":0,"enemies":"Orb Walker","floor":41,"turns":4},{"damage":6,"enemies":"3 Darklings","floor":47,"turns":3},{"damage":2,"enemies":"4 Shapes","floor":48,"turns":4},{"damage":19,"enemies":"Donu and Deca","floor":50,"turns":7}],"seed_played":"-4014182731275620848","potions_obtained":[{"floor":0.0,"key":"FairyPotion"},{"floor":2.0,"key":"Dexterity Potion"},{"floor":7.0,"key":"SteroidPotion"},{"floor":10.0,"key":"SkillPotion"}],"is_trial":false,"path_per_floor":["M","M","M","M","?","R","M","E","T","M","?","R","E","M","R","B",null,"M","?","$","?","M","E","M","M","T","$","M","R","?","M","R","B",null,"M","?","?","$","?","R","M","R","T","$","R","?","M","M","R","B",null],"character_chosen":"THE_SILENT","items_purchased":["Apotheosis","Matryoshka","Infinite Blades"],"campfire_rested":3,"item_purchase_floors":[20,27,38],"current_hp_per_floor":[58,58,58,35,35,35,35,16,16,16,16,38,36,32,32,4,68,52,52,52,81,81,60,45,32,32,32,16,45,45,30,59,14,78,60,60,60,60,60,60,60,60,60,60,60,60,54,52,52,33],"gold":73,"neow_bonus":"BOSS_RELIC","is_prod":false,"is_daily":false,"chose_seed":false,"campfire_upgraded":5,"win_rate":0,"timestamp":1543022255,"path_taken":["M","M","M","M","?","R","M","E","T","M","?","R","E","M","R","BOSS","M","?","$","?","?","E","M","M","T","$","M","R","?","M","R","BOSS","M","?","?","$","?","R","M","R","T","$","R","?","M","M","R","BOSS"],"build_version":"2018-11-15","purchased_purges":1,"victory":true,"max_hp_per_floor":[75,75,75,75,75,75,75,75,75,75,75,75,89,89,89,89,89,89,89,89,89,89,99,99,99,99,99,99,99,99,99,99,99,99,99,99,99,99,99,99,99,99,99,99,99,99,99,99,99,99],"card_choices":[{"not_picked":["Dodge and Roll","Blur"],"picked":"Sucker Punch","floor":0.0},{"not_picked":["Setup","Accuracy"],"picked":"Slice","floor":1.0},{"not_picked":["Slice","Acrobatics"],"picked":"Deadly Poison","floor":2.0},{"not_picked":["Poisoned Stab","Slice"],"picked":"Dagger Throw","floor":3.0},{"not_picked":["Slice","Outmaneuver","Deflect"],"picked":"SKIP","floor":4.0},{"not_picked":["Prepared","Acrobatics"],"picked":"Predator","floor":7.0},{"not_picked":["PiercingWail","Envenom"],"picked":"Bane","floor":8.0},{"not_picked":["PiercingWail","Flying Knee"],"picked":"Cloak And Dagger","floor":10.0},{"not_picked":["Bane","Accuracy"],"picked":"Dagger Spray","floor":13.0},{"not_picked":["Escape Plan","Concentrate"],"picked":"Sucker Punch","floor":14.0},{"not_picked":["Envenom","Venomology"],"picked":"Adrenaline","floor":16.0},{"not_picked":["Expertise","Outmaneuver"],"picked":"Acrobatics","floor":18},{"not_picked":["Deadly Poison","Escape Plan"],"picked":"Terror","floor":22},{"not_picked":["Backflip","Expertise"],"picked":"Dash","floor":23},{"not_picked":["Leg Sweep","Dodge and Roll"],"picked":"Expertise","floor":24},{"not_picked":["Tools of the Trade","Well Laid Plans"],"picked":"Backflip","floor":25},{"not_picked":["Dagger Throw","Finisher+1","Poisoned Stab"],"picked":"SKIP","floor":28},{"not_picked":["Endless Agony+1","All Out Attack"],"picked":"Backflip","floor":31},{"not_picked":["Unload","Grand Finale"],"picked":"Burst","floor":33},{"not_picked":["Quick Slash","Flying Knee","Terror"],"picked":"SKIP","floor":35},{"not_picked":["Deadly Poison","Poisoned Stab","All Out Attack"],"picked":"SKIP","floor":41},{"not_picked":["Tactician","Backstab","Deadly Poison"],"picked":"Slice+1","floor":47},{"not_picked":["Dagger Throw","Flechettes","Sucker Punch+1","Reflex"],"picked":"SKIP","floor":48}],"player_experience":119018,"relics_obtained":[{"floor":8.0,"key":"Incense Burner"},{"floor":9.0,"key":"Sundial"},{"floor":13.0,"key":"Mango"},{"floor":23,"key":"Pear"},{"floor":26,"key":"Letter Opener"},{"floor":43,"key":"Question Card"},{"floor":43,"key":"Omamori"}],"event_choices":[{"damage_healed":0.0,"max_hp_gain":0.0,"max_hp_loss":0.0,"gold_gain":0.0,"event_name":"Liars Game","player_choice":"Ignored","floor":5.0,"gold_loss":0.0,"damage_taken":0.0},{"damage_healed":0.0,"max_hp_gain":0.0,"max_hp_loss":0.0,"gold_gain":0.0,"event_name":"Shining Light","player_choice":"Ignored","floor":11.0,"gold_loss":0.0,"damage_taken":0.0},{"damage_healed":0,"gold_gain":0,"player_choice":"Ignored","damage_taken":0,"max_hp_gain":0,"max_hp_loss":0,"event_name":"Vampires","floor":19,"gold_loss":0},{"damage_healed":29,"gold_gain":0,"player_choice":"Heal","damage_taken":0,"max_hp_gain":0,"max_hp_loss":0,"event_name":"The Library","floor":21,"gold_loss":0},{"damage_healed":0,"gold_gain":0,"player_choice":"Obtain J.A.X.","damage_taken":0,"max_hp_gain":0,"max_hp_loss":0,"event_name":"Drug Dealer","floor":30,"gold_loss":0,"cards_obtained":["J.A.X."]},{"cards_removed":["Predator"],"damage_healed":0,"gold_gain":0,"player_choice":"Removed Attack","damage_taken":0,"max_hp_gain":0,"max_hp_loss":0,"event_name":"Falling","floor":36,"gold_loss":0},{"damage_healed":0,"gold_gain":0,"player_choice":"Ignored","damage_taken":0,"max_hp_gain":0,"max_hp_loss":0,"event_name":"Mysterious Sphere","floor":37,"gold_loss":0},{"damage_healed":0,"gold_gain":0,"player_choice":"Paid","damage_taken":0,"relics_obtained":["Red Mask"],"max_hp_gain":0,"max_hp_loss":0,"event_name":"Tomb of Lord Red Mask","floor":39,"gold_loss":68},{"damage_healed":0,"gold_gain":0,"player_choice":"Upgrade","damage_taken":0,"relics_obtained":["Mark of the Bloom"],"max_hp_gain":0,"max_hp_loss":0,"event_name":"MindBloom","floor":46,"gold_loss":0,"cards_upgraded":["Defend_G","Defend_G","Defend_G","Defend_G","Strike_G","Strike_G","Strike_G","Strike_G","Survivor","Neutralize","Sucker Punch","Slice","Bane","Cloak And Dagger","Dagger Spray","Sucker Punch","Adrenaline","Terror","Dash","Backflip","J.A.X.","Backflip","Burst","Infinite Blades"]}],"is_beta":false,"boss_relics":[{"not_picked":["Busted Crown","Astrolabe"],"picked":"Sozu"},{"not_picked":["Black Star","WristBlade"],"picked":"Coffee Dripper"}],"items_purged_floors":[38],"is_endless":false,"potions_floor_spawned":[2,7,10,13,24,28,41,48],"ascension_level":12}