{"gold_per_floor":[362,64,84,234,509,509,68,68,136,156,188,201,236,250,250,321,321,336,351,369,49,67,67,67,67],"floor_reached":25,"playtime":3448,"items_purged":["Regret"],"score":450,"play_id":"dcfacf77-8a80-43b1-a442-94037bfadf8f","local_time":"20181229122639","is_ascension_mode":true,"campfire_choices":[{"data":"Poisoned Stab","floor":6,"key":"SMITH"},{"data":"Noxious Fumes","floor":8,"key":"SMITH"},{"floor":15,"key":"REST"},{"floor":23,"key":"REST"}],"neow_cost":"PERCENT_DAMAGE","seed_source_timestamp":1042064513964867,"circlet_count":0,"master_deck":["AscendersBane","Defend_G","Defend_G","Defend_G","Defend_G","Defend_G","Strike_G","Strike_G","Strike_G","Strike_G","Strike_G","Survivor","Neutralize","Dagger Spray","Well Laid Plans","Poisoned Stab+1","Noxious Fumes+1","Dodge and Roll","Blade Dance","Slice","Cloak And Dagger","Tools of the Trade","Backflip+1","Reflex+1","Crippling Poison","Cloak And Dagger"],"relics":["Ring of the Snake","Art of War","Kunai","Paper Crane","Orichalcum","Happy Flower","Black Star","OrangePellets","Spirit Poop"],"potions_floor_usage":[13,16,20,22,25],"damage_taken":[{"damage":0,"enemies":"2 Louse","floor":1,"turns":5},{"damage":0,"enemies":"Cultist","floor":3,"turns":5},{"damage":3,"enemies":"Small Slimes","floor":10,"turns":3},{"damage":15,"enemies":"3 Sentries","floor":11,"turns":6},{"damage":3,"enemies":"Blue Slaver","floor":12,"turns":4},{"damage":11,"enemies":"Lagavulin","floor":13,"turns":6},{"damage":0,"enemies":"Lots of Slimes","floor":14,"turns":3},{"damage":22,"enemies":"Hexaghost","floor":16,"turns":12},{"damage":9,"enemies":"Shell Parasite","floor":18,"turns":7},{"damage":16,"enemies":"Spheric Guardian","floor":19,"turns":7},{"damage":19,"enemies":"3 Cultists","floor":20,"turns":5},{"damage":6,"enemies":"Cultist and Chosen","floor":22,"turns":9},{"damage":50,"enemies":"Slavers","floor":25,"turns":5}],"seed_played":"-2500482464075910000","potions_obtained":[{"floor":1,"key":"Energy Potion"},{"floor":14,"key":"GamblersBrew"},{"floor":20,"key":"FearPotion"},{"floor":22,"key":"SpeedPotion"}],"is_trial":false,"path_per_floor":["M","$","M","?","?","R","$","R","T","M","E","M","E","M","R","B",null,"M","M","M","$","M","R","?","E"],"character_chosen":"THE_SILENT","items_purchased":["Art of War","Well Laid Plans","Strength Potion","Kunai","Noxious Fumes","Dodge and Roll","OrangePellets","Regen Potion","Cloak And Dagger"],"campfire_rested":2,"item_purchase_floors":[2,2,2,7,7,7,21,21,21],"current_hp_per_floor":[44,44,44,44,44,44,44,44,44,41,26,23,12,12,31,9,52,43,27,8,8,17,36,36,0],"gold":67,"neow_bonus":"TWO_FIFTY_GOLD","is_prod":false,"is_daily":false,"chose_seed":false,"campfire_upgraded":2,"win_rate":0,"timestamp":1546115199,"path_taken":["M","$","M","?","?","R","$","R","T","M","E","M","E","M","R","BOSS","M","M","M","$","M","R","?","E"],"build_version":"2018-12-20","purchased_purges":1,"victory":false,"max_hp_per_floor":[66,66,66,66,66,66,66,66,66,66,66,66,66,66,66,66,66,66,66,66,66,66,66,66,66],"card_choices":[{"not_picked":["Eviscerate","Footwork"],"picked":"Dagger Spray","floor":1},{"not_picked":["Blade Dance","PiercingWail"],"picked":"Poisoned Stab","floor":3},{"not_picked":["Sucker Punch","Dodge and Roll","Dagger Spray"],"picked":"SKIP","floor":10},{"not_picked":["Bane","Burst"],"picked":"Blade Dance","floor":11},{"not_picked":["Deadly Poison","Calculated Gamble"],"picked":"Slice","floor":12},{"not_picked":["Accuracy","Poisoned Stab","Bouncing Flask"],"picked":"SKIP","floor":13},{"not_picked":["Prepared","Bane"],"picked":"Cloak And Dagger","floor":14},{"not_picked":["Venomology","Phantasmal Killer"],"picked":"Tools of the Trade","floor":16},{"not_picked":["Outmaneuver","PiercingWail"],"picked":"Backflip+1","floor":18},{"not_picked":["Blur","Underhanded Strike"],"picked":"Reflex+1","floor":19},{"not_picked":["Deflect","Outmaneuver"],"picked":"Crippling Poison","floor":20},{"not_picked":["Calculated Gamble","Dagger Throw","Dagger Spray"],"picked":"SKIP","floor":22}],"player_experience":258030,"relics_obtained":[{"floor":9,"key":"Paper Crane"},{"floor":11,"key":"Orichalcum"},{"floor":13,"key":"Happy Flower"}],"event_choices":[{"damage_healed":0,"gold_gain":150,"player_choice":"AGREE","damage_taken":0,"max_hp_gain":0,"max_hp_loss":0,"event_name":"Liars Game","floor":4,"gold_loss":0,"cards_obtained":["Doubt"]},{"damage_healed":0,"gold_gain":275,"player_choice":"Desecrate","damage_taken":0,"max_hp_gain":0,"max_hp_loss":0,"event_name":"Golden Shrine","floor":5,"gold_loss":0,"cards_obtained":["Regret"]},{"cards_removed":["Doubt"],"damage_healed":0,"gold_gain":0,"player_choice":"Offered Curse","damage_taken":0,"relics_obtained":["Spirit Poop"],"max_hp_gain":0,"max_hp_loss":0,"event_name":"Bonfire Elementals","floor":24,"gold_loss":0}],"is_beta":false,"boss_relics":[{"not_picked":["Tiny House","Lizard Tail"],"picked":"Black Star"}],"items_purged_floors":[7],"is_endless":false,"potions_floor_spawned":[1,3,14,20,22],"killed_by":"Slavers","ascension_level":20}