{"gold_per_floor":[112,131,11,27,27,53,16,16,16,29,29,3,3,28,28,125,125,141,158,248,27,42,71,71,99,152,152,168,179,179,179,179,282,282,293,313,273,293,46,71,71,104,104,30,47,10,24,24,24,24,24,24,24,50,50],"floor_reached":55,"playtime":3812,"items_purged":["Strike_R","Clumsy"],"score":853,"play_id":"cb3f3f62-9d95-4119-af65-5b59bb86cea1","local_time":"20181120195422","is_ascension_mode":false,"campfire_choices":[{"data":"Spot Weakness","floor":8.0,"key":"SMITH"},{"data":"Disarm","floor":11.0,"key":"SMITH"},{"data":"Limit Break","floor":15.0,"key":"SMITH"},{"floor":24.0,"key":"REST"},{"data":"Limit Break","floor":27.0,"key":"SMITH"},{"floor":30.0,"key":"REST"},{"data":"Disarm","floor":32.0,"key":"SMITH"},{"floor":41.0,"key":"REST"},{"floor":49.0,"key":"RECALL"},{"data":"Disarm","floor":52.0,"key":"SMITH"}],"neow_cost":"PERCENT_DAMAGE","seed_source_timestamp":437780629079134,"circlet_count":0,"master_deck":["Defend_R","Defend_R","Defend_R","Defend_R","Limit Break+1","Clothesline","Disarm+1","Anger","Armaments+1","Shrug It Off","Flame Barrier","Rupture","Spot Weakness+1","Shrug It Off","Combust","Exhume","Rupture","Limit Break+1","Battle Trance","Pommel Strike+1","Battle Trance","Offering","Disarm+1","Disarm+1","Shrug It Off+1","Headbutt+1","Heavy Blade+1","Reaper","Normality","Inflame","Shockwave"],"special_seed":0,"relics":["Burning Blood","Ancient Tea Set","Mercury Hourglass","Sundial","Cursed Key","Juzu Bracelet","Bottled Lightning","Happy Flower","Empty Cage","Oddly Smooth Stone","Art of War","Potion Belt","Centennial Puzzle"],"potions_floor_usage":[55],"damage_taken":[{"damage":1.0,"enemies":"2 Louse","floor":1.0,"turns":4.0},{"damage":0.0,"enemies":"Cultist","floor":2.0,"turns":4.0},{"damage":0.0,"enemies":"Small Slimes","floor":4.0,"turns":4.0},{"damage":31.0,"enemies":"3 Sentries","floor":6.0,"turns":10.0},{"damage":4.0,"enemies":"Looter","floor":10.0,"turns":4.0},{"damage":20.0,"enemies":"Gremlin Nob","floor":14.0,"turns":4.0},{"damage":13.0,"enemies":"The Guardian","floor":16.0,"turns":8.0},{"damage":2.0,"enemies":"3 Byrds","floor":18.0,"turns":3.0},{"damage":12.0,"enemies":"Spheric Guardian","floor":19.0,"turns":5.0},{"damage":13.0,"enemies":"3 Cultists","floor":22.0,"turns":5.0},{"damage":26.0,"enemies":"Gremlin Leader","floor":23.0,"turns":5.0},{"damage":5.0,"enemies":"Book of Stabbing","floor":25.0,"turns":6.0},{"damage":15.0,"enemies":"Snake Plant","floor":28.0,"turns":5.0},{"damage":16.0,"enemies":"Shelled Parasite and Fungi","floor":29.0,"turns":7.0},{"damage":11.0,"enemies":"Champ","floor":33.0,"turns":8.0},{"damage":22.0,"enemies":"Orb Walker","floor":35.0,"turns":5.0},{"damage":7.0,"enemies":"3 Darklings","floor":36.0,"turns":4.0},{"damage":14.0,"enemies":"Transient","floor":38.0,"turns":5.0},{"damage":28.0,"enemies":"Reptomancer","floor":40.0,"turns":5.0},{"damage":28.0,"enemies":"Nemesis","floor":42.0,"turns":7.0},{"damage":25.0,"enemies":"Maw","floor":45.0,"turns":7.0},{"damage":25.0,"enemies":"Writhing Mass","floor":47.0,"turns":5.0},{"damage":60.0,"enemies":"Awakened One","floor":50.0,"turns":11.0},{"damage":62.0,"enemies":"Shield and Spear","floor":54.0,"turns":9.0},{"damage":100,"enemies":"The Heart","floor":55,"turns":6}],"seed_played":"-6754288240897293150","potions_obtained":[{"floor":4.0,"key":"Poison Potion"},{"floor":6.0,"key":"Weak Potion"},{"floor":10.0,"key":"Poison Potion"},{"floor":14.0,"key":"Poison Potion"},{"floor":22.0,"key":"Fire Potion"},{"floor":28.0,"key":"Fire Potion"},{"floor":29.0,"key":"EssenceOfSteel"},{"floor":33.0,"key":"SpeedPotion"},{"floor":36.0,"key":"Strength Potion"},{"floor":42.0,"key":"BloodPotion"},{"floor":45.0,"key":"Block Potion"},{"floor":47.0,"key":"SpeedPotion"},{"floor":54.0,"key":"Regen Potion"}],"is_trial":false,"path_per_floor":["M","M","$","M","?","E","$","R","T","M","R","$","?","E","R","B",null,"M","M","?","$","M","E","R","E","T","R","M","M","R","?","R","B",null,"M","M","?","M","$","E","R","E","T","$","M","$","M","?","R","B",null,"R","$","E","B"],"character_chosen":"IRONCLAD","items_purchased":["Anger","Armaments","Shrug It Off","Spot Weakness","Shrug It Off","Limit Break","Battle Trance","Oddly Smooth Stone","Inflame","Shockwave"],"campfire_rested":3,"item_purchase_floors":[3,3,3,7,12,21,21,39,44,46],"current_hp_per_floor":[61,67,67,73,73,48,48,48,48,50,50,50,43,29,29,22,80,80,74,58,58,51,31,55,56,56,56,47,37,61,61,61,56,80,64,63,63,55,55,33,57,35,35,35,80,80,61,61,61,80,80,80,80,80,0],"gold":50,"neow_bonus":"THREE_RARE_CARDS","is_prod":false,"is_daily":false,"chose_seed":false,"campfire_upgraded":6,"win_rate":0,"timestamp":1542761662,"path_taken":["M","M","$","M","?","E","$","R","T","M","R","$","?","E","R","BOSS","M","M","?","$","M","E","R","E","T","R","M","M","R","?","R","BOSS","M","M","?","M","$","E","R","E","T","$","M","?","M","?","R","BOSS","R","$","E","BOSS"],"build_version":"2018-11-15","purchased_purges":2,"victory":false,"max_hp_per_floor":[80,80,80,80,80,80,80,80,80,80,80,80,80,80,80,80,80,80,80,80,80,80,80,80,80,80,80,80,80,80,80,80,80,80,80,80,80,80,80,80,80,80,80,80,80,80,80,80,80,80,80,80,80,80,80],"card_choices":[{"not_picked":["Impervious","Exhume"],"picked":"Limit Break","floor":0.0},{"not_picked":["Iron Wave","Thunderclap"],"picked":"Clothesline","floor":1.0},{"not_picked":["Sever Soul","True Grit"],"picked":"Disarm","floor":2.0},{"not_picked":["Warcry","Sword Boomerang"],"picked":"Flame Barrier","floor":4.0},{"not_picked":["Havoc","Twin Strike"],"picked":"Rupture","floor":6.0},{"not_picked":["Clash","Bludgeon","Thunderclap"],"picked":"SKIP","floor":10.0},{"not_picked":["Anger","Shockwave"],"picked":"Combust","floor":14.0},{"not_picked":["Impervious","Bludgeon"],"picked":"Exhume","floor":16.0},{"not_picked":["Fire Breathing+1","Cleave","Power Through"],"picked":"SKIP","floor":18.0},{"not_picked":["Clothesline","Perfected Strike"],"picked":"Rupture","floor":19.0},{"not_picked":["Twin Strike","Anger"],"picked":"Pommel Strike+1","floor":22.0},{"not_picked":["Clothesline+1","Body Slam","Wild Strike"],"picked":"SKIP","floor":23.0},{"not_picked":["Perfected Strike","Havoc"],"picked":"Battle Trance","floor":25.0},{"not_picked":["Pommel Strike","Clash+1","Thunderclap+1"],"picked":"SKIP","floor":28.0},{"not_picked":["Pommel Strike","Wild Strike"],"picked":"Offering","floor":29.0},{"not_picked":["Clothesline","Armaments"],"picked":"Disarm","floor":35.0},{"not_picked":["Pommel Strike+1","Clothesline+1"],"picked":"Shrug It Off+1","floor":36.0},{"not_picked":["Clothesline+1","Fire Breathing"],"picked":"Headbutt+1","floor":38.0},{"not_picked":["Clash+1","Perfected Strike+1"],"picked":"Heavy Blade+1","floor":40.0},{"not_picked":["Evolve","Shrug It Off"],"picked":"Reaper","floor":42.0},{"not_picked":["Searing Blow+1","Corruption","Twin Strike"],"picked":"SKIP","floor":45.0},{"not_picked":["Whirlwind","Clothesline+1","Body Slam+1"],"picked":"SKIP","floor":47.0},{"not_picked":["Cleave+1","Pommel Strike+1","Hemokinesis+1"],"picked":"SKIP","floor":54.0}],"player_experience":3391244,"relics_obtained":[{"floor":6.0,"key":"Ancient Tea Set"},{"floor":9.0,"key":"Mercury Hourglass"},{"floor":14.0,"key":"Sundial"},{"floor":23.0,"key":"Juzu Bracelet"},{"floor":25.0,"key":"Bottled Lightning"},{"floor":26.0,"key":"Happy Flower"},{"floor":40.0,"key":"Art of War"},{"floor":42.0,"key":"Potion Belt"},{"floor":54.0,"key":"Centennial Puzzle"}],"event_choices":[{"cards_removed":["Strike_R"],"damage_healed":0.0,"max_hp_gain":0.0,"max_hp_loss":0.0,"gold_gain":0.0,"event_name":"Living Wall","player_choice":"Forget","floor":5.0,"gold_loss":0.0,"damage_taken":0.0},{"cards_removed":["Strike_R"],"damage_healed":0.0,"max_hp_gain":0.0,"max_hp_loss":0.0,"gold_gain":0.0,"event_name":"Golden Wing","player_choice":"Card Removal","floor":13.0,"gold_loss":0.0,"damage_taken":7.0},{"damage_healed":0.0,"max_hp_gain":0.0,"max_hp_loss":0.0,"gold_gain":90.0,"event_name":"Knowing Skull","player_choice":"GOLD ","floor":20.0,"potions_obtained":[],"gold_loss":0.0,"damage_taken":16.0,"cards_obtained":[]},{"damage_healed":0.0,"max_hp_gain":0.0,"max_hp_loss":0.0,"gold_gain":0.0,"event_name":"The Library","player_choice":"Read","floor":31.0,"gold_loss":0.0,"damage_taken":0.0,"cards_obtained":["Disarm"]},{"damage_healed":0.0,"max_hp_gain":0.0,"max_hp_loss":0.0,"gold_gain":0.0,"event_name":"Designer","player_choice":"Upgrade","floor":37.0,"gold_loss":40.0,"damage_taken":0.0,"cards_upgraded":["Armaments"]},{"cards_removed":["Bash"],"damage_healed":0.0,"max_hp_gain":0.0,"max_hp_loss":0.0,"gold_gain":0.0,"event_name":"Falling","player_choice":"Removed Attack","floor":48.0,"gold_loss":0.0,"damage_taken":0.0}],"is_beta":false,"boss_relics":[{"not_picked":["Velvet Choker","Sozu"],"picked":"Cursed Key"},{"not_picked":["Orrery","Black Blood"],"picked":"Empty Cage"}],"items_purged_floors":[21,39],"is_endless":false,"potions_floor_spawned":[4,6,10,14,22,28,29,33,36,42,45,47,54],"killed_by":"The Heart","ascension_level":0}