{"gold_per_floor":[111,111,36,52,65,65,84,84,111,111,130,144,161,196,196,296,296,296,296,296,296,42,42,42,42,42,42,42,42,42,42,42,42,42,42,42,42,42,42,42,42,42,42,42,42,42,42,42,42,42],"floor_reached":51,"playtime":1712,"items_purged":["Strike_R","Strike_R"],"score":796,"play_id":"c928a119-0720-4fa5-ae56-0a06389b80de","local_time":"20190129142352","is_ascension_mode":true,"campfire_choices":[{"floor":6.0,"key":"RECALL"},{"data":"Rampage","floor":8.0,"key":"SMITH"},{"data":"Bash","floor":10.0,"key":"SMITH"},{"data":"Metallicize","floor":15.0,"key":"SMITH"},{"floor":23.0,"key":"REST"},{"data":"Pommel Strike","floor":25.0,"key":"SMITH"},{"data":"Shrug It Off","floor":32.0,"key":"SMITH"},{"data":"Bludgeon","floor":41.0,"key":"SMITH"},{"data":"Offering","floor":45.0,"key":"SMITH"},{"data":"Seeing Red","floor":47.0,"key":"SMITH"},{"data":"Shrug It Off","floor":49.0,"key":"SMITH"}],"neow_cost":"NONE","seed_source_timestamp":159166470718892,"circlet_count":0,"master_deck":["Defend_R","Defend_R","Defend_R","Bash+1","Headbutt","Battle Trance","Rampage+1","Shrug It Off+1","Metallicize+1","Seeing Red+1","Spot Weakness","Brutality","Offering+1","Pommel Strike+1","Necronomicurse","Writhe","Ghostly Armor+1","Bludgeon+1","Shrug It Off+1","Whirlwind+1","Battle Trance+1","Uppercut+1","Pummel+1","Shrug It Off+1"],"special_seed":0,"relics":["Burning Blood","Happy Flower","Ectoplasm","Necronomicon","PreservedInsect","Oddly Smooth Stone","Question Card","Ice Cream","Mark of Pain","Unceasing Top","Girya","Vajra","Dream Catcher","Pen Nib"],"potions_floor_usage":[50,50],"damage_taken":[{"damage":8.0,"enemies":"Jaw Worm","floor":1.0,"turns":4.0},{"damage":0.0,"enemies":"Cultist","floor":4.0,"turns":2.0},{"damage":0.0,"enemies":"2 Louse","floor":5.0,"turns":3.0},{"damage":7.0,"enemies":"Looter","floor":7.0,"turns":3.0},{"damage":2.0,"enemies":"3 Louse","floor":11.0,"turns":4.0},{"damage":1.0,"enemies":"2 Fungi Beasts","floor":12.0,"turns":3.0},{"damage":3.0,"enemies":"Blue Slaver","floor":13.0,"turns":3.0},{"damage":17.0,"enemies":"3 Sentries","floor":14.0,"turns":8.0},{"damage":48.0,"enemies":"Slime Boss","floor":16.0,"turns":7.0},{"damage":20.0,"enemies":"Spheric Guardian","floor":18.0,"turns":4.0},{"damage":12.0,"enemies":"Chosen","floor":19.0,"turns":3.0},{"damage":9.0,"enemies":"Centurion and Healer","floor":27.0,"turns":4.0},{"damage":8.0,"enemies":"3 Cultists","floor":29.0,"turns":4.0},{"damage":23.0,"enemies":"Automaton","floor":33.0,"turns":10.0},{"damage":2.0,"enemies":"Orb Walker","floor":35.0,"turns":3.0},{"damage":7.0,"enemies":"Mind Bloom Boss Battle","floor":36.0,"turns":3.0},{"damage":1.0,"enemies":"2 Orb Walkers","floor":39.0,"turns":2.0},{"damage":2.0,"enemies":"Reptomancer","floor":40.0,"turns":3.0},{"damage":3.0,"enemies":"Nemesis","floor":42.0,"turns":3.0},{"damage":6.0,"enemies":"3 Darklings","floor":44.0,"turns":3.0},{"damage":6.0,"enemies":"Writhing Mass","floor":48.0,"turns":2.0},{"damage":74,"enemies":"Awakened One","floor":50,"turns":6}],"seed_played":"-1225624378881110057","potions_obtained":[{"floor":5.0,"key":"SmokeBomb"},{"floor":7.0,"key":"FearPotion"},{"floor":11.0,"key":"GamblersBrew"},{"floor":13.0,"key":"GamblersBrew"},{"floor":14.0,"key":"Swift Potion"},{"floor":29.0,"key":"SkillPotion"},{"floor":39.0,"key":"Dexterity Potion"}],"is_trial":false,"path_per_floor":["M","?","$","M","M","R","M","R","T","R","M","M","M","E","R","B",null,"M","M","?","?","$","R","?","R","T","M","?","M","?","T","R","B",null,"M","?","?","$","?","E","R","E","T","M","R","$","R","M","R","B",null],"character_chosen":"IRONCLAD","items_purchased":["PreservedInsect"],"campfire_rested":1,"item_purchase_floors":[22],"current_hp_per_floor":[78,78,78,80,80,80,79,79,79,79,80,80,80,69,69,27,80,66,60,44,29,29,54,54,54,54,51,51,49,49,49,49,32,85,85,84,84,84,85,85,85,85,85,85,85,85,85,85,85,17],"gold":42,"neow_bonus":"REMOVE_CARD","is_prod":false,"is_daily":false,"chose_seed":false,"campfire_upgraded":9,"win_rate":0,"timestamp":1548768232,"path_taken":["M","?","$","M","M","R","?","R","T","R","M","M","?","E","R","BOSS","M","M","?","?","$","R","?","R","T","M","?","M","?","?","R","BOSS","M","?","?","?","?","E","R","E","T","M","R","?","R","M","R","BOSS"],"build_version":"2019-01-23","purchased_purges":2,"victory":true,"max_hp_per_floor":[80,80,80,80,80,80,80,80,80,80,80,80,80,80,80,80,80,80,80,80,85,85,85,85,85,85,85,85,85,85,85,85,85,85,85,85,85,85,85,85,85,85,85,85,85,85,85,85,85,85],"card_choices":[{"not_picked":["Heavy Blade","Reckless Charge"],"picked":"Headbutt","floor":1.0},{"not_picked":["Fire Breathing","Reckless Charge"],"picked":"Rampage","floor":4.0},{"not_picked":["Wild Strike","Thunderclap","Rampage"],"picked":"SKIP","floor":5.0},{"not_picked":["Warcry","Second Wind"],"picked":"Shrug It Off","floor":7.0},{"not_picked":["Perfected Strike","Twin Strike"],"picked":"Metallicize","floor":11.0},{"not_picked":["Clothesline","Pommel Strike"],"picked":"Seeing Red","floor":12.0},{"not_picked":["Seeing Red","Clothesline"],"picked":"Spot Weakness","floor":13.0},{"not_picked":["Thunderclap","Havoc"],"picked":"Brutality","floor":14.0},{"not_picked":["Immolate","Impervious"],"picked":"Offering","floor":16.0},{"not_picked":["Twin Strike","True Grit"],"picked":"Pommel Strike","floor":18.0},{"not_picked":["Wild Strike","Fiend Fire","Body Slam"],"picked":"SKIP","floor":19.0},{"not_picked":["Flex","Thunderclap","Clothesline","Wild Strike"],"picked":"SKIP","floor":27.0},{"not_picked":["Sword Boomerang","Cleave","Clothesline+1"],"picked":"Ghostly Armor+1","floor":29.0},{"not_picked":["Feed","Offering","Impervious"],"picked":"Bludgeon","floor":33.0},{"not_picked":["Sword Boomerang","Headbutt+1","Havoc+1"],"picked":"Shrug It Off","floor":35.0},{"not_picked":["Clash","Dropkick+1","Sword Boomerang"],"picked":"Whirlwind+1","floor":36.0},{"not_picked":["Shrug It Off","Ghostly Armor","Body Slam+1"],"picked":"Battle Trance+1","floor":39.0},{"not_picked":["Burning Pact+1","Flex","Perfected Strike"],"picked":"Uppercut+1","floor":40.0},{"not_picked":["Dark Embrace","Reckless Charge","Anger+1"],"picked":"Pummel+1","floor":42.0},{"not_picked":["Thunderclap","Armaments+1","Reckless Charge","Rupture"],"picked":"SKIP","floor":44.0},{"not_picked":["Sever Soul+1","True Grit+1","Havoc+1"],"picked":"Shrug It Off+1","floor":48.0}],"player_experience":26712,"relics_obtained":[{"floor":14.0,"key":"Happy Flower"},{"floor":20.0,"key":"Necronomicon"},{"floor":26.0,"key":"Question Card"},{"floor":31.0,"key":"Ice Cream"},{"floor":36.0,"key":"Unceasing Top"},{"floor":39.0,"key":"Girya"},{"floor":40.0,"key":"Vajra"},{"floor":42.0,"key":"Dream Catcher"},{"floor":43.0,"key":"Pen Nib"}],"event_choices":[{"damage_healed":0.0,"max_hp_gain":0.0,"max_hp_loss":0.0,"gold_gain":0.0,"cards_transformed":["Strike_R"],"event_name":"Transmorgrifier","player_choice":"Transformed","floor":2.0,"gold_loss":0.0,"damage_taken":0.0,"cards_obtained":["Battle Trance"]},{"damage_healed":0.0,"max_hp_gain":0.0,"max_hp_loss":0.0,"gold_gain":0.0,"event_name":"Cursed Tome","player_choice":"Obtained Book","floor":20.0,"gold_loss":0.0,"damage_taken":16.0},{"damage_healed":0.0,"max_hp_gain":5.0,"max_hp_loss":0.0,"gold_gain":0.0,"event_name":"Forgotten Altar","player_choice":"Shed Blood","floor":21.0,"gold_loss":0.0,"damage_taken":20.0},{"damage_healed":0.0,"max_hp_gain":0.0,"max_hp_loss":0.0,"gold_gain":0.0,"event_name":"The Mausoleum","player_choice":"Opened","floor":24.0,"gold_loss":0.0,"damage_taken":0.0,"relics_obtained":["Oddly Smooth Stone"],"cards_obtained":["Writhe"]},{"cards_removed":["Strike_R"],"damage_healed":0.0,"max_hp_gain":0.0,"max_hp_loss":0.0,"gold_gain":0.0,"event_name":"Back to Basics","player_choice":"Elegance","floor":28.0,"gold_loss":0.0,"damage_taken":0.0},{"damage_healed":0.0,"max_hp_gain":0.0,"max_hp_loss":0.0,"gold_gain":0.0,"event_name":"Vampires","player_choice":"Ignored","floor":30.0,"gold_loss":0.0,"damage_taken":0.0},{"damage_healed":0.0,"max_hp_gain":0.0,"max_hp_loss":0.0,"gold_gain":0.0,"event_name":"MindBloom","player_choice":"Fight","floor":36.0,"gold_loss":0.0,"damage_taken":0.0},{"cards_removed":["Defend_R"],"damage_healed":0.0,"max_hp_gain":0.0,"max_hp_loss":0.0,"gold_gain":0.0,"event_name":"Falling","player_choice":"Removed Skill","floor":37.0,"gold_loss":0.0,"damage_taken":0.0},{"damage_healed":0.0,"max_hp_gain":0.0,"max_hp_loss":0.0,"gold_gain":0.0,"event_name":"Mysterious Sphere","player_choice":"Fight","floor":39.0,"gold_loss":0.0,"damage_taken":0.0}],"is_beta":false,"boss_relics":[{"not_picked":["White Beast Statue","Astrolabe"],"picked":"Ectoplasm"},{"not_picked":["Runic Pyramid","Empty Cage"],"picked":"Mark of Pain"}],"items_purged_floors":[3,22],"is_endless":false,"potions_floor_spawned":[5,7,11,13,14,16,29,35,39,48],"ascension_level":2}