{"gold_per_floor":[112,112,126,126,145,145,189,189,241,254,270,235,235,263,263,388,388,411,411,137,156,80,80,99,120,120,158,172,172,95,95,95,224,224,247,247,270,288,0,0,20,39,39,39,63,63,63],"floor_reached":47,"playtime":1552,"items_purged":["Strike_R"],"score":522,"play_id":"c8cc8282-3792-4f2b-ad0b-3322e067e021","local_time":"20181213150415","is_ascension_mode":true,"campfire_choices":[{"data":"Inflame","floor":6,"key":"SMITH"},{"floor":13,"key":"REST"},{"floor":15,"key":"REST"},{"data":"Inflame","floor":23,"key":"SMITH"},{"floor":29,"key":"REST"},{"floor":32,"key":"REST"},{"floor":40,"key":"REST"},{"floor":44,"key":"REST"}],"neow_cost":"NONE","seed_source_timestamp":12990528813659,"circlet_count":0,"master_deck":["Strike_R+1","Strike_R+1","Defend_R+1","Defend_R+1","Defend_R+1","Defend_R+1","Bash+1","Pommel Strike+1","Inflame+1","Clothesline+1","Heavy Blade+1","Offering+1","Heavy Blade+1","Juggernaut+1","Shockwave+1","RitualDagger+1","Shrug It Off+1","Inflame+1","Pommel Strike+1","Limit Break+1","Impervious+1","Carnage+1"],"relics":["Burning Blood","Golden Idol","Lantern","Centennial Puzzle","Odd Mushroom","Busted Crown","PreservedInsect","Pantograph","Mummified Hand","Mark of Pain","Mark of the Bloom","Red Mask","Letter Opener"],"potions_floor_usage":[16,16,27,28,28],"damage_taken":[{"damage":5,"enemies":"Small Slimes","floor":1,"turns":3},{"damage":1,"enemies":"Cultist","floor":3,"turns":3},{"damage":7,"enemies":"2 Louse","floor":5,"turns":3},{"damage":31,"enemies":"3 Sentries","floor":7,"turns":7},{"damage":15,"enemies":"2 Fungi Beasts","floor":10,"turns":4},{"damage":5,"enemies":"Looter","floor":11,"turns":2},{"damage":37,"enemies":"The Mushroom Lair","floor":14,"turns":3},{"damage":39,"enemies":"The Guardian","floor":16,"turns":11},{"damage":19,"enemies":"Shell Parasite","floor":18,"turns":3},{"damage":12,"enemies":"3 Byrds","floor":21,"turns":4},{"damage":26,"enemies":"Snake Plant","floor":24,"turns":4},{"damage":35,"enemies":"Centurion and Healer","floor":25,"turns":4},{"damage":6,"enemies":"Gremlin Leader","floor":27,"turns":3},{"damage":12,"enemies":"Cultist and Chosen","floor":28,"turns":4},{"damage":30,"enemies":"Champ","floor":33,"turns":5},{"damage":15,"enemies":"3 Shapes","floor":35,"turns":3},{"damage":0,"enemies":"Orb Walker","floor":37,"turns":3},{"damage":14,"enemies":"Jaw Worm Horde","floor":38,"turns":4},{"damage":37,"enemies":"4 Shapes","floor":41,"turns":5},{"damage":12,"enemies":"3 Darklings","floor":42,"turns":3},{"damage":0,"enemies":"Sphere and 2 Shapes","floor":45,"turns":3},{"damage":19,"enemies":"4 Shapes","floor":47,"turns":1}],"seed_played":"-9043598242894848771","potions_obtained":[{"floor":5,"key":"FairyPotion"},{"floor":10,"key":"Fire Potion"},{"floor":14,"key":"SteroidPotion"},{"floor":16,"key":"Dexterity Potion"},{"floor":24,"key":"Explosive Potion"},{"floor":27,"key":"Energy Potion"},{"floor":28,"key":"SpeedPotion"},{"floor":37,"key":"LiquidBronze"}],"is_trial":false,"path_per_floor":["M","?","M","?","M","R","E","?","T","M","M","?","R","?","R","B",null,"M","?","$","M","$","R","M","M","T","E","M","R","$","?","R","B",null,"M","?","M","M","?","R","M","M","T","R","M","$","M"],"character_chosen":"IRONCLAD","items_purchased":["PreservedInsect","Shrug It Off","Inflame","Limit Break"],"campfire_rested":6,"item_purchase_floors":[20,20,22,30],"current_hp_per_floor":[88,88,88,66,65,65,40,33,33,24,25,47,73,42,68,35,88,75,69,69,63,63,63,43,14,14,14,8,34,34,18,44,45,88,79,79,79,65,65,65,28,16,16,16,16,16,0],"gold":63,"neow_bonus":"TEN_PERCENT_HP_BONUS","is_prod":false,"is_daily":false,"chose_seed":false,"campfire_upgraded":2,"win_rate":0,"timestamp":1544684655,"path_taken":["M","?","?","?","M","R","E","?","T","M","M","?","R","?","R","BOSS","M","?","?","M","?","R","M","M","T","E","?","R","?","?","R","BOSS","M","?","M","M","?","R","M","M","T","R","M","$","M"],"build_version":"2018-12-06","purchased_purges":1,"victory":false,"max_hp_per_floor":[88,88,88,88,88,88,88,88,88,88,88,88,88,88,88,88,88,88,88,88,88,88,88,88,88,88,88,88,88,88,88,88,88,88,88,88,88,88,88,88,88,88,88,88,88,88,88],"card_choices":[{"not_picked":["Headbutt","Thunderclap"],"picked":"Pommel Strike","floor":1},{"not_picked":["Pommel Strike","Ghostly Armor"],"picked":"Inflame","floor":3},{"not_picked":["Perfected Strike","Cleave"],"picked":"Clothesline","floor":5},{"not_picked":["Cleave","Sever Soul"],"picked":"Heavy Blade","floor":7},{"not_picked":["Headbutt","Bloodletting"],"picked":"Offering","floor":10},{"not_picked":["Shrug It Off","Iron Wave"],"picked":"Heavy Blade","floor":11},{"not_picked":["Bludgeon","Feed"],"picked":"Juggernaut","floor":16},{"not_picked":[],"picked":"Shockwave+1","floor":18},{"not_picked":["Dropkick"],"picked":"SKIP","floor":21},{"not_picked":[],"picked":"Pommel Strike","floor":24},{"not_picked":["Perfected Strike"],"picked":"SKIP","floor":25},{"not_picked":["Body Slam"],"picked":"SKIP","floor":27},{"not_picked":["Sword Boomerang+1"],"picked":"SKIP","floor":28},{"not_picked":[],"picked":"Impervious","floor":33},{"not_picked":["Disarm+1"],"picked":"SKIP","floor":35},{"not_picked":["Warcry+1"],"picked":"SKIP","floor":37},{"not_picked":["Cleave"],"picked":"SKIP","floor":38},{"not_picked":["Sword Boomerang+1"],"picked":"SKIP","floor":41},{"not_picked":["Twin Strike+1"],"picked":"SKIP","floor":42},{"not_picked":[],"picked":"Carnage+1","floor":45}],"player_experience":40211,"relics_obtained":[{"floor":7,"key":"Lantern"},{"floor":9,"key":"Centennial Puzzle"},{"floor":14,"key":"Odd Mushroom"},{"floor":26,"key":"Pantograph"},{"floor":27,"key":"Mummified Hand"},{"floor":43,"key":"Letter Opener"}],"event_choices":[{"cards_removed":["Strike_R"],"damage_healed":0,"gold_gain":0,"player_choice":"Purged","damage_taken":0,"max_hp_gain":0,"max_hp_loss":0,"event_name":"Purifier","floor":2,"gold_loss":0},{"damage_healed":0,"gold_gain":0,"player_choice":"Take Damage","damage_taken":22,"relics_obtained":["Golden Idol"],"max_hp_gain":0,"max_hp_loss":0,"event_name":"Golden Idol","floor":4,"gold_loss":0},{"cards_removed":["Strike_R"],"damage_healed":0,"gold_gain":0,"player_choice":"Card Removal","damage_taken":7,"max_hp_gain":0,"max_hp_loss":0,"event_name":"Golden Wing","floor":8,"gold_loss":0},{"damage_healed":22,"gold_gain":0,"player_choice":"Healed","damage_taken":0,"max_hp_gain":0,"max_hp_loss":0,"event_name":"The Cleric","floor":12,"gold_loss":35},{"damage_healed":0,"gold_gain":0,"player_choice":"Fought Mushrooms","damage_taken":0,"max_hp_gain":0,"max_hp_loss":0,"event_name":"Mushrooms","floor":14,"gold_loss":0},{"damage_healed":0,"gold_gain":0,"player_choice":"Joined the Cult","damage_taken":6,"max_hp_gain":0,"max_hp_loss":0,"event_name":"Nest","floor":19,"gold_loss":0,"cards_obtained":["RitualDagger"]},{"damage_healed":0,"gold_gain":0,"player_choice":"Obtained Book","damage_taken":16,"max_hp_gain":0,"max_hp_loss":0,"event_name":"Cursed Tome","floor":31,"gold_loss":0},{"damage_healed":0,"gold_gain":0,"player_choice":"Upgrade","damage_taken":0,"relics_obtained":["Mark of the Bloom"],"max_hp_gain":0,"max_hp_loss":0,"event_name":"MindBloom","floor":36,"gold_loss":0,"cards_upgraded":["Strike_R","Strike_R","Defend_R","Defend_R","Defend_R","Defend_R","Bash","Pommel Strike","Clothesline","Heavy Blade","Offering","Heavy Blade","Juggernaut","RitualDagger","Shrug It Off","Pommel Strike","Limit Break","Impervious"]},{"damage_healed":0,"gold_gain":0,"player_choice":"Paid","damage_taken":0,"relics_obtained":["Red Mask"],"max_hp_gain":0,"max_hp_loss":0,"event_name":"Tomb of Lord Red Mask","floor":39,"gold_loss":288}],"is_beta":false,"boss_relics":[{"not_picked":["White Beast Statue","Black Star"],"picked":"Busted Crown"},{"not_picked":["Eternal Feather","Coffee Dripper"],"picked":"Mark of Pain"}],"items_purged_floors":[20],"is_endless":false,"potions_floor_spawned":[5,10,14,16,24,27,28,37,45],"killed_by":"4 Shapes","ascension_level":1}