{"gold_per_floor":[117,42,42,56,131,159,209,209],"floor_reached":8,"playtime":823,"items_purged":["Normality"],"score":95,"play_id":"115042a2-6195-44f7-b99d-0a67c8bb3d44","local_time":"20190207235926","is_ascension_mode":true,"campfire_choices":[],"neow_cost":"CURSE","seed_source_timestamp":173058652813052,"circlet_count":0,"master_deck":["AscendersBane","Strike_R","Strike_R","Strike_R","Strike_R","Strike_R","Defend_R","Defend_R","Defend_R","Defend_R","Bash","Seeing Red","Regret","Power Through","Fire Breathing"],"special_seed":0,"relics":["Burning Blood","Ornamental Fan","Dodecahedron"],"potions_floor_usage":[],"damage_taken":[{"damage":9.0,"enemies":"Small Slimes","floor":1.0,"turns":4.0},{"damage":2.0,"enemies":"Jaw Worm","floor":4.0,"turns":3.0},{"damage":63.0,"enemies":"Lagavulin","floor":6.0,"turns":11.0},{"damage":55,"enemies":"Gremlin Nob","floor":8,"turns":4}],"seed_played":"4544239753125863042","potions_obtained":[{"floor":1.0,"key":"Energy Potion"},{"floor":4.0,"key":"FairyPotion"}],"is_trial":false,"path_per_floor":["M","$","?","M","?","E","?","E"],"character_chosen":"IRONCLAD","items_purchased":[],"campfire_rested":0,"item_purchase_floors":[],"current_hp_per_floor":[79,79,79,83,72,15,7,0],"gold":209,"neow_bonus":"TWENTY_PERCENT_HP_BONUS","is_prod":false,"is_daily":false,"chose_seed":false,"campfire_upgraded":0,"win_rate":0,"timestamp":1549551566,"path_taken":["M","$","?","M","?","E","?","E"],"build_version":"2019-01-23","purchased_purges":1,"victory":false,"max_hp_per_floor":[89,89,89,89,89,89,89,89],"card_choices":[{"not_picked":["Rage","Cleave"],"picked":"Seeing Red","floor":1.0},{"not_picked":["Pommel Strike","Iron Wave"],"picked":"Power Through","floor":4.0},{"not_picked":["Flex","Inflame"],"picked":"Fire Breathing","floor":6.0}],"player_experience":981146,"relics_obtained":[{"floor":6.0,"key":"Dodecahedron"}],"event_choices":[{"damage_healed":0.0,"max_hp_gain":0.0,"max_hp_loss":0.0,"gold_gain":0.0,"event_name":"Big Fish","player_choice":"Box","floor":3.0,"gold_loss":0.0,"damage_taken":0.0,"relics_obtained":["Ornamental Fan"],"cards_obtained":["Regret"]},{"damage_healed":0.0,"max_hp_gain":0.0,"max_hp_loss":0.0,"gold_gain":75.0,"event_name":"World of Goop","player_choice":"Gather Gold","floor":5.0,"gold_loss":0.0,"damage_taken":11.0},{"damage_healed":0,"gold_gain":50,"player_choice":"Touch","damage_taken":8,"max_hp_gain":0,"max_hp_loss":0,"event_name":"FaceTrader","floor":7,"gold_loss":0}],"is_beta":false,"boss_relics":[],"items_purged_floors":[2],"is_endless":false,"potions_floor_spawned":[1,4],"killed_by":"Gremlin Nob","ascension_level":15}