{"gold_per_floor":[109,120,137,62,81,108,127,153,153,153,153,188,188,188,188,290,290,310,310,325,75,90,90,365,56,81,96,129,129,140,165,165,270,270,281,236,236,251,251,251,251,278,305,315,315,345,345,358,358,358],"floor_reached":51,"playtime":2513,"items_purged":["Strike_R","Writhe","Regret"],"score":997,"play_id":"4a7ac127-c117-4cc2-b06d-e215dbac7662","local_time":"20190104131840","is_ascension_mode":true,"campfire_choices":[{"data":"Bash","floor":11,"key":"SMITH"},{"floor":13,"key":"REST"},{"floor":15,"key":"REST"},{"data":"Armaments","floor":23,"key":"SMITH"},{"data":"Shrug It Off","floor":29,"key":"SMITH"},{"floor":32,"key":"REST"},{"data":"Flame Barrier","floor":40,"key":"SMITH"},{"data":"Demon Form","floor":45,"key":"SMITH"},{"floor":49,"key":"REST"}],"neow_cost":"NONE","seed_source_timestamp":1564505688791617,"circlet_count":0,"master_deck":["Bash+1","Iron Wave+1","Shrug It Off+1","Battle Trance+1","Shrug It Off+1","Headbutt+1","Armaments+1","Perfected Strike+1","Twin Strike+1","Shrug It Off+1","Twin Strike+1","Cleave+1","Pommel Strike+1","Offering+1","Flame Barrier+1","Double Tap+1","Exhume+1","Corruption+1","Metallicize+1","Disarm+1","Clothesline+1","Shrug It Off+1","Shrug It Off+1","Panacea+1","Demon Form+1","Sword Boomerang+1","Heavy Blade+1","Clothesline+1","Flame Barrier"],"relics":["Burning Blood","Oddly Smooth Stone","Smiling Mask","Mummified Hand","Champion Belt","Snecko Eye","Self Forming Clay","Brimstone","Bottled Lightning","Centennial Puzzle","StoneCalendar","Ancient Tea Set","Pandora\u0027s Box","Strawberry","Pen Nib","Dream Catcher","Mark of the Bloom"],"potions_floor_usage":[8,12,12,16,28,33,44,50],"damage_taken":[{"damage":9,"enemies":"Jaw Worm","floor":1,"turns":5},{"damage":2,"enemies":"2 Louse","floor":2,"turns":3},{"damage":7,"enemies":"Small Slimes","floor":3,"turns":3},{"damage":4,"enemies":"Exordium Wildlife","floor":5,"turns":7},{"damage":23,"enemies":"3 Sentries","floor":6,"turns":14},{"damage":27,"enemies":"Exordium Thugs","floor":7,"turns":5},{"damage":22,"enemies":"Lagavulin","floor":8,"turns":9},{"damage":27,"enemies":"Gremlin Nob","floor":12,"turns":4},{"damage":7,"enemies":"The Guardian","floor":16,"turns":12},{"damage":8,"enemies":"Chosen","floor":18,"turns":4},{"damage":0,"enemies":"3 Byrds","floor":20,"turns":4},{"damage":0,"enemies":"Snecko","floor":22,"turns":3},{"damage":14,"enemies":"Shelled Parasite and Fungi","floor":27,"turns":3},{"damage":18,"enemies":"Book of Stabbing","floor":28,"turns":3},{"damage":32,"enemies":"Centurion and Healer","floor":30,"turns":7},{"damage":9,"enemies":"Champ","floor":33,"turns":7},{"damage":16,"enemies":"3 Shapes","floor":35,"turns":2},{"damage":0,"enemies":"3 Darklings","floor":38,"turns":3},{"damage":12,"enemies":"Reptomancer","floor":42,"turns":2},{"damage":12,"enemies":"Maw","floor":44,"turns":4},{"damage":6,"enemies":"Giant Head","floor":46,"turns":5},{"damage":6,"enemies":"Writhing Mass","floor":48,"turns":2},{"damage":24,"enemies":"Time Eater","floor":50,"turns":4}],"seed_played":"6891815175055122415","potions_obtained":[{"floor":0,"key":"Strength Potion"},{"floor":0,"key":"Ancient Potion"},{"floor":0,"key":"Ancient Potion"},{"floor":1,"key":"Poison Potion"},{"floor":6,"key":"Fire Potion"},{"floor":8,"key":"Regen Potion"},{"floor":18,"key":"Regen Potion"},{"floor":27,"key":"GamblersBrew"},{"floor":30,"key":"Poison Potion"},{"floor":42,"key":"Energy Potion"},{"floor":48,"key":"FearPotion"}],"is_trial":false,"path_per_floor":["M","M","M","$","M","E","M","E","T","?","R","E","R","?","R","B",null,"M","?","M","$","M","R","?","$","T","M","E","R","M","T","R","B",null,"M","$","?","M","$","R","?","E","T","M","R","E","?","M","R","B",null],"character_chosen":"IRONCLAD","items_purchased":["Brimstone","Bottled Lightning","Shrug It Off"],"campfire_rested":4,"item_purchase_floors":[21,25,36],"current_hp_per_floor":[77,80,79,79,80,63,42,26,26,26,26,17,41,25,49,48,80,78,78,80,80,80,80,80,80,80,72,60,60,34,34,58,69,80,70,70,70,76,76,76,76,77,77,71,71,71,71,65,65,41],"gold":358,"neow_bonus":"THREE_SMALL_POTIONS","is_prod":false,"is_daily":false,"chose_seed":false,"campfire_upgraded":5,"win_rate":0,"timestamp":1546636720,"path_taken":["M","M","M","$","M","E","M","E","T","?","R","E","R","?","R","BOSS","M","?","M","$","M","R","?","$","T","M","E","R","?","?","R","BOSS","M","$","?","M","$","R","?","E","T","M","R","E","?","M","R","BOSS"],"build_version":"2019-01-03v4","purchased_purges":3,"victory":true,"max_hp_per_floor":[80,80,80,80,80,80,80,80,80,80,80,80,80,80,80,80,80,80,80,80,80,80,80,80,80,80,80,80,80,80,80,80,80,80,80,80,80,80,80,80,80,87,87,87,87,87,87,87,87,87],"card_choices":[{"not_picked":["Carnage","Rupture"],"picked":"Iron Wave","floor":1},{"not_picked":["Searing Blow","Inflame"],"picked":"Shrug It Off","floor":2},{"not_picked":["Pummel","Warcry"],"picked":"Battle Trance","floor":3},{"not_picked":["Warcry","Combust"],"picked":"Shrug It Off","floor":5},{"not_picked":["Perfected Strike","Body Slam"],"picked":"Headbutt","floor":6},{"not_picked":["Flex","Sword Boomerang"],"picked":"Armaments","floor":7},{"not_picked":["Sword Boomerang","Thunderclap","Fiend Fire"],"picked":"SKIP","floor":8},{"not_picked":["Power Through","Iron Wave"],"picked":"Twin Strike","floor":12},{"not_picked":["Bludgeon","Berserk"],"picked":"Immolate","floor":16},{"not_picked":["Cleave","Dual Wield+1"],"picked":"Shrug It Off+1","floor":18},{"not_picked":["Clash","Power Through"],"picked":"Twin Strike+1","floor":20},{"not_picked":["Infernal Blade","Battle Trance"],"picked":"Cleave","floor":22},{"not_picked":["Reckless Charge","Twin Strike","Flex"],"picked":"SKIP","floor":27},{"not_picked":["Thunderclap","Headbutt","Flex"],"picked":"SKIP","floor":28},{"not_picked":["Havoc","Evolve"],"picked":"Pommel Strike","floor":30},{"not_picked":["Immolate","Juggernaut"],"picked":"Offering","floor":33},{"not_picked":["Twin Strike","Anger","True Grit"],"picked":"SKIP","floor":35},{"not_picked":["Anger+1","Body Slam+1"],"picked":"Shrug It Off","floor":38},{"not_picked":["Transmutation","Impatience"],"picked":"Panacea","floor":41},{"not_picked":["Reaper","Sword Boomerang"],"picked":"Demon Form","floor":42},{"not_picked":["Evolve+1","True Grit"],"picked":"Sword Boomerang+1","floor":44},{"not_picked":["Iron Wave","Thunderclap+1"],"picked":"Heavy Blade+1","floor":46},{"not_picked":["Intimidate+1","Thunderclap"],"picked":"Clothesline+1","floor":48},{"not_picked":["Rampage+1","Clothesline"],"picked":"Flame Barrier","floor":49}],"player_experience":337506,"relics_obtained":[{"floor":6,"key":"Oddly Smooth Stone"},{"floor":8,"key":"Smiling Mask"},{"floor":9,"key":"Mummified Hand"},{"floor":12,"key":"Champion Belt"},{"floor":26,"key":"Centennial Puzzle"},{"floor":28,"key":"StoneCalendar"},{"floor":31,"key":"Ancient Tea Set"},{"floor":42,"key":"Strawberry"},{"floor":43,"key":"Pen Nib"},{"floor":46,"key":"Dream Catcher"}],"event_choices":[{"damage_healed":0,"gold_gain":0,"cards_transformed":["Strike_R"],"player_choice":"Change","damage_taken":0,"max_hp_gain":0,"max_hp_loss":0,"event_name":"Living Wall","floor":10,"gold_loss":0,"cards_obtained":["Perfected Strike"]},{"damage_healed":0,"gold_gain":0,"player_choice":"Entered Light","damage_taken":16,"max_hp_gain":0,"max_hp_loss":0,"event_name":"Shining Light","floor":14,"gold_loss":0,"cards_upgraded":["Defend_R","Defend_R"]},{"damage_healed":0,"gold_gain":0,"player_choice":"Opened","damage_taken":0,"relics_obtained":["Self Forming Clay"],"max_hp_gain":0,"max_hp_loss":0,"event_name":"The Mausoleum","floor":19,"gold_loss":0,"cards_obtained":["Writhe"]},{"damage_healed":0,"gold_gain":275,"player_choice":"Desecrate","damage_taken":0,"max_hp_gain":0,"max_hp_loss":0,"event_name":"Golden Shrine","floor":24,"gold_loss":0,"cards_obtained":["Regret"]},{"cards_removed":["Immolate"],"damage_healed":0,"gold_gain":0,"player_choice":"Removed Attack","damage_taken":0,"max_hp_gain":0,"max_hp_loss":0,"event_name":"Falling","floor":37,"gold_loss":0},{"damage_healed":0,"gold_gain":0,"player_choice":"Memory 1","damage_taken":0,"max_hp_gain":0,"max_hp_loss":0,"event_name":"SensoryStone","floor":41,"gold_loss":0},{"damage_healed":0,"gold_gain":0,"player_choice":"Upgrade","damage_taken":0,"relics_obtained":["Mark of the Bloom"],"max_hp_gain":0,"max_hp_loss":0,"event_name":"MindBloom","floor":47,"gold_loss":0,"cards_upgraded":["Iron Wave","Battle Trance","Shrug It Off","Headbutt","Perfected Strike","Twin Strike","Cleave","Pommel Strike","Offering","Double Tap","Exhume","Corruption","Metallicize","Disarm","Clothesline","Shrug It Off","Shrug It Off","Panacea"]}],"is_beta":false,"boss_relics":[{"not_picked":["Black Blood","Mark of Pain"],"picked":"Snecko Eye"},{"not_picked":["Runic Dome","Busted Crown"],"picked":"Pandora\u0027s Box"}],"items_purged_floors":[4,21,25],"is_endless":false,"potions_floor_spawned":[1,6,8,18,27,30,42,48],"ascension_level":4}