{"gold_per_floor":[119,44,44,64,78,78,111,111,111,144,144,44,58,85,85,185,185,199,27,27,27,43,43,43,56,111,111,111,111,111,126,126,223,223,243,253,253,253,265,265,281,296,345,361,23,68,81,94,94,94],"floor_reached":51,"playtime":4443,"items_purged":["Strike_G","Strike_G","Strike_G"],"score":673,"play_id":"5ddfc383-ad69-4124-b5d1-0e6bef856ba9","local_time":"20181109112759","is_ascension_mode":true,"campfire_choices":[{"data":"Noxious Fumes","floor":6,"key":"SMITH"},{"data":"Neutralize","floor":8,"key":"SMITH"},{"data":"Dagger Spray","floor":11,"key":"SMITH"},{"floor":15,"key":"REST"},{"data":"After Image","floor":23,"key":"SMITH"},{"data":"Footwork","floor":28,"key":"SMITH"},{"data":"Well Laid Plans","floor":30,"key":"SMITH"},{"data":"Skewer","floor":32,"key":"SMITH"},{"data":"Secret Weapon","floor":40,"key":"SMITH"},{"data":"Dodge and Roll","floor":49,"key":"SMITH"}],"neow_cost":"NONE","seed_source_timestamp":31271060684708,"circlet_count":0,"master_deck":["Defend_G","Defend_G","Defend_G","Defend_G","Strike_G+1","Survivor","Neutralize+1","Skewer+1","Sucker Punch+1","Noxious Fumes+1","Quick Slash","Dagger Spray+1","Footwork+1","Backflip","After Image+1","Backflip","Dodge and Roll+1","Well Laid Plans+1","Blade Dance+1","Dodge and Roll","Dodge and Roll+1","Tools of the Trade","Acrobatics","Deflect+1","Secret Weapon+1","Dagger Spray+1","Riddle With Holes+1","Flying Knee+1"],"relics":["Ring of the Snake","Pear","Snake Skull","Whetstone","Bird Faced Urn","Coffee Dripper","Enchiridion","Anchor","WristBlade","Vajra","Oddly Smooth Stone","Medical Kit","Tingsha"],"potions_floor_usage":[33,33,50,50],"damage_taken":[{"damage":2,"enemies":"Jaw Worm","floor":1,"turns":9},{"damage":0,"enemies":"2 Louse","floor":4,"turns":2},{"damage":2,"enemies":"Small Slimes","floor":5,"turns":5},{"damage":17,"enemies":"3 Sentries","floor":7,"turns":8},{"damage":13,"enemies":"Lagavulin","floor":10,"turns":6},{"damage":6,"enemies":"Red Slaver","floor":13,"turns":3},{"damage":12,"enemies":"Gremlin Nob","floor":14,"turns":4},{"damage":26,"enemies":"Slime Boss","floor":16,"turns":8},{"damage":14,"enemies":"2 Thieves","floor":18,"turns":5},{"damage":0,"enemies":"Chosen","floor":22,"turns":5},{"damage":2,"enemies":"Snake Plant","floor":25,"turns":5},{"damage":0,"enemies":"Shelled Parasite and Fungi","floor":31,"turns":6},{"damage":27,"enemies":"Collector","floor":33,"turns":10},{"damage":0,"enemies":"3 Darklings","floor":35,"turns":5},{"damage":0,"enemies":"3 Shapes","floor":36,"turns":8},{"damage":14,"enemies":"Jaw Worm Horde","floor":39,"turns":4},{"damage":0,"enemies":"Maw","floor":41,"turns":9},{"damage":14,"enemies":"Transient","floor":42,"turns":5},{"damage":11,"enemies":"3 Darklings","floor":44,"turns":5},{"damage":10,"enemies":"2 Orb Walkers","floor":46,"turns":6},{"damage":0,"enemies":"Jaw Worm Horde","floor":47,"turns":5},{"damage":40,"enemies":"Transient","floor":48,"turns":5},{"damage":62,"enemies":"Awakened One","floor":50,"turns":16}],"seed_played":"-8002127275252316847","potions_obtained":[{"floor":1,"key":"PowerPotion"},{"floor":4,"key":"Dexterity Potion"},{"floor":10,"key":"GhostInAJar"},{"floor":35,"key":"FairyPotion"},{"floor":41,"key":"GamblersBrew"},{"floor":46,"key":"Poison Potion"}],"is_trial":false,"path_per_floor":["M","$","?","M","M","R","E","R","T","E","R","$","M","E","R","B",null,"M","$","?","?","M","R","?","M","T","$","R","?","R","M","R","B",null,"M","M","?","?","M","R","M","M","T","M","$","?","M","M","R","B",null],"character_chosen":"THE_SILENT","items_purchased":["Dodge and Roll","Oddly Smooth Stone","Medical Kit"],"campfire_rested":1,"item_purchase_floors":[19,45,45],"current_hp_per_floor":[75,75,75,75,73,73,66,66,66,53,53,53,47,35,61,39,87,75,75,75,75,81,81,65,71,71,71,71,71,71,81,81,62,87,87,87,87,87,79,79,87,73,73,74,74,76,87,51,51,1],"gold":94,"neow_bonus":"TEN_PERCENT_HP_BONUS","is_prod":false,"is_daily":false,"chose_seed":false,"campfire_upgraded":9,"win_rate":0,"timestamp":1541734079,"path_taken":["M","$","?","M","M","R","E","R","T","E","R","$","M","E","R","BOSS","M","$","?","?","M","R","?","M","T","$","R","?","R","M","R","BOSS","M","M","?","?","M","R","?","M","T","M","$","?","M","M","R","BOSS"],"build_version":"2018-11-08","purchased_purges":3,"victory":true,"max_hp_per_floor":[77,77,77,77,77,77,87,87,87,87,87,87,87,87,87,87,87,87,87,87,87,87,87,87,87,87,87,87,87,87,87,87,87,87,87,87,87,87,87,87,87,87,87,87,87,87,87,87,87,87],"card_choices":[{"not_picked":["Distraction","Finisher"],"picked":"Skewer","floor":1},{"not_picked":["Slice","Bane"],"picked":"Sucker Punch","floor":4},{"not_picked":["Backflip","Sucker Punch"],"picked":"Noxious Fumes","floor":5},{"not_picked":["Tactician","Infinite Blades"],"picked":"Quick Slash","floor":7},{"not_picked":["Adrenaline","Cloak And Dagger"],"picked":"Dagger Spray","floor":10},{"not_picked":["Backstab","Finisher"],"picked":"Footwork","floor":13},{"not_picked":["Choke","Poisoned Stab"],"picked":"Backflip","floor":14},{"not_picked":["A Thousand Cuts","Glass Knife"],"picked":"After Image","floor":16},{"not_picked":["Outmaneuver+1","Quick Slash"],"picked":"Backflip","floor":18},{"not_picked":["Escape Plan","Calculated Gamble"],"picked":"Blade Dance+1","floor":22},{"not_picked":["Backflip","Bouncing Flask+1"],"picked":"Dodge and Roll","floor":25},{"not_picked":["PiercingWail","Blade Dance"],"picked":"Dodge and Roll+1","floor":31},{"not_picked":["Unload","Bullet Time"],"picked":"Tools of the Trade","floor":33},{"not_picked":["Prepared","PiercingWail"],"picked":"Acrobatics","floor":35},{"not_picked":["Crippling Poison","Escape Plan"],"picked":"Deflect+1","floor":36},{"not_picked":["PanicButton","Swift Strike"],"picked":"Secret Weapon","floor":37},{"not_picked":["Well Laid Plans+1","Slice","Prepared"],"picked":"SKIP","floor":39},{"not_picked":["Sucker Punch","Deflect"],"picked":"Dagger Spray+1","floor":41},{"not_picked":["Doppelganger","PiercingWail+1"],"picked":"Riddle With Holes+1","floor":42},{"not_picked":["Acrobatics+1","Dodge and Roll","Dagger Spray"],"picked":"SKIP","floor":44},{"not_picked":["Distraction+1","Cloak And Dagger","Unload"],"picked":"SKIP","floor":47},{"not_picked":["Outmaneuver","Deadly Poison+1"],"picked":"Flying Knee+1","floor":48}],"player_experience":30408,"relics_obtained":[{"floor":7,"key":"Pear"},{"floor":9,"key":"Snake Skull"},{"floor":10,"key":"Whetstone"},{"floor":14,"key":"Bird Faced Urn"},{"floor":24,"key":"Enchiridion"},{"floor":26,"key":"Anchor"},{"floor":43,"key":"Vajra"},{"floor":46,"key":"Tingsha"}],"event_choices":[{"damage_healed":0,"gold_gain":0,"player_choice":"Ignored","damage_taken":0,"max_hp_gain":0,"max_hp_loss":0,"event_name":"Liars Game","floor":3,"gold_loss":0},{"damage_healed":0,"gold_gain":0,"player_choice":"Read","damage_taken":0,"max_hp_gain":0,"max_hp_loss":0,"event_name":"The Library","floor":21,"gold_loss":0,"cards_obtained":["Well Laid Plans"]},{"damage_healed":0,"gold_gain":0,"player_choice":"Obtained Book","damage_taken":16,"max_hp_gain":0,"max_hp_loss":0,"event_name":"Cursed Tome","floor":24,"gold_loss":0},{"cards_removed":["Strike_G"],"damage_healed":0,"gold_gain":0,"player_choice":"Purged","damage_taken":0,"max_hp_gain":0,"max_hp_loss":0,"event_name":"Purifier","floor":29,"gold_loss":0},{"damage_healed":0,"gold_gain":0,"player_choice":"Memory 1","damage_taken":0,"max_hp_gain":0,"max_hp_loss":0,"event_name":"SensoryStone","floor":37,"gold_loss":0},{"cards_removed":["Defend_G"],"damage_healed":0,"gold_gain":0,"player_choice":"Purged","damage_taken":0,"max_hp_gain":0,"max_hp_loss":0,"event_name":"Purifier","floor":38,"gold_loss":0},{"damage_healed":0,"gold_gain":0,"player_choice":"Fight","damage_taken":0,"max_hp_gain":0,"max_hp_loss":0,"event_name":"Mysterious Sphere","floor":46,"gold_loss":0}],"is_beta":false,"boss_relics":[{"not_picked":["Fusion Hammer","Lizard Tail"],"picked":"Coffee Dripper"},{"not_picked":["Snecko Eye","Calling Bell"],"picked":"WristBlade"}],"items_purged_floors":[2,12,19],"is_endless":false,"potions_floor_spawned":[1,4,10,13,16,18,22,35,41,42,46,48],"ascension_level":1}