{"gold_per_floor":[114,130,147,147,167,199,199,226,226,251,25,25,40,40,40,117,117,131,146,165,31,48,48,76,96,96,108,108,122,152,171,171,171],"floor_reached":33,"playtime":3453,"items_purged":["Strike_G","Neutralize"],"score":596,"play_id":"eb72e8ce-d6c6-46d8-a124-e8fa538c76b3","local_time":"20190128123817","is_ascension_mode":true,"campfire_choices":[{"data":"Neutralize","floor":7,"key":"SMITH"},{"floor":12,"key":"REST"},{"data":"Deadly Poison","floor":15,"key":"SMITH"},{"floor":23,"key":"REST"},{"floor":28,"key":"REST"},{"floor":32,"key":"REST"}],"neow_cost":"NONE","seed_source_timestamp":45782721745000,"circlet_count":0,"master_deck":["AscendersBane","Defend_G","Defend_G","Defend_G","Defend_G","Defend_G","Strike_G+1","Strike_G","Strike_G","Survivor","Neutralize+1","Deadly Poison+1","All Out Attack","Cloak And Dagger","Cloak And Dagger","Escape Plan","PiercingWail","Deflect","Die Die Die","Infinite Blades","Backstab+1","Well Laid Plans","Terror+1","Footwork","Flechettes+1","Dodge and Roll","Prepared+1"],"relics":["Ring of the Snake","Pocketwatch","Oddly Smooth Stone","Snake Skull","Gremlin Horn","Vajra","Sozu","Bronze Scales","Peace Pipe","Whetstone"],"potions_floor_usage":[6,8,19,20],"damage_taken":[{"damage":0,"enemies":"Jaw Worm","floor":1,"turns":6},{"damage":1,"enemies":"Cultist","floor":2,"turns":4},{"damage":4,"enemies":"Small Slimes","floor":3,"turns":3},{"damage":8,"enemies":"Red Slaver","floor":5,"turns":4},{"damage":22,"enemies":"Lagavulin","floor":6,"turns":7},{"damage":21,"enemies":"3 Sentries","floor":8,"turns":8},{"damage":24,"enemies":"Gremlin Nob","floor":10,"turns":5},{"damage":0,"enemies":"3 Louse","floor":13,"turns":2},{"damage":0,"enemies":"The Guardian","floor":16,"turns":11},{"damage":0,"enemies":"3 Byrds","floor":18,"turns":4},{"damage":2,"enemies":"2 Thieves","floor":19,"turns":2},{"damage":1,"enemies":"Chosen and Byrds","floor":20,"turns":5},{"damage":28,"enemies":"Cultist and Chosen","floor":22,"turns":7},{"damage":33,"enemies":"Slavers","floor":24,"turns":6},{"damage":5,"enemies":"Shelled Parasite and Fungi","floor":25,"turns":5},{"damage":2,"enemies":"Snake Plant","floor":27,"turns":4},{"damage":7,"enemies":"Centurion and Healer","floor":29,"turns":5},{"damage":11,"enemies":"Gremlin Leader","floor":30,"turns":4},{"damage":2,"enemies":"Chosen and Byrds","floor":31,"turns":5},{"damage":45,"enemies":"Champ","floor":33,"turns":10}],"seed_played":"5134959554869141228","potions_obtained":[{"floor":5,"key":"FearPotion"},{"floor":6,"key":"Regen Potion"},{"floor":8,"key":"Fire Potion"},{"floor":13,"key":"FearPotion"}],"is_trial":false,"path_per_floor":["M","M","M","?","M","E","R","E","T","E","$","R","M","?","R","B",null,"M","M","M","$","M","R","E","M","T","M","R","M","E","M","R","B"],"character_chosen":"THE_SILENT","items_purchased":["Vajra","Well Laid Plans"],"campfire_rested":4,"item_purchase_floors":[11,21],"current_hp_per_floor":[70,69,65,65,57,35,35,29,29,5,5,28,28,28,28,28,65,65,63,62,62,34,57,24,19,19,17,40,33,22,20,43,0],"gold":171,"neow_bonus":"TEN_PERCENT_HP_BONUS","is_prod":false,"is_daily":false,"chose_seed":false,"campfire_upgraded":2,"win_rate":0,"timestamp":1548675497,"path_taken":["M","M","M","?","?","E","R","E","T","E","$","R","M","?","R","BOSS","M","M","M","$","M","R","E","M","T","?","R","M","E","?","R","BOSS"],"build_version":"2019-01-23","purchased_purges":2,"victory":false,"max_hp_per_floor":[77,77,77,77,77,77,77,77,77,77,77,77,77,77,77,77,77,77,77,77,77,77,77,77,77,77,77,77,77,77,77,77,77],"card_choices":[{"not_picked":["Outmaneuver","Bouncing Flask"],"picked":"Deadly Poison","floor":1},{"not_picked":["Blade Dance","Dagger Throw"],"picked":"All Out Attack","floor":2},{"not_picked":["Reflex","Bouncing Flask"],"picked":"Cloak And Dagger","floor":3},{"not_picked":["Flying Knee","Calculated Gamble"],"picked":"Cloak And Dagger","floor":5},{"not_picked":["Distraction","Bouncing Flask","Acrobatics"],"picked":"SKIP","floor":6},{"not_picked":["Storm of Steel","Underhanded Strike"],"picked":"Escape Plan","floor":8},{"not_picked":["Dagger Spray","All Out Attack"],"picked":"PiercingWail","floor":10},{"not_picked":["Bane","Catalyst"],"picked":"Deflect","floor":13},{"not_picked":["Unload","Wraith Form v2"],"picked":"Die Die Die","floor":16},{"not_picked":["Flying Knee","Accuracy","Dagger Throw"],"picked":"SKIP","floor":18},{"not_picked":["Calculated Gamble","Deadly Poison"],"picked":"Infinite Blades","floor":19},{"not_picked":["Flying Knee","Bane"],"picked":"Backstab","floor":20},{"not_picked":["Grand Finale","Outmaneuver"],"picked":"Terror+1","floor":22},{"not_picked":["Sucker Punch","Prepared"],"picked":"Footwork","floor":24},{"not_picked":["Underhanded Strike","Acrobatics","Bouncing Flask"],"picked":"SKIP","floor":25},{"not_picked":["Infinite Blades+1","Outmaneuver+1"],"picked":"Flechettes+1","floor":27},{"not_picked":["Calculated Gamble","Flying Knee+1"],"picked":"Dodge and Roll","floor":29},{"not_picked":["Underhanded Strike","Grand Finale"],"picked":"Prepared+1","floor":30},{"not_picked":["Deflect","Bouncing Flask","Tactician"],"picked":"SKIP","floor":31}],"player_experience":156489,"relics_obtained":[{"floor":6,"key":"Pocketwatch"},{"floor":8,"key":"Oddly Smooth Stone"},{"floor":9,"key":"Snake Skull"},{"floor":10,"key":"Gremlin Horn"},{"floor":24,"key":"Bronze Scales"},{"floor":26,"key":"Peace Pipe"},{"floor":30,"key":"Whetstone"}],"event_choices":[{"damage_healed":0,"gold_gain":0,"player_choice":"1 cards matched","damage_taken":0,"max_hp_gain":0,"max_hp_loss":0,"event_name":"Match and Keep!","floor":4,"gold_loss":0,"cards_obtained":["Neutralize"]},{"cards_removed":["Strike_G"],"damage_healed":0,"gold_gain":0,"player_choice":"Purged","damage_taken":0,"max_hp_gain":0,"max_hp_loss":0,"event_name":"Purifier","floor":14,"gold_loss":0}],"is_beta":false,"boss_relics":[{"not_picked":["Cursed Key","Eternal Feather"],"picked":"Sozu"}],"items_purged_floors":[11,21],"is_endless":false,"potions_floor_spawned":[5,6,8,13,19,20,25,29],"killed_by":"Champ","ascension_level":13}