{"gold_per_floor":[112,37,37,47,64,95,50,50,76,95,122,135,163,163],"floor_reached":14,"playtime":630,"items_purged":["Strike_R"],"score":176,"play_id":"032a8aee-8a2f-4bd4-8de1-74d4cc2d0f98","local_time":"20190208215241","is_ascension_mode":true,"campfire_choices":[{"data":"Fiend Fire","floor":8,"key":"SMITH"}],"neow_cost":"NONE","seed_source_timestamp":258516739044836,"circlet_count":0,"master_deck":["AscendersBane","Strike_R","Strike_R","Strike_R","Defend_R","Defend_R","Defend_R","Defend_R","Bash","Whirlwind","Heavy Blade","Feel No Pain","Fiend Fire+1","Combust","Shrug It Off","Metallicize","Shockwave"],"relics":["Burning Blood","NeowsBlessing","Ancient Tea Set","Anchor","Dream Catcher","Letter Opener"],"potions_floor_usage":[11,13],"damage_taken":[{"damage":0,"enemies":"Jaw Worm","floor":1,"turns":1},{"damage":0,"enemies":"Cultist","floor":4,"turns":1},{"damage":0,"enemies":"Small Slimes","floor":5,"turns":1},{"damage":50,"enemies":"3 Sentries","floor":6,"turns":8},{"damage":5,"enemies":"Looter","floor":7,"turns":5},{"damage":0,"enemies":"Large Slime","floor":10,"turns":3},{"damage":9,"enemies":"Gremlin Nob","floor":11,"turns":3},{"damage":10,"enemies":"2 Fungi Beasts","floor":12,"turns":3},{"damage":18,"enemies":"Lagavulin","floor":13,"turns":7},{"damage":24,"enemies":"Lots of Slimes","floor":14,"turns":4}],"seed_played":"5618307920607548446","potions_obtained":[{"floor":1,"key":"SteroidPotion"},{"floor":6,"key":"SneckoOil"},{"floor":10,"key":"Ancient Potion"},{"floor":12,"key":"AttackPotion"},{"floor":13,"key":"FearPotion"}],"is_trial":false,"path_per_floor":["M","$","?","M","M","E","M","R","T","M","E","M","E","M"],"character_chosen":"IRONCLAD","items_purchased":[],"campfire_rested":0,"item_purchase_floors":[],"current_hp_per_floor":[78,78,78,80,80,36,37,37,37,43,40,36,24,0],"gold":163,"neow_bonus":"THREE_ENEMY_KILL","is_prod":false,"is_daily":false,"chose_seed":false,"campfire_upgraded":1,"win_rate":0,"timestamp":1549691561,"path_taken":["M","$","?","?","?","E","M","R","T","M","E","M","E","M"],"build_version":"2019-01-23","purchased_purges":1,"victory":false,"max_hp_per_floor":[80,80,80,80,80,80,80,80,80,80,80,80,80,80],"card_choices":[{"not_picked":["Heavy Blade","Warcry","Power Through"],"picked":"SKIP","floor":1},{"not_picked":["Bloodletting","Twin Strike"],"picked":"Whirlwind","floor":4},{"not_picked":["Ghostly Armor","Rage"],"picked":"Heavy Blade","floor":5},{"not_picked":["Flame Barrier","Battle Trance"],"picked":"Feel No Pain","floor":6},{"not_picked":["Iron Wave","Thunderclap"],"picked":"Fiend Fire","floor":7},{"not_picked":["Pommel Strike","Ghostly Armor"],"picked":"Combust","floor":10},{"not_picked":["Clothesline","True Grit"],"picked":"Shrug It Off","floor":11},{"not_picked":["Cleave","Headbutt"],"picked":"Metallicize","floor":12},{"not_picked":["Whirlwind","Wild Strike"],"picked":"Shockwave","floor":13}],"player_experience":512219,"relics_obtained":[{"floor":6,"key":"Ancient Tea Set"},{"floor":9,"key":"Anchor"},{"floor":11,"key":"Dream Catcher"},{"floor":13,"key":"Letter Opener"}],"event_choices":[{"cards_removed":["Strike_R"],"damage_healed":0,"gold_gain":0,"player_choice":"Offered Basic","damage_taken":0,"max_hp_gain":0,"max_hp_loss":0,"event_name":"Bonfire Elementals","floor":3,"gold_loss":0}],"is_beta":false,"boss_relics":[],"items_purged_floors":[2],"is_endless":false,"potions_floor_spawned":[1,6,10,12,13],"killed_by":"Lots of Slimes","ascension_level":12}