{"gold_per_floor":[118,118,118,136,150,150,190,205,205,205,219,219,243,282,282,402,402,426,445,26,26,101,101,141,141,186,201,201,214,248,263,263,392,392,405,21,34,59,0,0,33,51,77,102,160,160,179,212,212,212],"floor_reached":50,"playtime":6647,"items_purged":["Strike_R"],"score":933,"play_id":"e7c72d12-4ce9-4626-8d73-9d9e8eb1be73","local_time":"20190201193957","is_ascension_mode":true,"campfire_choices":[{"data":"Rampage","floor":6.0,"key":"SMITH"},{"floor":10.0,"key":"REST"},{"data":"Uppercut","floor":12.0,"key":"SMITH"},{"data":"Armaments","floor":15.0,"key":"SMITH"},{"data":"Offering","floor":23.0,"key":"SMITH"},{"data":"Whirlwind","floor":25.0,"key":"SMITH"},{"floor":28,"key":"REST"},{"floor":32,"key":"REST"},{"floor":40,"key":"REST"},{"floor":49,"key":"REST"}],"neow_cost":"NONE","seed_source_timestamp":0,"circlet_count":0,"master_deck":["AscendersBane","Strike_R","Strike_R","Strike_R","Strike_R","Defend_R","Defend_R","Defend_R","Defend_R","Bash","Armaments+1","Ghostly Armor","Rampage+1","Uppercut+1","Battle Trance","Inflame","Offering+1","True Grit","Brutality","Rupture","Whirlwind+1","Ghostly","Ghostly","Ghostly","Ghostly","Ghostly","Spot Weakness","Inflame","Body Slam+1","Demon Form","Shrug It Off","Apotheosis","Pommel Strike+1","True Grit+1","Shrug It Off"],"special_seed":0,"relics":["Burning Blood","NeowsBlessing","Golden Idol","The Courier","Self Forming Clay","Ornamental Fan","Snecko Eye","Paper Frog","Molten Egg 2","Pen Nib","Bottled Lightning","Fusion Hammer","Ice Cream","Red Mask","Pantograph","Potion Belt","Lantern","Thread and Needle","Kunai"],"potions_floor_usage":[30,33,41,41,50,50,50],"damage_taken":[{"damage":0.0,"enemies":"2 Louse","floor":1.0,"turns":1.0},{"damage":0.0,"enemies":"Cultist","floor":4.0,"turns":1.0},{"damage":0.0,"enemies":"Small Slimes","floor":5.0,"turns":1.0},{"damage":57.0,"enemies":"3 Sentries","floor":7.0,"turns":13.0},{"damage":24.0,"enemies":"Exordium Thugs","floor":8.0,"turns":9.0},{"damage":7.0,"enemies":"Large Slime","floor":11.0,"turns":6.0},{"damage":8.0,"enemies":"Exordium Wildlife","floor":13.0,"turns":6.0},{"damage":16.0,"enemies":"Lagavulin","floor":14.0,"turns":5.0},{"damage":15.0,"enemies":"The Guardian","floor":16.0,"turns":10.0},{"damage":16.0,"enemies":"Chosen","floor":18.0,"turns":5.0},{"damage":12.0,"enemies":"Spheric Guardian","floor":19.0,"turns":4.0},{"damage":13.0,"enemies":"Gremlin Leader","floor":24.0,"turns":7.0},{"damage":24,"enemies":"Centurion and Healer","floor":27,"turns":7},{"damage":1,"enemies":"Sentry and Sphere","floor":29,"turns":5},{"damage":27,"enemies":"Book of Stabbing","floor":30,"turns":6},{"damage":4,"enemies":"Chosen and Byrds","floor":31,"turns":6},{"damage":20,"enemies":"Automaton","floor":33,"turns":10},{"damage":4,"enemies":"3 Shapes","floor":35,"turns":5},{"damage":2,"enemies":"Orb Walker","floor":37,"turns":4},{"damage":8,"enemies":"Sphere and 2 Shapes","floor":38,"turns":4},{"damage":22,"enemies":"Reptomancer","floor":41,"turns":7},{"damage":0,"enemies":"Jaw Worm Horde","floor":42,"turns":4},{"damage":4,"enemies":"2 Orb Walkers","floor":45,"turns":4},{"damage":8,"enemies":"4 Shapes","floor":47,"turns":5},{"damage":10,"enemies":"Nemesis","floor":48,"turns":5},{"damage":41,"enemies":"Donu and Deca","floor":50,"turns":7}],"seed_played":"2409628404526811560","potions_obtained":[{"floor":5.0,"key":"Fruit Juice"},{"floor":11.0,"key":"Poison Potion"},{"floor":13.0,"key":"GamblersBrew"},{"floor":14.0,"key":"Poison Potion"},{"floor":18.0,"key":"Weak Potion"},{"floor":19.0,"key":"Poison Potion"},{"floor":31,"key":"LiquidBronze"},{"floor":35,"key":"Regen Potion"},{"floor":45,"key":"SkillPotion"},{"floor":47,"key":"Block Potion"},{"floor":48,"key":"Fire Potion"}],"is_trial":false,"path_per_floor":["M","?","?","M","M","R","E","M","T","R","M","R","M","E","R","B",null,"M","M","$","?","?","R","E","R","T","M","R","M","E","M","R","B",null,"M","$","M","M","?","R","E","M","T","T","?","?","M","E","R","B"],"character_chosen":"IRONCLAD","items_purchased":["Rupture","Whirlwind","Paper Frog","Fire Potion","Apotheosis","Ice Cream"],"campfire_rested":5,"item_purchase_floors":[20,20,20,20,36,36],"current_hp_per_floor":[78,58,80,80,85,85,34,16,16,41,40,40,38,28,28,19,69,59,53,53,42,38,38,31,31,31,13,25,30,9,11,23,9,34,36,36,40,38,38,42,35,41,41,41,42,40,38,34,40,0],"gold":212,"neow_bonus":"THREE_ENEMY_KILL","is_prod":false,"is_daily":false,"chose_seed":false,"campfire_upgraded":5,"win_rate":0,"timestamp":1549046397,"path_taken":["M","?","?","M","M","R","E","M","T","R","M","R","?","E","R","BOSS","M","M","$","?","?","R","E","R","T","?","R","M","E","M","R","BOSS","M","$","M","M","?","R","E","M","T","?","?","?","M","E","R","BOSS"],"build_version":"2019-01-23","purchased_purges":1,"victory":false,"max_hp_per_floor":[80,80,80,80,85,85,85,85,85,85,85,85,85,85,85,85,85,85,85,85,42,42,42,42,42,42,42,42,42,42,42,42,42,42,42,42,42,42,42,42,42,42,42,42,42,40,40,40,40,40],"card_choices":[{"not_picked":["Bloodletting","Metallicize"],"picked":"Armaments","floor":1.0},{"not_picked":["Flex","Armaments"],"picked":"Ghostly Armor","floor":4.0},{"not_picked":["Flame Barrier","Pommel Strike"],"picked":"Rampage","floor":5.0},{"not_picked":["Reckless Charge","Dark Embrace"],"picked":"Uppercut","floor":7.0},{"not_picked":["Flex","Twin Strike"],"picked":"Battle Trance","floor":8.0},{"not_picked":["Flex","Headbutt"],"picked":"Inflame","floor":11.0},{"not_picked":["Thunderclap","Sever Soul"],"picked":"Offering","floor":13.0},{"not_picked":["Cleave","Clash"],"picked":"True Grit","floor":14.0},{"not_picked":["Fiend Fire","Offering"],"picked":"Brutality","floor":16.0},{"not_picked":["Iron Wave","Blood for Blood","Reckless Charge"],"picked":"SKIP","floor":18.0},{"not_picked":["Rampage","Burning Pact","Anger"],"picked":"SKIP","floor":19.0},{"not_picked":["Evolve","Dropkick"],"picked":"Spot Weakness","floor":24.0},{"not_picked":["Clash+1","Flex+1","Whirlwind+1"],"picked":"SKIP","floor":27},{"not_picked":["Feel No Pain","Burning Pact"],"picked":"Inflame","floor":29},{"not_picked":["Wild Strike+1","Twin Strike+1","Rage"],"picked":"SKIP","floor":30},{"not_picked":["Flex","Wild Strike+1"],"picked":"Body Slam+1","floor":31},{"not_picked":["Immolate+1","Fiend Fire+1"],"picked":"Demon Form","floor":33},{"not_picked":["Thunderclap+1","Headbutt+1"],"picked":"Shrug It Off","floor":35},{"not_picked":["Iron Wave+1","Body Slam+1","Pommel Strike+1"],"picked":"SKIP","floor":37},{"not_picked":["Iron Wave+1","Seeing Red"],"picked":"Pommel Strike+1","floor":38},{"not_picked":["Sentinel","Headbutt+1","Double Tap"],"picked":"SKIP","floor":41},{"not_picked":["Twin Strike+1","Flex+1"],"picked":"True Grit+1","floor":42},{"not_picked":["Armaments+1","Rage"],"picked":"Shrug It Off","floor":45},{"not_picked":["Reckless Charge+1","Clash+1","Bloodletting"],"picked":"SKIP","floor":47},{"not_picked":["Rage","Iron Wave+1","Flex"],"picked":"SKIP","floor":48}],"player_experience":263573,"relics_obtained":[{"floor":7.0,"key":"The Courier"},{"floor":9.0,"key":"Self Forming Clay"},{"floor":14.0,"key":"Ornamental Fan"},{"floor":24.0,"key":"Molten Egg 2"},{"floor":26.0,"key":"Pen Nib"},{"floor":30,"key":"Bottled Lightning"},{"floor":41,"key":"Pantograph"},{"floor":43,"key":"Potion Belt"},{"floor":44,"key":"Lantern"},{"floor":45,"key":"Thread and Needle"},{"floor":48,"key":"Kunai"}],"event_choices":[{"damage_healed":0.0,"max_hp_gain":0.0,"max_hp_loss":0.0,"gold_gain":0.0,"event_name":"Golden Idol","player_choice":"Take Damage","floor":2.0,"gold_loss":0.0,"damage_taken":20.0,"relics_obtained":["Golden Idol"]},{"damage_healed":22.0,"max_hp_gain":0.0,"max_hp_loss":0.0,"gold_gain":0.0,"event_name":"Wheel of Change","player_choice":"Full Heal","floor":3.0,"gold_loss":0.0,"damage_taken":0.0},{"damage_healed":0.0,"max_hp_gain":0.0,"max_hp_loss":43.0,"gold_gain":0.0,"event_name":"Ghosts","player_choice":"Became a Ghost","floor":21.0,"gold_loss":0.0,"damage_taken":0.0,"cards_obtained":["Ghostly","Ghostly","Ghostly","Ghostly","Ghostly"]},{"damage_healed":0.0,"max_hp_gain":0.0,"max_hp_loss":0.0,"gold_gain":75.0,"event_name":"FaceTrader","player_choice":"Touch","floor":22.0,"gold_loss":0.0,"damage_taken":4.0},{"damage_healed":0,"gold_gain":0,"player_choice":"Paid","damage_taken":0,"relics_obtained":["Red Mask"],"max_hp_gain":0,"max_hp_loss":0,"event_name":"Tomb of Lord Red Mask","floor":39,"gold_loss":59},{"damage_healed":0,"gold_gain":0,"player_choice":"Fight","damage_taken":0,"max_hp_gain":0,"max_hp_loss":0,"event_name":"Mysterious Sphere","floor":45,"gold_loss":0},{"damage_healed":0,"gold_gain":0,"player_choice":"Max HP","damage_taken":0,"max_hp_gain":0,"max_hp_loss":2,"event_name":"Winding Halls","floor":46,"gold_loss":0}],"is_beta":false,"boss_relics":[{"not_picked":["Eternal Feather","Mark of Pain"],"picked":"Snecko Eye"},{"not_picked":["Tiny House","Orrery"],"picked":"Fusion Hammer"}],"items_purged_floors":[20],"is_endless":false,"potions_floor_spawned":[5,11,13,14,18,19,31,35,45,47,48],"killed_by":"Donu and Deca","ascension_level":12}