{"gold_per_floor":[19,34,53,53,72,97,97,97,97,117,151,166,176,210,210,315,315,327,327,377,395,412,412],"floor_reached":23,"playtime":1445,"items_purged":[],"score":265,"play_id":"b42a669f-cb80-4254-9aa5-90cbc92b7419","local_time":"20190210171043","is_ascension_mode":false,"campfire_choices":[{"data":"Bludgeon","floor":7,"key":"SMITH"},{"data":"Armaments","floor":15,"key":"SMITH"}],"neow_cost":"NO_GOLD","seed_source_timestamp":600321883120120,"circlet_count":0,"master_deck":["Strike_R","Strike_R","Defend_R","Defend_R","Defend_R","Defend_R","Bash","Bludgeon+1","Shockwave","Shrug It Off","Armaments+1","Uppercut","Spot Weakness","Headbutt","Inflame","Limit Break","Barricade+1","Flex+1","Entrench+1","Disarm+1","Cleave"],"relics":["Burning Blood","Darkstone Periapt","Incense Burner","Magic Flower","Regal Pillow","Astrolabe"],"potions_floor_usage":[6,11,18,22,22,22,22],"damage_taken":[{"damage":6,"enemies":"Cultist","floor":1,"turns":3},{"damage":0,"enemies":"2 Louse","floor":2,"turns":3},{"damage":0,"enemies":"Jaw Worm","floor":3,"turns":2},{"damage":2,"enemies":"2 Fungi Beasts","floor":5,"turns":4},{"damage":10,"enemies":"Lagavulin","floor":6,"turns":7},{"damage":14,"enemies":"Gremlin Gang","floor":10,"turns":7},{"damage":26,"enemies":"Gremlin Nob","floor":11,"turns":5},{"damage":5,"enemies":"Exordium Thugs","floor":12,"turns":5},{"damage":0,"enemies":"Blue Slaver","floor":13,"turns":3},{"damage":28,"enemies":"3 Sentries","floor":14,"turns":7},{"damage":0,"enemies":"Slime Boss","floor":16,"turns":12},{"damage":21,"enemies":"2 Thieves","floor":18,"turns":4},{"damage":10,"enemies":"Shell Parasite","floor":21,"turns":8},{"damage":27,"enemies":"Cultist and Chosen","floor":22,"turns":10},{"damage":48,"enemies":"Book of Stabbing","floor":23,"turns":10}],"seed_played":"421617939328378803","potions_obtained":[{"floor":1,"key":"Fire Potion"},{"floor":8,"key":"EntropicBrew"},{"floor":8,"key":"SneckoOil"},{"floor":8,"key":"Weak Potion"},{"floor":11,"key":"SneckoOil"},{"floor":14,"key":"PowerPotion"},{"floor":16,"key":"Ancient Potion"},{"floor":18,"key":"FearPotion"}],"is_trial":false,"path_per_floor":["M","M","M","?","M","E","R","?","T","M","E","M","M","E","R","B",null,"M","?","?","M","M","E"],"character_chosen":"IRONCLAD","items_purchased":[],"campfire_rested":0,"item_purchase_floors":[],"current_hp_per_floor":[80,80,80,80,80,76,76,76,76,68,48,52,61,42,42,51,80,68,53,53,52,46,0],"gold":412,"neow_bonus":"THREE_RARE_CARDS","is_prod":false,"is_daily":false,"chose_seed":false,"campfire_upgraded":2,"win_rate":0.0,"timestamp":1549815043,"path_taken":["M","?","M","?","M","E","R","?","T","M","E","M","?","E","R","BOSS","M","?","?","?","M","E"],"build_version":"2019-01-23","purchased_purges":0,"victory":false,"max_hp_per_floor":[80,80,80,80,80,80,80,80,80,80,80,80,80,80,80,80,80,80,85,85,85,85,85],"card_choices":[{"not_picked":["Exhume","Juggernaut"],"picked":"Bludgeon","floor":0},{"not_picked":["Havoc","Thunderclap"],"picked":"Shockwave","floor":1},{"not_picked":["Armaments","Power Through"],"picked":"Shrug It Off","floor":2},{"not_picked":["Warcry","Bludgeon"],"picked":"Armaments","floor":3},{"not_picked":["Thunderclap","Flex","Combust"],"picked":"SKIP","floor":5},{"not_picked":["Feel No Pain","Ghostly Armor"],"picked":"Uppercut","floor":6},{"not_picked":["Blood for Blood","Havoc","Clash"],"picked":"SKIP","floor":10},{"not_picked":["Bloodletting","Armaments"],"picked":"Spot Weakness","floor":11},{"not_picked":["Wild Strike","Warcry"],"picked":"Headbutt","floor":12},{"not_picked":["Twin Strike","Perfected Strike","Headbutt"],"picked":"SKIP","floor":13},{"not_picked":["Dual Wield","Rupture"],"picked":"Inflame","floor":14},{"not_picked":["Impervious","Exhume"],"picked":"Limit Break","floor":16},{"not_picked":["Second Wind","Heavy Blade+1"],"picked":"Disarm+1","floor":18},{"not_picked":["Feel No Pain","Carnage","Thunderclap"],"picked":"SKIP","floor":21},{"not_picked":["Warcry","Twin Strike"],"picked":"Cleave","floor":22}],"player_experience":110662,"relics_obtained":[{"floor":6,"key":"Darkstone Periapt"},{"floor":9,"key":"Incense Burner"},{"floor":11,"key":"Magic Flower"},{"floor":14,"key":"Regal Pillow"}],"event_choices":[{"damage_healed":0,"gold_gain":0,"player_choice":"Ignored","damage_taken":0,"max_hp_gain":0,"max_hp_loss":0,"event_name":"Golden Idol","floor":4,"gold_loss":0},{"damage_healed":0,"gold_gain":0,"player_choice":"Got Potions","damage_taken":0,"max_hp_gain":0,"max_hp_loss":0,"event_name":"Lab","floor":8,"gold_loss":0},{"damage_healed":0,"gold_gain":0,"player_choice":"Shed Blood","damage_taken":20,"max_hp_gain":5,"max_hp_loss":0,"event_name":"Forgotten Altar","floor":19,"gold_loss":0},{"damage_healed":0,"gold_gain":100,"player_choice":"Bet on Murderer","damage_taken":0,"max_hp_gain":0,"max_hp_loss":0,"event_name":"The Joust","floor":20,"gold_loss":50}],"is_beta":false,"boss_relics":[{"not_picked":["Runic Dome","Pandora\u0027s Box"],"picked":"Astrolabe"}],"items_purged_floors":[],"is_endless":false,"potions_floor_spawned":[1,10,11,14,16,18],"killed_by":"Book of Stabbing","ascension_level":0}