{"gold_per_floor":[114,64,379,394,69,69,99,99,124,124,124,139,154,215,215,315,315,330,345,360,360,375,375,258,258,258,273,288,303,303,318,318,418,418,433,159,174,4,19,19,56,56,56,156,171,186,186,201,201,201],"floor_reached":51,"playtime":2208,"items_purged":["Dual Wield"],"score":853,"play_id":"b2604c91-3c09-4a2f-9d5b-400d6dc1c9a1","local_time":"20190108180811","daily_mods":["Insanity","Vintage","Night Terrors"],"is_ascension_mode":false,"campfire_choices":[{"data":"Metallicize","floor":6.0,"key":"SMITH"},{"data":"Intimidate","floor":8.0,"key":"SMITH"},{"data":"Wild Strike","floor":10.0,"key":"SMITH"},{"data":"Shockwave","floor":15.0,"key":"SMITH"},{"data":"Uppercut","floor":23.0,"key":"SMITH"},{"data":"Uppercut","floor":25.0,"key":"SMITH"},{"data":"Flame Barrier","floor":30.0,"key":"SMITH"},{"data":"Battle Trance","floor":32.0,"key":"SMITH"},{"data":"Wild Strike","floor":40.0,"key":"SMITH"},{"data":"Whirlwind","floor":42.0,"key":"SMITH"},{"data":"Bloodletting","floor":47.0,"key":"SMITH"},{"data":"Havoc","floor":49,"key":"SMITH"}],"neow_cost":"","seed_source_timestamp":0,"circlet_count":0,"master_deck":["Heavy Blade","Wild Strike+1","Intimidate+1","Perfected Strike","Bloodletting+1","True Grit","True Grit","Warcry","Shockwave+1","Twin Strike","Flex","Iron Wave","Flame Barrier+1","Iron Wave","True Grit","Combust","Perfected Strike","Body Slam","Flex","Body Slam","Uppercut+1","Dropkick","Heavy Blade","Uppercut+1","Spot Weakness","Armaments","Wild Strike","Rampage","Twin Strike","Thunderclap","Perfected Strike","Warcry","Disarm","Body Slam","Burning Pact","Heavy Blade","Headbutt","Armaments","Entrench","Rampage","Iron Wave","Wild Strike","Rampage","Havoc+1","Blood for Blood","Metallicize+1","Thunderclap","Iron Wave","Wild Strike+1","Fiend Fire","Shockwave+1","Metallicize","Battle Trance+1","Brutality","Whirlwind+1","Headbutt","Impervious","Shrug It Off","Ghostly Armor","Whirlwind"],"special_seed":17904,"relics":["Black Blood","Nunchaku","Old Coin","Bottled Tornado","Membership Card","Singing Bowl","Strawberry","Orichalcum","Ornamental Fan","Pen Nib","Velvet Choker","Bottled Flame","Ancient Tea Set","Vajra","Calipers","Regal Pillow","Kunai","Blood Vial","Boot","Letter Opener","PreservedInsect","Ice Cream","Anchor","Pear","Bronze Scales","Bag of Preparation","StoneCalendar","Question Card","Champion Belt","Red Skull","Self Forming Clay","Lantern"],"potions_floor_usage":[50,50,50,50],"damage_taken":[{"damage":4.0,"enemies":"Jaw Worm","floor":1.0,"turns":3.0},{"damage":5.0,"enemies":"Small Slimes","floor":3.0,"turns":3.0},{"damage":3.0,"enemies":"Cultist","floor":4.0,"turns":2.0},{"damage":6.0,"enemies":"Gremlin Nob","floor":7.0,"turns":3.0},{"damage":0.0,"enemies":"2 Fungi Beasts","floor":12.0,"turns":2.0},{"damage":0.0,"enemies":"3 Louse","floor":13.0,"turns":4.0},{"damage":19.0,"enemies":"Slime Boss","floor":16.0,"turns":9.0},{"damage":12.0,"enemies":"2 Thieves","floor":18.0,"turns":4.0},{"damage":3.0,"enemies":"Shell Parasite","floor":19.0,"turns":4.0},{"damage":0.0,"enemies":"Centurion and Healer","floor":20.0,"turns":4.0},{"damage":9.0,"enemies":"Snake Plant","floor":22.0,"turns":2.0},{"damage":0.0,"enemies":"Snecko","floor":27.0,"turns":3.0},{"damage":6.0,"enemies":"Chosen and Byrds","floor":28.0,"turns":4.0},{"damage":0.0,"enemies":"3 Cultists","floor":29.0,"turns":6.0},{"damage":0.0,"enemies":"Centurion and Healer","floor":31.0,"turns":3.0},{"damage":43.0,"enemies":"Champ","floor":33.0,"turns":9.0},{"damage":2.0,"enemies":"Orb Walker","floor":35.0,"turns":2.0},{"damage":3.0,"enemies":"3 Shapes","floor":37.0,"turns":3.0},{"damage":14.0,"enemies":"Transient","floor":39.0,"turns":5.0},{"damage":17.0,"enemies":"2 Orb Walkers","floor":41.0,"turns":4.0},{"damage":13.0,"enemies":"Mind Bloom Boss Battle","floor":44.0,"turns":4.0},{"damage":12.0,"enemies":"Spire Growth","floor":45.0,"turns":4.0},{"damage":1.0,"enemies":"4 Shapes","floor":46.0,"turns":4.0},{"damage":11,"enemies":"Writhing Mass","floor":48,"turns":6},{"damage":32,"enemies":"Time Eater","floor":50,"turns":8}],"seed_played":"-1546988897683153099","potions_obtained":[{"floor":3.0,"key":"SkillPotion"},{"floor":4.0,"key":"LiquidBronze"},{"floor":7.0,"key":"Dexterity Potion"},{"floor":11.0,"key":"EssenceOfSteel"},{"floor":22.0,"key":"BloodPotion"},{"floor":28.0,"key":"EntropicBrew"}],"is_trial":false,"path_per_floor":["M","?","M","M","$","R","E","R","T","R","?","M","M","?","R","B",null,"M","M","M","?","M","R","$","R","T","M","M","M","R","M","R","B",null,"M","$","M","$","M","R","?","R","T","?","M","M","R","M","R","B",null],"character_chosen":"IRONCLAD","items_purchased":["Membership Card","Singing Bowl","Metallicize","Battle Trance","Ice Cream","Whirlwind","Headbutt","Anchor","Impervious","Shrug It Off","Bronze Scales"],"campfire_rested":0,"item_purchase_floors":[5,5,24,24,36,36,36,36,38,38,38],"current_hp_per_floor":[80,80,80,80,80,80,87,87,87,87,87,87,87,87,87,74,87,81,84,87,87,84,84,84,84,84,87,87,87,87,87,87,50,87,87,87,97,97,93,93,88,88,88,87,87,97,97,96,96,75],"gold":201,"neow_bonus":"","is_prod":false,"is_daily":true,"chose_seed":false,"campfire_upgraded":12,"win_rate":0.0,"timestamp":1546967291,"path_taken":["M","?","M","M","$","R","E","R","T","R","?","?","M","?","R","BOSS","M","M","M","?","M","R","$","R","T","?","?","M","R","M","R","BOSS","M","$","M","$","M","R","?","R","T","?","M","M","R","M","R","BOSS"],"build_version":"2019-01-03v4","purchased_purges":1,"victory":true,"max_hp_per_floor":[80,80,80,80,80,80,87,87,87,87,87,87,87,87,87,87,87,87,87,87,87,87,87,87,87,87,87,87,87,87,87,87,87,87,87,87,97,97,97,97,97,97,97,97,97,97,97,97,97,97],"card_choices":[{"not_picked":["Bloodletting","Armaments"],"picked":"Wild Strike","floor":7.0},{"not_picked":["Barricade","Berserk"],"picked":"Fiend Fire","floor":16.0},{"not_picked":["Reaper","Berserk"],"picked":"Brutality","floor":33.0},{"not_picked":["Heavy Blade","Corruption+1"],"picked":"Ghostly Armor","floor":41.0},{"not_picked":["Iron Wave+1","Carnage","Dual Wield+1"],"picked":"Whirlwind","floor":44.0}],"player_experience":11055,"relics_obtained":[{"floor":1.0,"key":"Nunchaku"},{"floor":3.0,"key":"Old Coin"},{"floor":4.0,"key":"Bottled Tornado"},{"floor":7.0,"key":"Strawberry"},{"floor":9.0,"key":"Orichalcum"},{"floor":12.0,"key":"Ornamental Fan"},{"floor":13.0,"key":"Pen Nib"},{"floor":18.0,"key":"Bottled Flame"},{"floor":19.0,"key":"Ancient Tea Set"},{"floor":20.0,"key":"Vajra"},{"floor":22.0,"key":"Calipers"},{"floor":26.0,"key":"Regal Pillow"},{"floor":27.0,"key":"Kunai"},{"floor":28.0,"key":"Blood Vial"},{"floor":29.0,"key":"Boot"},{"floor":31.0,"key":"Letter Opener"},{"floor":35.0,"key":"PreservedInsect"},{"floor":37.0,"key":"Pear"},{"floor":39.0,"key":"Bag of Preparation"},{"floor":41.0,"key":"StoneCalendar"},{"floor":43.0,"key":"Question Card"},{"floor":44.0,"key":"Champion Belt"},{"floor":45.0,"key":"Red Skull"},{"floor":46.0,"key":"Self Forming Clay"},{"floor":48,"key":"Lantern"}],"event_choices":[{"cards_removed":["Body Slam"],"damage_healed":0.0,"max_hp_gain":0.0,"max_hp_loss":0.0,"gold_gain":0.0,"event_name":"The Cleric","player_choice":"Card Removal","floor":2.0,"gold_loss":50.0,"damage_taken":0.0},{"damage_healed":0.0,"max_hp_gain":0.0,"max_hp_loss":0.0,"gold_gain":0.0,"event_name":"Lab","player_choice":"Got Potions","floor":11.0,"gold_loss":0.0,"damage_taken":0.0},{"damage_healed":0.0,"max_hp_gain":0.0,"max_hp_loss":0.0,"gold_gain":61.0,"event_name":"Golden Wing","player_choice":"Gained Gold","floor":14.0,"gold_loss":0.0,"damage_taken":0.0},{"damage_healed":0.0,"max_hp_gain":0.0,"max_hp_loss":0.0,"gold_gain":0.0,"event_name":"Duplicator","player_choice":"Copied","floor":21.0,"gold_loss":0.0,"damage_taken":0.0,"cards_obtained":["Shockwave"]},{"damage_healed":0.0,"max_hp_gain":0.0,"max_hp_loss":0.0,"gold_gain":0.0,"event_name":"Mysterious Sphere","player_choice":"Fight","floor":41.0,"gold_loss":0.0,"damage_taken":0.0},{"damage_healed":0.0,"max_hp_gain":0.0,"max_hp_loss":0.0,"gold_gain":0.0,"event_name":"MindBloom","player_choice":"Fight","floor":44.0,"gold_loss":0.0,"damage_taken":0.0}],"is_beta":false,"boss_relics":[{"not_picked":["Philosopher\u0027s Stone","Runic Cube"],"picked":"Velvet Choker"},{"not_picked":["Snecko Eye","Empty Cage"],"picked":"Black Blood"}],"items_purged_floors":[24],"is_endless":false,"potions_floor_spawned":[3,4,7,16,19,22,28,37,39,44,45,46],"ascension_level":0}