{"gold_per_floor":[109,125,171,171,121,150,150,182,231,231,231,246,32,46,46,146,146,159,84,9,23,23,23,23,23],"floor_reached":25,"playtime":1290,"items_purged":["Defend_B"],"score":207,"play_id":"7f069962-a3c7-4edc-8e6b-508cd33cb78b","local_time":"20180701103654","is_ascension_mode":false,"campfire_choices":[{"floor":7,"key":"REST"},{"floor":11,"key":"REST"},{"floor":15,"key":"REST"},{"floor":23,"key":"REST"}],"neow_cost":"NONE","seed_source_timestamp":266408219114,"circlet_count":0,"master_deck":["Strike_B","Strike_B+1","Strike_B","Defend_B+1","Defend_B","Zap+1","Dualcast","Turbo","Gash","Sweeping Beam","Rebound+1","Darkness","Apotheosis","Cold Snap+1","All For One+1","Hello World+1","Beam Cell+1","Decay"],"relics":["Cracked Core","Orichalcum","Meat on the Bone","Du-Vu Doll","Molten Egg 2","Juzu Bracelet","Inserter","Potion Belt"],"potions_floor_usage":[6,16],"damage_taken":[{"damage":0,"enemies":"Cultist","floor":1,"turns":2},{"damage":3,"enemies":"Jaw Worm","floor":2,"turns":3},{"damage":50,"enemies":"Lagavulin","floor":6,"turns":7},{"damage":16,"enemies":"3 Sentries","floor":8,"turns":5},{"damage":0,"enemies":"Small Slimes","floor":12,"turns":3},{"damage":9,"enemies":"2 Fungi Beasts","floor":14,"turns":4},{"damage":32,"enemies":"Hexaghost","floor":16,"turns":8},{"damage":16,"enemies":"3 Byrds","floor":18,"turns":3},{"damage":8,"enemies":"Shell Parasite","floor":21,"turns":5},{"damage":76,"enemies":"Gremlin Leader","floor":25,"turns":4}],"seed_played":"-8817804207240081995","potions_obtained":[{"floor":2,"key":"LiquidBronze"},{"floor":6,"key":"LiquidBronze"}],"is_trial":false,"path_per_floor":["M","M","T","T","?","E","R","E","T","?","R","M","$","M","R","B",null,"M","?","$","M","?","R","?"],"character_chosen":"DEFECT","items_purchased":["Apotheosis"],"campfire_rested":4,"item_purchase_floors":[13],"current_hp_per_floor":[75,72,72,72,72,34,56,40,40,25,47,47,47,38,60,40,75,59,59,59,51,51,73,73,0],"gold":23,"neow_bonus":"UPGRADE_CARD","is_prod":false,"is_daily":false,"chose_seed":false,"campfire_upgraded":0,"win_rate":0,"timestamp":1530455814,"path_taken":["M","M","?","?","?","E","R","E","T","?","R","M","$","M","R","BOSS","M","?","$","M","?","R","?","E"],"build_version":"2018-06-28","purchased_purges":1,"victory":false,"max_hp_per_floor":[75,75,75,75,75,75,75,75,75,75,75,75,75,75,75,75,75,75,75,75,75,75,75,75,75],"card_choices":[{"not_picked":["Streamline","Compile Driver"],"picked":"Turbo","floor":1},{"not_picked":["Coolheaded","Steam"],"picked":"Gash","floor":2},{"not_picked":["Tempest","Stack"],"picked":"Sweeping Beam","floor":6},{"not_picked":["Reinforced Body","FTL"],"picked":"Rebound","floor":8},{"not_picked":["Stack","Steam"],"picked":"Darkness","floor":12},{"not_picked":["Biased Cognition","Consume"],"picked":"Cold Snap+1","floor":14},{"not_picked":["Machine Learning","Biased Cognition"],"picked":"All For One+1","floor":16},{"not_picked":["Rebound+1","Hologram"],"picked":"Hello World+1","floor":18},{"not_picked":["Ball Lightning+1","Double Energy"],"picked":"Beam Cell+1","floor":21}],"player_experience":154959,"relics_obtained":[{"floor":3,"key":"Orichalcum"},{"floor":4,"key":"Meat on the Bone"},{"floor":6,"key":"Du-Vu Doll"},{"floor":8,"key":"Molten Egg 2"},{"floor":9,"key":"Juzu Bracelet"}],"event_choices":[{"event_name":"The Cleric","player_choice":"Card Removal","floor":5,"damage_taken":0},{"event_name":"Shining Light","player_choice":"Entered Light","floor":10,"damage_taken":0},{"event_name":"Beggar","player_choice":"Gave Gold","floor":19,"damage_taken":0},{"event_name":"Forgotten Altar","player_choice":"Smashed Altar","floor":22,"damage_taken":0},{"event_name":"The Mausoleum","player_choice":"Yes","floor":24,"damage_taken":0}],"boss_relics":[{"not_picked":["Runic Dome","Fusion Hammer"],"picked":"Inserter"}],"items_purged_floors":[20],"is_endless":false,"potions_floor_spawned":[2,6],"killed_by":"Gremlin Leader","ascension_level":0}