{"gold_per_floor":[114,131,131,146,146,146,179,179,179,179,12,12,12,48,48,48],"floor_reached":16,"playtime":695,"items_purged":[],"score":201,"play_id":"853c40d7-e499-49f6-8987-5e05ccb220a3","local_time":"20190208111348","is_ascension_mode":true,"campfire_choices":[{"data":"Static Discharge","floor":6,"key":"SMITH"},{"floor":8,"key":"REST"},{"floor":10,"key":"REST"},{"data":"Consume","floor":12,"key":"SMITH"},{"floor":15,"key":"REST"}],"neow_cost":"NONE","seed_source_timestamp":220139931052529,"circlet_count":0,"master_deck":["AscendersBane","Strike_B","Strike_B","Strike_B","Strike_B","Defend_B","Defend_B","Defend_B","Defend_B","Zap","Dualcast","Static Discharge+1","Barrage","Consume+1"],"relics":["Cracked Core","Golden Idol","Bird Faced Urn","Bottled Tornado","Lantern","Pear","Strawberry"],"potions_floor_usage":[7],"damage_taken":[{"damage":2,"enemies":"2 Louse","floor":1,"turns":3},{"damage":2,"enemies":"Jaw Worm","floor":2,"turns":4},{"damage":8,"enemies":"Small Slimes","floor":4,"turns":3},{"damage":46,"enemies":"Gremlin Nob","floor":7,"turns":4},{"damage":40,"enemies":"Lagavulin","floor":14,"turns":4},{"damage":58,"enemies":"Slime Boss","floor":16,"turns":8}],"seed_played":"-7079135079433140755","potions_obtained":[{"floor":1,"key":"FearPotion"},{"floor":7,"key":"LiquidBronze"},{"floor":14,"key":"SmokeBomb"}],"is_trial":false,"path_per_floor":["M","M","?","M","?","R","E","R","T","R","$","R","T","E","R","B"],"character_chosen":"DEFECT","items_purchased":["Lantern"],"campfire_rested":3,"item_purchase_floors":[11],"current_hp_per_floor":[62,60,60,52,52,52,6,25,25,44,44,44,54,23,47,0],"gold":48,"neow_bonus":"THREE_CARDS","is_prod":false,"is_daily":false,"chose_seed":false,"campfire_upgraded":2,"win_rate":0,"timestamp":1549653228,"path_taken":["M","M","?","M","?","R","E","R","T","R","$","R","?","E","R","BOSS"],"build_version":"2019-01-23","purchased_purges":0,"victory":false,"max_hp_per_floor":[71,71,71,71,64,64,64,64,64,64,64,64,74,81,81,81],"card_choices":[{"not_picked":["Compile Driver","Chaos"],"picked":"Static Discharge","floor":1},{"not_picked":["Recycle","Undo","Beam Cell"],"picked":"SKIP","floor":2},{"not_picked":["Rebound","Stack"],"picked":"Barrage","floor":4},{"not_picked":["Lockon","Compile Driver"],"picked":"Consume","floor":7},{"not_picked":["Barrage","Darkness","Gash"],"picked":"SKIP","floor":14}],"player_experience":509655,"relics_obtained":[{"floor":7,"key":"Bird Faced Urn"},{"floor":9,"key":"Bottled Tornado"},{"floor":13,"key":"Pear"},{"floor":14,"key":"Strawberry"}],"event_choices":[{"damage_healed":0,"gold_gain":0,"player_choice":"Ignored","damage_taken":0,"max_hp_gain":0,"max_hp_loss":0,"event_name":"Liars Game","floor":3,"gold_loss":0},{"damage_healed":0,"gold_gain":0,"player_choice":"Lose Max HP","damage_taken":0,"relics_obtained":["Golden Idol"],"max_hp_gain":0,"max_hp_loss":7,"event_name":"Golden Idol","floor":5,"gold_loss":0}],"is_beta":false,"boss_relics":[],"items_purged_floors":[],"is_endless":false,"potions_floor_spawned":[1,7,14],"killed_by":"Slime Boss","ascension_level":18}