{"gold_per_floor":[113,127,144,144,160,160,179,222,222,222,266,289,289,322,322,446,509,522,542,395,409,409,43,43,58,58,58,89,4,4,40,40,159,159,175,1174,974,974,990,990,1014,1035,1035,1035,1050,359,382,400,400,400],"floor_reached":51,"playtime":1884,"items_purged":["Strike_B","Strike_B"],"score":884,"play_id":"d5bec654-58cc-4dd7-b441-8f029b71e34d","local_time":"20181105193727","is_ascension_mode":false,"campfire_choices":[{"data":"Zap","floor":6.0,"key":"SMITH"},{"data":"Go for the Eyes","floor":10.0,"key":"SMITH"},{"data":"Beam Cell","floor":15.0,"key":"SMITH"},{"data":"Defragment","floor":24.0,"key":"SMITH"},{"data":"Electrodynamics","floor":27.0,"key":"SMITH"},{"data":"Creative AI","floor":32.0,"key":"SMITH"},{"data":"Seek","floor":40.0,"key":"SMITH"},{"data":"Auto Shields","floor":44,"key":"SMITH"},{"data":"Thunder Strike","floor":49,"key":"SMITH"}],"neow_cost":"NONE","seed_source_timestamp":1902652960307997,"circlet_count":0,"master_deck":["Strike_B+1","Defend_B+1","Defend_B","Defend_B","Zap+1","Dualcast+1","Cold Snap+1","Conserve Battery","Ball Lightning+1","Steam","Go for the Eyes+1","Beam Cell+1","BootSequence","Electrodynamics+1","Auto Shields+1","Coolheaded+1","Defragment+1","Creative AI+1","Chill","Seek+1","Thunder Strike+1","Parasite"],"special_seed":0,"relics":["Cracked Core","Golden Idol","Smiling Mask","Gremlin Horn","Ice Cream","Sundial","Tiny House","Whetstone","Calipers","FossilizedHelix","Happy Flower","Omamori","War Paint","Eternal Feather","Vajra","Mercury Hourglass","Lantern","Pocketwatch","TheAbacus"],"potions_floor_usage":[50,50,50],"damage_taken":[{"damage":0.0,"enemies":"Cultist","floor":1.0,"turns":3.0},{"damage":5.0,"enemies":"Small Slimes","floor":2.0,"turns":2.0},{"damage":0.0,"enemies":"Jaw Worm","floor":3.0,"turns":3.0},{"damage":6.0,"enemies":"3 Louse","floor":5.0,"turns":3.0},{"damage":5.0,"enemies":"Looter","floor":7.0,"turns":2.0},{"damage":4.0,"enemies":"3 Sentries","floor":8.0,"turns":7.0},{"damage":17.0,"enemies":"Gremlin Nob","floor":11.0,"turns":4.0},{"damage":7.0,"enemies":"Blue Slaver","floor":12.0,"turns":2.0},{"damage":4.0,"enemies":"3 Sentries","floor":14.0,"turns":5.0},{"damage":20.0,"enemies":"Hexaghost","floor":16.0,"turns":11.0},{"damage":1.0,"enemies":"Spheric Guardian","floor":18.0,"turns":3.0},{"damage":8.0,"enemies":"Shell Parasite","floor":19.0,"turns":5.0},{"damage":1.0,"enemies":"Centurion and Healer","floor":21.0,"turns":5.0},{"damage":0.0,"enemies":"Chosen and Byrds","floor":25.0,"turns":6.0},{"damage":13.0,"enemies":"Slavers","floor":28.0,"turns":4.0},{"damage":9.0,"enemies":"Gremlin Leader","floor":31.0,"turns":7.0},{"damage":0.0,"enemies":"Automaton","floor":33.0,"turns":11.0},{"damage":0.0,"enemies":"3 Darklings","floor":35.0,"turns":3.0},{"damage":0.0,"enemies":"Orb Walker","floor":39.0,"turns":3.0},{"damage":4.0,"enemies":"Sphere and 2 Shapes","floor":41.0,"turns":3.0},{"damage":0.0,"enemies":"Transient","floor":42.0,"turns":5.0},{"damage":0,"enemies":"Spire Growth","floor":45,"turns":5},{"damage":0,"enemies":"Writhing Mass","floor":47,"turns":6},{"damage":0,"enemies":"4 Shapes","floor":48,"turns":2},{"damage":28,"enemies":"Time Eater","floor":50,"turns":9}],"seed_played":"2250277967820961366","potions_obtained":[{"floor":1.0,"key":"Regen Potion"},{"floor":3.0,"key":"AttackPotion"},{"floor":8.0,"key":"LiquidBronze"},{"floor":14.0,"key":"Regen Potion"},{"floor":19.0,"key":"Fire Potion"},{"floor":21.0,"key":"Ancient Potion"},{"floor":25.0,"key":"FocusPotion"},{"floor":28.0,"key":"FocusPotion"},{"floor":45,"key":"FocusPotion"}],"is_trial":false,"path_per_floor":["M","M","M","?","M","R","M","E","T","R","E","M","?","E","R","B",null,"M","M","$","M","?","$","R","M","T","R","E","?","?","E","R","B",null,"M","?","$","?","M","R","M","M","M","T","R","M","$","M","M","R","B",null],"character_chosen":"DEFECT","items_purchased":["Whetstone","Defragment","Calipers","Vajra","Lantern","Pocketwatch","TheAbacus"],"campfire_rested":0,"item_purchase_floors":[20,23,23,37,46,46,46],"current_hp_per_floor":[75,70,70,52,46,46,41,37,37,37,20,13,13,23,23,3,80,79,71,71,70,70,70,70,70,70,70,57,57,57,48,48,48,80,80,80,80,80,80,80,76,76,76,80,80,80,80,80,80,52],"gold":400,"neow_bonus":"UPGRADE_CARD","is_prod":false,"is_daily":false,"chose_seed":false,"campfire_upgraded":9,"win_rate":0,"timestamp":1541446647,"path_taken":["M","M","M","?","M","R","M","E","T","R","E","M","?","E","R","BOSS","M","M","$","M","?","$","R","M","T","R","E","?","?","E","R","BOSS","M","?","$","?","M","R","M","M","T","R","M","$","M","M","R","BOSS"],"build_version":"2018-11-01","purchased_purges":2,"victory":true,"max_hp_per_floor":[75,75,75,75,75,75,75,75,75,75,75,75,75,75,75,75,80,80,80,80,80,80,80,80,80,80,80,80,80,80,80,80,80,80,80,80,80,80,80,80,80,80,80,80,80,80,80,80,80,80],"card_choices":[{"not_picked":["Self Repair","Stack"],"picked":"Cold Snap","floor":1.0},{"not_picked":["Compile Driver","White Noise"],"picked":"Conserve Battery","floor":2.0},{"not_picked":["Self Repair","Barrage"],"picked":"Ball Lightning","floor":3.0},{"not_picked":["Rip and Tear","Barrage","Compile Driver"],"picked":"SKIP","floor":5.0},{"not_picked":["Redo","Darkness"],"picked":"Steam","floor":7.0},{"not_picked":["Barrage","Streamline"],"picked":"Go for the Eyes","floor":8.0},{"not_picked":["Ball Lightning","Biased Cognition"],"picked":"Beam Cell","floor":11.0},{"not_picked":["Beam Cell","Consume","Streamline"],"picked":"SKIP","floor":12.0},{"not_picked":["Gash","Thunder Strike"],"picked":"BootSequence","floor":14.0},{"not_picked":["Biased Cognition","Creative AI"],"picked":"Electrodynamics","floor":16.0},{"not_picked":["Skim+1","Ball Lightning","Hello World"],"picked":"SKIP","floor":18.0},{"not_picked":["Leap","Stack"],"picked":"Auto Shields","floor":19.0},{"not_picked":["Doom and Gloom","Streamline"],"picked":"Coolheaded","floor":21.0},{"not_picked":["Compile Driver","Hologram","Turbo+1"],"picked":"SKIP","floor":25.0},{"not_picked":["Hologram","Leap","Coolheaded"],"picked":"SKIP","floor":28.0},{"not_picked":["Fusion","Stack","Aggregate"],"picked":"SKIP","floor":31.0},{"not_picked":["Hyperbeam","Meteor Strike"],"picked":"Seek","floor":33.0},{"not_picked":["Turbo+1","Streamline","Self Repair"],"picked":"SKIP","floor":35.0},{"not_picked":["Heatsinks+1","Gash+1","Stack"],"picked":"SKIP","floor":39.0},{"not_picked":["Ball Lightning+1","Gash","Beam Cell"],"picked":"SKIP","floor":41.0},{"not_picked":["FTL+1","Turbo+1","Sweeping Beam+1"],"picked":"SKIP","floor":42},{"not_picked":["Cold Snap","Sweeping Beam+1"],"picked":"Thunder Strike","floor":45},{"not_picked":["Beam Cell+1","Leap","Reinforced Body"],"picked":"SKIP","floor":47},{"not_picked":["Leap","Beam Cell","Sweeping Beam"],"picked":"SKIP","floor":48}],"player_experience":763284,"relics_obtained":[{"floor":8.0,"key":"Smiling Mask"},{"floor":9.0,"key":"Gremlin Horn"},{"floor":11.0,"key":"Ice Cream"},{"floor":14.0,"key":"Sundial"},{"floor":26.0,"key":"FossilizedHelix"},{"floor":28.0,"key":"Happy Flower"},{"floor":31.0,"key":"War Paint"},{"floor":43,"key":"Mercury Hourglass"}],"event_choices":[{"damage_healed":0.0,"max_hp_gain":0.0,"max_hp_loss":0.0,"gold_gain":0.0,"event_name":"Golden Idol","player_choice":"Take Damage","floor":4.0,"gold_loss":0.0,"damage_taken":18.0,"relics_obtained":["Golden Idol"]},{"damage_healed":0.0,"max_hp_gain":0.0,"max_hp_loss":0.0,"gold_gain":30.0,"event_name":"Dead Adventurer","player_choice":"Searched \u00271\u0027 times","floor":13.0,"gold_loss":0.0,"damage_taken":0.0},{"damage_healed":0.0,"max_hp_gain":0.0,"max_hp_loss":0.0,"gold_gain":0.0,"event_name":"Vampires","player_choice":"Ignored","floor":22.0,"gold_loss":0.0,"damage_taken":0.0},{"damage_healed":0.0,"max_hp_gain":0.0,"max_hp_loss":0.0,"gold_gain":0.0,"event_name":"Addict","player_choice":"Obtained Relic","floor":29.0,"gold_loss":85.0,"damage_taken":0.0,"relics_obtained":["Omamori"]},{"damage_healed":0.0,"max_hp_gain":0.0,"max_hp_loss":0.0,"gold_gain":0.0,"cards_transformed":["Strike_B","Defend_B"],"event_name":"Drug Dealer","player_choice":"Became Test Subject","floor":30.0,"gold_loss":0.0,"damage_taken":0.0,"cards_obtained":["Creative AI","Chill"]},{"damage_healed":0.0,"max_hp_gain":0.0,"max_hp_loss":0.0,"gold_gain":999.0,"event_name":"MindBloom","player_choice":"Gold","floor":36.0,"gold_loss":0.0,"damage_taken":0.0,"cards_obtained":["Normality","Normality"]},{"damage_healed":0.0,"max_hp_gain":0.0,"max_hp_loss":0.0,"gold_gain":0.0,"event_name":"SensoryStone","player_choice":"Memory 1","floor":38.0,"gold_loss":0.0,"damage_taken":0.0}],"is_beta":false,"boss_relics":[{"not_picked":["Calling Bell","Fusion Hammer"],"picked":"Tiny House"},{"not_picked":["Runic Pyramid","Velvet Choker"],"picked":"Eternal Feather"}],"items_purged_floors":[37,46],"is_endless":false,"potions_floor_spawned":[1,3,8,14,16,19,21,25,28,42,45,47],"ascension_level":0}