{"gold_per_floor":[111,22,22,22,22,22,22,33,59,120,155,166,195,205,205,301,301,315,55,154,166,11,11,40,40,90,90,90,103,137,137,137,241,241,256,256,256,256,256,256,267,267,267,267,277,297,297,65,65,65],"floor_reached":51,"playtime":1994,"items_purged":["Defend_B+1"],"score":712,"play_id":"66e12d41-4fdd-4ad7-a2e8-5a9cef2d271d","local_time":"20190101232907","is_ascension_mode":false,"campfire_choices":[{"data":"Dualcast","floor":6.0,"key":"SMITH"},{"data":"Rainbow","floor":15.0,"key":"SMITH"},{"data":"Zap","floor":23.0,"key":"SMITH"},{"floor":25,"key":"REST"},{"data":"Echo Form","floor":28,"key":"SMITH"},{"floor":32,"key":"REST"},{"data":"Madness","floor":40,"key":"SMITH"},{"data":"Madness","floor":42,"key":"SMITH"},{"floor":47,"key":"REST"},{"data":"Conserve Battery","floor":49,"key":"SMITH"}],"neow_cost":"NONE","seed_source_timestamp":703442808241216,"circlet_count":0,"master_deck":["Strike_B+1","Strike_B+1","Strike_B+1","Strike_B+1","Defend_B+1","Defend_B+1","Defend_B+1","Zap+1","Dualcast+1","Echo Form+1","Defragment+1","Conserve Battery+1","Glacier+1","Auto Shields","BootSequence","Rainbow+1","Core Surge","Conserve Battery","Rebound+1","Madness+1","Madness+1","Core Surge+1"],"special_seed":0,"relics":["FrozenCore","Oddly Smooth Stone","Centennial Puzzle","Dodecahedron","Vajra","Sozu","Mummified Hand","War Paint","Bag of Preparation","Blood Vial","Pen Nib","Molten Egg 2","Kunai"],"potions_floor_usage":[24,31,50],"damage_taken":[{"damage":2.0,"enemies":"Small Slimes","floor":1.0,"turns":4.0},{"damage":0.0,"enemies":"Cultist","floor":8.0,"turns":3.0},{"damage":18.0,"enemies":"Lagavulin Event","floor":10.0,"turns":5.0},{"damage":0.0,"enemies":"Lagavulin","floor":11.0,"turns":6.0},{"damage":0.0,"enemies":"2 Louse","floor":12.0,"turns":4.0},{"damage":4.0,"enemies":"Gremlin Nob","floor":13.0,"turns":5.0},{"damage":0.0,"enemies":"Looter","floor":14.0,"turns":3.0},{"damage":16.0,"enemies":"Slime Boss","floor":16.0,"turns":9.0},{"damage":3.0,"enemies":"2 Thieves","floor":18.0,"turns":4.0},{"damage":12.0,"enemies":"3 Byrds","floor":21.0,"turns":4.0},{"damage":45,"enemies":"Gremlin Leader","floor":24,"turns":13},{"damage":0,"enemies":"Snake Plant","floor":29,"turns":4},{"damage":10,"enemies":"Book of Stabbing","floor":30,"turns":5},{"damage":12,"enemies":"Colosseum Slavers","floor":31,"turns":3},{"damage":30,"enemies":"Collector","floor":33,"turns":12},{"damage":0,"enemies":"3 Darklings","floor":35,"turns":8},{"damage":0,"enemies":"Orb Walker","floor":41,"turns":4},{"damage":2,"enemies":"Transient","floor":45,"turns":5},{"damage":11,"enemies":"3 Darklings","floor":46,"turns":6},{"damage":70,"enemies":"Donu and Deca","floor":50,"turns":19}],"seed_played":"7069461248350827322","potions_obtained":[{"floor":3.0,"key":"SpeedPotion"},{"floor":3.0,"key":"Fire Potion"},{"floor":3.0,"key":"SmokeBomb"},{"floor":8.0,"key":"Ancient Potion"}],"is_trial":false,"path_per_floor":["M","$","?","$","?","R","?","M","T","?","E","M","E","M","R","B",null,"M","$","?","M","$","R","E","R","T","?","R","M","E","?","R","B",null,"M","?","?","?","$","R","M","R","T","T","M","M","R","$","R","B",null],"character_chosen":"DEFECT","items_purchased":["Defragment","Conserve Battery","Mummified Hand","War Paint","Core Surge+1"],"campfire_rested":3,"item_purchase_floors":[2,2,19,22,48],"current_hp_per_floor":[73,73,73,73,73,73,73,73,73,55,55,55,51,51,51,35,75,72,72,72,60,60,60,15,37,37,37,37,39,31,21,43,15,75,75,66,66,66,66,66,68,68,68,68,68,59,75,75,75,5],"gold":65,"neow_bonus":"ONE_RANDOM_RARE_CARD","is_prod":false,"is_daily":false,"chose_seed":false,"campfire_upgraded":7,"win_rate":0,"timestamp":1546385347,"path_taken":["M","$","?","?","?","R","?","M","T","?","E","M","E","?","R","BOSS","M","$","?","M","$","R","E","R","T","?","R","M","E","?","R","BOSS","M","?","?","?","$","R","M","R","T","?","M","M","R","$","R","BOSS"],"build_version":"2018-12-20","purchased_purges":1,"victory":true,"max_hp_per_floor":[75,75,75,75,75,75,75,75,75,75,75,75,75,75,75,75,75,75,75,75,75,75,75,75,75,75,75,75,75,75,75,75,75,75,75,75,75,75,75,75,75,75,75,75,75,75,75,75,75,75],"card_choices":[{"not_picked":["Gash","Fusion","Beam Cell"],"picked":"SKIP","floor":1.0},{"not_picked":["Coolheaded","Ball Lightning"],"picked":"Glacier","floor":8.0},{"not_picked":["Go for the Eyes","Coolheaded"],"picked":"Auto Shields","floor":11.0},{"not_picked":["Reinforced Body","Tempest"],"picked":"BootSequence","floor":12.0},{"not_picked":["Steam","Sweeping Beam"],"picked":"Rainbow","floor":13.0},{"not_picked":["Chaos","Auto Shields","Rebound"],"picked":"SKIP","floor":14.0},{"not_picked":["Creative AI","Thunder Strike"],"picked":"Core Surge","floor":16.0},{"not_picked":["Cold Snap","Rip and Tear","Hologram"],"picked":"SKIP","floor":18.0},{"not_picked":["Rebound","Leap","Skim"],"picked":"SKIP","floor":21.0},{"not_picked":["Biased Cognition","Redo"],"picked":"Conserve Battery","floor":24},{"not_picked":["Stack+1","Auto Shields","Self Repair"],"picked":"SKIP","floor":29},{"not_picked":["Redo","Coolheaded","Go for the Eyes"],"picked":"SKIP","floor":30},{"not_picked":["Cold Snap+1","Sunder"],"picked":"Rebound+1","floor":35},{"not_picked":["Hello World+1","Hologram","Stack+1"],"picked":"SKIP","floor":41},{"not_picked":["Sweeping Beam+1","Gash+1","Heatsinks"],"picked":"SKIP","floor":45},{"not_picked":["Compile Driver+1","Sweeping Beam+1","Conserve Battery"],"picked":"SKIP","floor":46}],"player_experience":935797,"relics_obtained":[{"floor":9.0,"key":"Oddly Smooth Stone"},{"floor":10.0,"key":"Centennial Puzzle"},{"floor":11.0,"key":"Dodecahedron"},{"floor":13.0,"key":"Vajra"},{"floor":24,"key":"Bag of Preparation"},{"floor":26,"key":"Blood Vial"},{"floor":30,"key":"Pen Nib"},{"floor":43,"key":"Molten Egg 2"},{"floor":44,"key":"Kunai"}],"event_choices":[{"damage_healed":0.0,"max_hp_gain":0.0,"max_hp_loss":0.0,"gold_gain":0.0,"event_name":"Lab","player_choice":"Got Potions","floor":3.0,"gold_loss":0.0,"damage_taken":0.0},{"damage_healed":0.0,"max_hp_gain":0.0,"max_hp_loss":0.0,"gold_gain":0.0,"event_name":"Living Wall","player_choice":"Grow","floor":5.0,"gold_loss":0.0,"damage_taken":0.0,"cards_upgraded":["Defragment"]},{"damage_healed":0.0,"max_hp_gain":0.0,"max_hp_loss":0.0,"gold_gain":0.0,"event_name":"Liars Game","player_choice":"Ignored","floor":7.0,"gold_loss":0.0,"damage_taken":0.0},{"damage_healed":0.0,"max_hp_gain":0.0,"max_hp_loss":0.0,"gold_gain":0.0,"event_name":"Dead Adventurer","player_choice":"Searched \u00272\u0027 times","floor":10.0,"gold_loss":0.0,"damage_taken":0.0},{"damage_healed":0.0,"max_hp_gain":0.0,"max_hp_loss":0.0,"gold_gain":99.0,"event_name":"Nest","player_choice":"Stole From Cult","floor":20.0,"gold_loss":0.0,"damage_taken":0.0},{"damage_healed":0,"gold_gain":0,"player_choice":"Simplicity","damage_taken":0,"max_hp_gain":0,"max_hp_loss":0,"event_name":"Back to Basics","floor":27,"gold_loss":0,"cards_upgraded":["Strike_B","Strike_B","Strike_B","Strike_B","Defend_B","Defend_B","Defend_B"]},{"damage_healed":0,"gold_gain":0,"player_choice":"Fight","damage_taken":0,"max_hp_gain":0,"max_hp_loss":0,"event_name":"Colosseum","floor":31,"gold_loss":0},{"damage_healed":0,"gold_gain":0,"player_choice":"Fled From Nobs","damage_taken":0,"max_hp_gain":0,"max_hp_loss":0,"event_name":"Colosseum","floor":31,"gold_loss":0},{"damage_healed":0,"gold_gain":0,"player_choice":"Embrace Madness","damage_taken":9,"max_hp_gain":0,"max_hp_loss":0,"event_name":"Winding Halls","floor":36,"gold_loss":0,"cards_obtained":["Madness","Madness"]},{"damage_healed":0,"gold_gain":0,"player_choice":"Ignored","damage_taken":0,"max_hp_gain":0,"max_hp_loss":0,"event_name":"Mysterious Sphere","floor":37,"gold_loss":0},{"damage_healed":0,"gold_gain":0,"player_choice":"Memory 1","damage_taken":0,"max_hp_gain":0,"max_hp_loss":0,"event_name":"SensoryStone","floor":38,"gold_loss":0}],"is_beta":false,"boss_relics":[{"not_picked":["Fusion Hammer","Pandora\u0027s Box"],"picked":"Sozu"},{"not_picked":["Empty Cage","Black Star"],"picked":"FrozenCore"}],"items_purged_floors":[48],"is_endless":false,"potions_floor_spawned":[8,12,14,18,21,29,31,35,45],"ascension_level":0}