{"gold_per_floor":[115,115,115,135,26,26,50,13,13,13,13,57,57,73,73,204,204,218,143,143,43,168,168,207,220,277,313,313,333,333,346,346,346],"floor_reached":33,"playtime":1013,"items_purged":["Injury","Strike_R"],"score":281,"play_id":"6f9313ae-4b98-4d12-a5a4-0dae551b2049","local_time":"20190204015431","is_ascension_mode":false,"campfire_choices":[{"data":"Bash","floor":6,"key":"SMITH"},{"data":"Flame Barrier","floor":11,"key":"SMITH"},{"data":"Limit Break","floor":13,"key":"SMITH"},{"floor":15,"key":"REST"},{"data":"Whirlwind","floor":23,"key":"SMITH"},{"floor":28,"key":"REST"},{"floor":32,"key":"REST"}],"neow_cost":"CURSE","seed_source_timestamp":203553576213172,"circlet_count":0,"master_deck":["Strike_R","Strike_R","Strike_R","Defend_R","Defend_R","Defend_R","Defend_R","Bash+1","Pommel Strike","Perfected Strike","Flame Barrier+1","Rampage","Armaments","Metallicize","Limit Break+1","Juggernaut","Whirlwind+1","Pommel Strike+1","Perfected Strike"],"relics":["Burning Blood","Gambling Chip","Golden Idol","Orichalcum","Shuriken","Bird Faced Urn","Sozu","Ice Cream","Bottled Lightning","The Courier","Tiny Chest","Toxic Egg 2","Molten Egg 2"],"potions_floor_usage":[16,16,16,33],"damage_taken":[{"damage":0,"enemies":"2 Louse","floor":1,"turns":3},{"damage":3,"enemies":"Small Slimes","floor":4,"turns":3},{"damage":1,"enemies":"Jaw Worm","floor":7,"turns":4},{"damage":33,"enemies":"Lagavulin","floor":12,"turns":6},{"damage":6,"enemies":"Exordium Thugs","floor":14,"turns":6},{"damage":18,"enemies":"Slime Boss","floor":16,"turns":8},{"damage":7,"enemies":"Shell Parasite","floor":18,"turns":5},{"damage":16,"enemies":"Colosseum Slavers","floor":22,"turns":5},{"damage":5,"enemies":"Colosseum Nobs","floor":22,"turns":5},{"damage":26,"enemies":"Gremlin Leader","floor":24,"turns":8},{"damage":10,"enemies":"Spheric Guardian","floor":25,"turns":4},{"damage":50,"enemies":"Slavers","floor":27,"turns":6},{"damage":20,"enemies":"Snake Plant","floor":29,"turns":4},{"damage":12,"enemies":"Centurion and Healer","floor":31,"turns":7},{"damage":65,"enemies":"Collector","floor":33,"turns":7}],"seed_played":"1420630236044005689","potions_obtained":[{"floor":1,"key":"Explosive Potion"},{"floor":7,"key":"Fire Potion"},{"floor":12,"key":"Dexterity Potion"},{"floor":16,"key":"SteroidPotion"}],"is_trial":false,"path_per_floor":["M","?","?","M","$","R","M","$","T","$","R","E","R","M","R","B",null,"M","$","?","$","?","R","E","M","T","E","R","M","T","M","R","B"],"character_chosen":"IRONCLAD","items_purchased":["Flame Barrier","Rampage","Metallicize"],"campfire_rested":3,"item_purchase_floors":[5,5,8],"current_hp_per_floor":[80,60,35,38,38,38,43,43,43,43,43,16,16,18,42,32,80,80,80,80,80,75,75,59,59,59,19,43,31,31,29,53,0],"gold":346,"neow_bonus":"ONE_RARE_RELIC","is_prod":false,"is_daily":false,"chose_seed":false,"campfire_upgraded":4,"win_rate":0,"timestamp":1549216471,"path_taken":["M","?","?","M","$","R","M","$","T","$","R","E","R","M","R","BOSS","M","$","?","?","?","R","E","M","T","E","R","?","?","M","R","BOSS"],"build_version":"2019-01-23","purchased_purges":2,"victory":false,"max_hp_per_floor":[80,80,80,80,80,80,80,80,80,80,80,80,80,80,80,80,80,80,80,80,80,80,80,80,80,80,80,80,80,80,80,80,80],"card_choices":[{"not_picked":["Warcry","Sword Boomerang"],"picked":"Pommel Strike","floor":1},{"not_picked":["Burning Pact","Fire Breathing"],"picked":"Perfected Strike","floor":4},{"not_picked":["Flex","Havoc"],"picked":"Armaments","floor":7},{"not_picked":["Dual Wield","Entrench"],"picked":"Limit Break","floor":12},{"not_picked":["Clash","Dropkick","Headbutt"],"picked":"SKIP","floor":14},{"not_picked":["Brutality","Limit Break"],"picked":"Juggernaut","floor":16},{"not_picked":["Anger","Rampage"],"picked":"Whirlwind","floor":18},{"not_picked":["Body Slam","Sword Boomerang"],"picked":"Pommel Strike+1","floor":22},{"not_picked":["Battle Trance","Dropkick"],"picked":"Perfected Strike","floor":24},{"not_picked":["Flex","Immolate","Body Slam"],"picked":"SKIP","floor":25},{"not_picked":["Body Slam+1","Twin Strike","Cleave+1"],"picked":"SKIP","floor":27},{"not_picked":["Sever Soul","Wild Strike+1","Havoc+1"],"picked":"SKIP","floor":29},{"not_picked":["Body Slam+1","Cleave+1","Dropkick+1"],"picked":"SKIP","floor":31}],"player_experience":191762,"relics_obtained":[{"floor":9,"key":"Shuriken"},{"floor":12,"key":"Bird Faced Urn"},{"floor":22,"key":"Ice Cream"},{"floor":22,"key":"Bottled Lightning"},{"floor":24,"key":"The Courier"},{"floor":26,"key":"Tiny Chest"},{"floor":27,"key":"Toxic Egg 2"},{"floor":30,"key":"Molten Egg 2"}],"event_choices":[{"damage_healed":0,"gold_gain":0,"player_choice":"Take Damage","damage_taken":20,"relics_obtained":["Golden Idol"],"max_hp_gain":0,"max_hp_loss":0,"event_name":"Golden Idol","floor":2,"gold_loss":0},{"damage_healed":0,"gold_gain":0,"player_choice":"Success","damage_taken":25,"relics_obtained":["Orichalcum"],"max_hp_gain":0,"max_hp_loss":0,"event_name":"Scrap Ooze","floor":3,"gold_loss":0},{"cards_removed":["Strike_R"],"damage_healed":0,"gold_gain":0,"player_choice":"Purged","damage_taken":0,"max_hp_gain":0,"max_hp_loss":0,"event_name":"Purifier","floor":20,"gold_loss":0},{"damage_healed":0,"gold_gain":0,"player_choice":"Fight","damage_taken":0,"max_hp_gain":0,"max_hp_loss":0,"event_name":"Colosseum","floor":22,"gold_loss":0},{"damage_healed":0,"gold_gain":0,"player_choice":"Fought Nobs","damage_taken":0,"max_hp_gain":0,"max_hp_loss":0,"event_name":"Colosseum","floor":22,"gold_loss":0}],"is_beta":false,"boss_relics":[{"not_picked":["Runic Pyramid","Mark of Pain"],"picked":"Sozu"}],"items_purged_floors":[19,21],"is_endless":false,"potions_floor_spawned":[1,7,12,16,18,25,29],"killed_by":"Collector","ascension_level":0}