{"gold_per_floor":[13,25,45,58,2,30,52,64,76,88],"floor_reached":10,"playtime":448,"items_purged":[],"score":140,"play_id":"c1591548-c0b7-43c7-8cf8-3a8759697d91","local_time":"20190114234314","is_ascension_mode":true,"campfire_choices":[{"floor":8,"key":"REST"}],"neow_cost":"NO_GOLD","seed_source_timestamp":396704780225507,"circlet_count":0,"master_deck":["AscendersBane","Defend_G","Defend_G","Defend_G","Defend_G","Defend_G","Strike_G","Strike_G","Strike_G","Strike_G","Strike_G","Survivor","Neutralize","Quick Slash","Skewer","Quick Slash"],"relics":["Ring of the Snake","Ginger","MawBank","Bag of Preparation"],"potions_floor_usage":[6,10],"damage_taken":[{"damage":15,"enemies":"Cultist","floor":1,"turns":7},{"damage":4,"enemies":"Jaw Worm","floor":2,"turns":6},{"damage":1,"enemies":"Small Slimes","floor":3,"turns":3},{"damage":23,"enemies":"Exordium Wildlife","floor":4,"turns":7},{"damage":8,"enemies":"Gremlin Nob","floor":6,"turns":3},{"damage":0,"enemies":"Looter","floor":7,"turns":5},{"damage":30,"enemies":"3 Sentries","floor":10,"turns":5}],"seed_played":"4847182582858903259","potions_obtained":[{"floor":4,"key":"SpeedPotion"},{"floor":6,"key":"SteroidPotion"}],"is_trial":false,"path_per_floor":["M","M","M","M","$","E","M","R","T","E"],"character_chosen":"THE_SILENT","items_purchased":["FearPotion"],"campfire_rested":1,"item_purchase_floors":[5],"current_hp_per_floor":[44,40,39,16,16,8,8,27,27,0],"gold":88,"neow_bonus":"ONE_RARE_RELIC","is_prod":false,"is_daily":false,"chose_seed":false,"campfire_upgraded":0,"win_rate":0,"timestamp":1547538194,"path_taken":["M","M","M","M","$","E","?","R","T","E"],"build_version":"2019-01-10","purchased_purges":0,"victory":false,"max_hp_per_floor":[66,66,66,66,66,66,66,66,66,66],"card_choices":[{"not_picked":["Acrobatics","Blade Dance","Underhanded Strike"],"picked":"SKIP","floor":1},{"not_picked":["Flying Knee","Expertise"],"picked":"Quick Slash","floor":2},{"not_picked":["Blade Dance","Bullet Time"],"picked":"Skewer","floor":3},{"not_picked":["Flechettes","Riddle With Holes"],"picked":"Quick Slash","floor":4},{"not_picked":["Storm of Steel","Blade Dance","Flying Knee"],"picked":"SKIP","floor":6},{"not_picked":["Terror","Cloak And Dagger","Poisoned Stab"],"picked":"SKIP","floor":7}],"player_experience":422937,"relics_obtained":[{"floor":6,"key":"MawBank"},{"floor":9,"key":"Bag of Preparation"}],"event_choices":[],"is_beta":false,"boss_relics":[],"items_purged_floors":[],"is_endless":false,"potions_floor_spawned":[4,6],"killed_by":"3 Sentries","ascension_level":20}