{"gold_per_floor":[110,121,67,86,86,86,117,117,140,140,140,140,156,231,231,330,330,348,359,19,19,19,19,19,19,46,46,46,46,46,66,66,167,167,185,105,120,120,140,140,40,40,40,40,40,0,19,36,36,36],"floor_reached":50,"playtime":1270,"items_purged":["Strike_R","Strike_R","Strike_R"],"score":484,"play_id":"942c8684-412e-4767-ac55-6eb29091097e","local_time":"20190203214930","is_ascension_mode":false,"campfire_choices":[{"data":"True Grit","floor":6,"key":"SMITH"},{"data":"Twin Strike","floor":8,"key":"SMITH"},{"data":"Iron Wave","floor":10,"key":"SMITH"},{"data":"Pommel Strike","floor":15,"key":"SMITH"},{"data":"True Grit","floor":23,"key":"SMITH"},{"data":"J.A.X.","floor":25,"key":"SMITH"},{"data":"Limit Break","floor":32,"key":"SMITH"},{"data":"Echo Form","floor":40,"key":"SMITH"},{"data":"Footwork","floor":42,"key":"SMITH"},{"data":"Bouncing Flask","floor":44,"key":"SMITH"},{"data":"Flash of Steel","floor":45,"key":"SMITH"},{"floor":49,"key":"REST"}],"neow_cost":"NONE","seed_source_timestamp":188595242978787,"circlet_count":0,"master_deck":["Defend_R","Defend_R","Defend_R","Defend_R","Bash+1","Iron Wave+1","True Grit+1","Twin Strike+1","Pommel Strike+1","Limit Break+1","Twin Strike+1","True Grit+1","Bash+1","J.A.X.+1","Iron Wave+1","Echo Form+1","Footwork+1","Sunder+1","Flash of Steel+1","Bouncing Flask+1","Footwork+1"],"relics":["Burning Blood","Omamori","Happy Flower","Matryoshka","The Courier","Philosopher\u0027s Stone","PrismaticShard","Juzu Bracelet","Blood Vial","Lantern","WingedGreaves","Runic Cube","Boot","Ice Cream","Red Mask"],"potions_floor_usage":[16,16,16,50,50,50],"damage_taken":[{"damage":7,"enemies":"Small Slimes","floor":1,"turns":4},{"damage":8,"enemies":"2 Louse","floor":2,"turns":3},{"damage":3,"enemies":"Jaw Worm","floor":4,"turns":5},{"damage":38,"enemies":"3 Sentries","floor":7,"turns":12},{"damage":3,"enemies":"Blue Slaver","floor":13,"turns":5},{"damage":0,"enemies":"Slime Boss","floor":16,"turns":7},{"damage":4,"enemies":"Chosen","floor":18,"turns":5},{"damage":16,"enemies":"Shell Parasite","floor":19,"turns":4},{"damage":4,"enemies":"Snecko","floor":31,"turns":5},{"damage":74,"enemies":"Automaton","floor":33,"turns":9},{"damage":13,"enemies":"3 Shapes","floor":35,"turns":8},{"damage":10,"enemies":"Orb Walker","floor":37,"turns":4},{"damage":42,"enemies":"Jaw Worm Horde","floor":39,"turns":4},{"damage":3,"enemies":"4 Shapes","floor":47,"turns":7},{"damage":18,"enemies":"Maw","floor":48,"turns":6},{"damage":74,"enemies":"Time Eater","floor":50,"turns":6}],"seed_played":"2333725914979248708","potions_obtained":[{"floor":1,"key":"PowerPotion"},{"floor":4,"key":"Dexterity Potion"},{"floor":7,"key":"Strength Potion"},{"floor":18,"key":"FearPotion"},{"floor":35,"key":"PowerPotion"},{"floor":39,"key":"Energy Potion"},{"floor":48,"key":"Regen Potion"}],"is_trial":false,"path_per_floor":["M","M","$","M","?","R","E","R","T","R","?","?","M","?","R","B",null,"M","M","$","?","?","R","?","R","T","?","?","?","$","M","R","B",null,"M","$","M","?","M","R","$","R","T","R","R","?","M","M","R","B"],"character_chosen":"IRONCLAD","items_purchased":["True Grit","PrismaticShard","Juzu Bracelet"],"campfire_rested":1,"item_purchase_floors":[3,20,20],"current_hp_per_floor":[79,77,77,80,80,80,48,48,48,48,45,45,48,37,37,43,80,80,70,70,70,70,70,70,70,70,70,70,70,70,74,74,8,80,73,73,71,71,37,37,37,37,37,37,37,37,42,32,56,0],"gold":36,"neow_bonus":"REMOVE_CARD","is_prod":false,"is_daily":false,"chose_seed":false,"campfire_upgraded":11,"win_rate":0,"timestamp":1549201770,"path_taken":["M","M","$","M","?","R","E","R","T","R","?","?","M","?","R","BOSS","M","M","$","?","?","R","?","R","T","?","?","?","?","M","R","BOSS","M","$","M","?","M","R","$","R","T","R","R","?","M","M","R","BOSS"],"build_version":"2019-01-23","purchased_purges":3,"victory":false,"max_hp_per_floor":[80,80,80,80,80,80,80,80,80,80,80,80,80,80,80,80,80,80,80,80,80,80,80,80,80,80,80,80,80,80,80,80,80,80,80,80,80,80,80,80,80,80,80,80,80,80,80,80,80,80],"card_choices":[{"not_picked":["Blood for Blood","Rage"],"picked":"Iron Wave","floor":1},{"not_picked":["Clash","Reckless Charge","Anger"],"picked":"SKIP","floor":2},{"not_picked":["Sever Soul","Reckless Charge","Sword Boomerang"],"picked":"SKIP","floor":4},{"not_picked":["Cleave","Exhume"],"picked":"Twin Strike","floor":7},{"not_picked":["Armaments","Blood for Blood"],"picked":"Pommel Strike","floor":13},{"not_picked":["Exhume","Impervious"],"picked":"Limit Break","floor":16},{"not_picked":["Flex+1","Anger+1"],"picked":"Twin Strike+1","floor":18},{"not_picked":["Battle Trance","Hemokinesis+1"],"picked":"True Grit","floor":19},{"not_picked":["Chill+1","Entrench"],"picked":"Iron Wave+1","floor":31},{"not_picked":["Thinking Ahead","Fission"],"picked":"Echo Form","floor":33},{"not_picked":["Ghostly Armor+1","Chaos+1"],"picked":"Footwork","floor":35},{"not_picked":["Panacea+1","Sucker Punch+1"],"picked":"Sunder+1","floor":37},{"not_picked":["Blind","Forethought"],"picked":"Flash of Steel","floor":38},{"not_picked":["Acrobatics","Hologram+1"],"picked":"Bouncing Flask","floor":39},{"not_picked":["Predator","Anger+1"],"picked":"Footwork+1","floor":47},{"not_picked":["Ball Lightning","Echo Form","Predator"],"picked":"SKIP","floor":48}],"player_experience":185149,"relics_obtained":[{"floor":7,"key":"Omamori"},{"floor":9,"key":"Happy Flower"},{"floor":26,"key":"Blood Vial"},{"floor":26,"key":"Lantern"},{"floor":43,"key":"Boot"},{"floor":43,"key":"Ice Cream"}],"event_choices":[{"damage_healed":0,"gold_gain":0,"player_choice":"Grow","damage_taken":0,"max_hp_gain":0,"max_hp_loss":0,"event_name":"Living Wall","floor":5,"gold_loss":0,"cards_upgraded":["Bash"]},{"damage_healed":0,"gold_gain":0,"player_choice":"Success","damage_taken":3,"relics_obtained":["Matryoshka"],"max_hp_gain":0,"max_hp_loss":0,"event_name":"Scrap Ooze","floor":11,"gold_loss":0},{"damage_healed":0,"gold_gain":0,"player_choice":"Box","damage_taken":0,"relics_obtained":["The Courier"],"max_hp_gain":0,"max_hp_loss":0,"event_name":"Big Fish","floor":12,"gold_loss":0,"cards_obtained":["Regret"]},{"damage_healed":0,"gold_gain":75,"player_choice":"Gather Gold","damage_taken":11,"max_hp_gain":0,"max_hp_loss":0,"event_name":"World of Goop","floor":14,"gold_loss":0},{"damage_healed":0,"gold_gain":0,"player_choice":"Ignored","damage_taken":0,"max_hp_gain":0,"max_hp_loss":0,"event_name":"Beggar","floor":21,"gold_loss":0},{"damage_healed":0,"gold_gain":0,"player_choice":"Copied","damage_taken":0,"max_hp_gain":0,"max_hp_loss":0,"event_name":"Duplicator","floor":22,"gold_loss":0,"cards_obtained":["Bash"]},{"damage_healed":0,"gold_gain":0,"player_choice":"Obtain J.A.X.","damage_taken":0,"max_hp_gain":0,"max_hp_loss":0,"event_name":"Drug Dealer","floor":24,"gold_loss":0,"cards_obtained":["J.A.X."]},{"cards_removed":["Strike_R"],"damage_healed":0,"gold_gain":0,"player_choice":"Elegance","damage_taken":0,"max_hp_gain":0,"max_hp_loss":0,"event_name":"Back to Basics","floor":27,"gold_loss":0},{"damage_healed":0,"gold_gain":0,"player_choice":"Opened","damage_taken":0,"relics_obtained":["WingedGreaves"],"max_hp_gain":0,"max_hp_loss":0,"event_name":"The Mausoleum","floor":28,"gold_loss":0},{"damage_healed":0,"gold_gain":0,"player_choice":"Ignored","damage_taken":0,"max_hp_gain":0,"max_hp_loss":0,"event_name":"Vampires","floor":29,"gold_loss":0},{"damage_healed":0,"gold_gain":0,"player_choice":"Memory 1","damage_taken":0,"max_hp_gain":0,"max_hp_loss":0,"event_name":"SensoryStone","floor":38,"gold_loss":0},{"damage_healed":0,"gold_gain":0,"player_choice":"Paid","damage_taken":0,"relics_obtained":["Red Mask"],"max_hp_gain":0,"max_hp_loss":0,"event_name":"Tomb of Lord Red Mask","floor":46,"gold_loss":40}],"is_beta":false,"boss_relics":[{"not_picked":["Black Blood","Astrolabe"],"picked":"Philosopher\u0027s Stone"},{"not_picked":["Orrery","Lizard Tail"],"picked":"Runic Cube"}],"items_purged_floors":[20,36,41],"is_endless":false,"potions_floor_spawned":[1,4,7,18,35,39,48],"killed_by":"Time Eater","ascension_level":0}