{"gold_per_floor":[109,109,284,284,209,209,224,224,247,282,298,298,298,317,317,443,443,458,474,474,498,522,522,194,194,217,217,217],"floor_reached":28,"playtime":651,"items_purged":["Doubt"],"score":216,"play_id":"8454d665-49ea-4b06-b791-98978208ae78","local_time":"20181205224446","is_ascension_mode":false,"campfire_choices":[{"data":"Dualcast","floor":6.0,"key":"SMITH"},{"data":"Zap","floor":8,"key":"SMITH"},{"data":"Conserve Battery","floor":12,"key":"SMITH"},{"data":"BootSequence","floor":15,"key":"SMITH"},{"data":"Buffer","floor":23,"key":"SMITH"},{"data":"Capacitor","floor":25,"key":"SMITH"}],"neow_cost":"NONE","seed_source_timestamp":603465848999837,"circlet_count":0,"master_deck":["Strike_B","Strike_B","Strike_B","Strike_B","Defend_B","Defend_B","Defend_B","Defend_B","Zap+1","Dualcast+1","Conserve Battery+1","BootSequence+1","Buffer+1","Capacitor+1","Writhe","Defragment+1","Undo"],"special_seed":0,"relics":["Cracked Core","Boot","Lantern","Bloody Idol","Centennial Puzzle","Bronze Scales","Philosopher\u0027s Stone","FossilizedHelix","Frozen Egg 2","Blood Vial"],"potions_floor_usage":[10,16,22,28],"damage_taken":[{"damage":5.0,"enemies":"2 Louse","floor":1.0,"turns":2.0},{"damage":0,"enemies":"Jaw Worm","floor":7,"turns":2},{"damage":15,"enemies":"Gremlin Nob","floor":10,"turns":4},{"damage":0,"enemies":"Cultist","floor":11,"turns":3},{"damage":2,"enemies":"Gremlin Gang","floor":14,"turns":4},{"damage":28,"enemies":"The Guardian","floor":16,"turns":13},{"damage":2,"enemies":"3 Byrds","floor":18,"turns":3},{"damage":7,"enemies":"Spheric Guardian","floor":19,"turns":4},{"damage":0,"enemies":"Chosen and Byrds","floor":21,"turns":7},{"damage":0,"enemies":"Snecko","floor":22,"turns":5},{"damage":4,"enemies":"Centurion and Healer","floor":28,"turns":9}],"seed_played":"-1476394260370389789","potions_obtained":[{"floor":1.0,"key":"Block Potion"},{"floor":7,"key":"Block Potion"},{"floor":11,"key":"PowerPotion"},{"floor":14,"key":"Strength Potion"},{"floor":18,"key":"LiquidBronze"},{"floor":22,"key":"GamblersBrew"}],"is_trial":false,"path_per_floor":["M","?","?","?","$","R","M","R","T","E","M","R","$","M","R","B",null,"M","M","?","M","M","R","$","R","T","?","M"],"character_chosen":"DEFECT","items_purchased":["Undo","Frozen Egg 2"],"campfire_rested":0,"item_purchase_floors":[24,24],"current_hp_per_floor":[70,67,67,49,49,49,49,49,49,34,34,34,34,32,32,4,75,73,66,66,66,66,66,66,66,66,66,64],"gold":217,"neow_bonus":"RANDOM_COMMON_RELIC","is_prod":false,"is_daily":false,"chose_seed":false,"campfire_upgraded":6,"win_rate":0,"timestamp":1544049886,"path_taken":["M","?","?","?","$","R","M","R","T","E","?","R","?","M","R","BOSS","M","?","?","M","M","R","$","R","T","?","M"],"build_version":"2018-11-15","purchased_purges":1,"victory":false,"max_hp_per_floor":[75,75,75,75,75,75,75,75,75,75,75,75,75,75,75,75,75,75,75,75,75,75,75,75,75,75,75,75],"card_choices":[{"not_picked":["Steam Power","Genetic Algorithm","Streamline"],"picked":"SKIP","floor":1.0},{"not_picked":["Coolheaded","Gash"],"picked":"Conserve Battery","floor":7},{"not_picked":["Stack","Tempest"],"picked":"BootSequence","floor":10},{"not_picked":["Storm","Leap","Stack"],"picked":"SKIP","floor":11},{"not_picked":["Sweeping Beam","Hologram","Redo"],"picked":"SKIP","floor":14},{"not_picked":["Biased Cognition","Fission"],"picked":"Buffer","floor":16},{"not_picked":["Sweeping Beam","Barrage","Compile Driver"],"picked":"SKIP","floor":18},{"not_picked":["Ball Lightning","Sweeping Beam"],"picked":"Capacitor","floor":19},{"not_picked":["Gash","Redo"],"picked":"Defragment+1","floor":21},{"not_picked":["Doom and Gloom","Skim","Sunder"],"picked":"SKIP","floor":22}],"player_experience":860721,"relics_obtained":[{"floor":9,"key":"Centennial Puzzle"},{"floor":10,"key":"Bronze Scales"},{"floor":26,"key":"Blood Vial"}],"event_choices":[{"damage_healed":0.0,"max_hp_gain":0.0,"max_hp_loss":0.0,"gold_gain":0.0,"event_name":"Scrap Ooze","player_choice":"Success","floor":2.0,"gold_loss":0.0,"damage_taken":3.0,"relics_obtained":["Lantern"]},{"damage_healed":0.0,"max_hp_gain":0.0,"max_hp_loss":0.0,"gold_gain":175.0,"event_name":"Liars Game","player_choice":"AGREE","floor":3.0,"gold_loss":0.0,"damage_taken":0.0,"cards_obtained":["Doubt"]},{"damage_healed":0.0,"max_hp_gain":0.0,"max_hp_loss":0.0,"gold_gain":0.0,"event_name":"Golden Idol","player_choice":"Take Damage","floor":4.0,"gold_loss":0.0,"damage_taken":18.0,"relics_obtained":["Golden Idol"]},{"damage_healed":0,"gold_gain":0,"player_choice":"Opened","damage_taken":0,"relics_obtained":["FossilizedHelix"],"max_hp_gain":0,"max_hp_loss":0,"event_name":"The Mausoleum","floor":20,"gold_loss":0,"cards_obtained":["Writhe"]},{"damage_healed":0,"gold_gain":0,"player_choice":"Gave Idol","damage_taken":0,"relics_obtained":["Bloody Idol"],"max_hp_gain":0,"max_hp_loss":0,"event_name":"Forgotten Altar","floor":27,"relics_lost":["Golden Idol"],"gold_loss":0}],"is_beta":false,"boss_relics":[{"not_picked":["FrozenCore","Eternal Feather"],"picked":"Philosopher\u0027s Stone"}],"items_purged_floors":[5],"is_endless":false,"potions_floor_spawned":[1,7,11,14,18,19,22],"killed_by":"Centurion and Healer","ascension_level":0}