{"gold_per_floor":[117,135,152,53,72,72,92,92,92,92,23,23,23,35,35,136,136,147,47,59,78,78,78],"floor_reached":23,"playtime":642,"items_purged":["Strike_R","Strike_R"],"score":183,"play_id":"814bfbba-eef2-44a1-b22e-e2224f0b33d7","local_time":"20190203005544","is_ascension_mode":false,"campfire_choices":[{"floor":6,"key":"RECALL"},{"data":"Flame Barrier","floor":8,"key":"SMITH"},{"data":"Inflame","floor":13,"key":"SMITH"},{"data":"Pommel Strike","floor":15,"key":"SMITH"}],"neow_cost":"NONE","seed_source_timestamp":113993104886969,"circlet_count":0,"master_deck":["Strike_R","Strike_R","Strike_R","Defend_R","Defend_R","Defend_R","Defend_R","Bash+1","Flame Barrier+1","Thunderclap","True Grit+1","Twin Strike","Pommel Strike+1","Inflame+1","Regret","Heavy Blade","Berserk","Twin Strike+1","Pommel Strike+1"],"relics":["Burning Blood","Mercury Hourglass","Sozu","Girya"],"potions_floor_usage":[16,16],"damage_taken":[{"damage":6,"enemies":"Jaw Worm","floor":1,"turns":3},{"damage":2,"enemies":"2 Louse","floor":2,"turns":3},{"damage":1,"enemies":"Cultist","floor":3,"turns":3},{"damage":7,"enemies":"3 Louse","floor":5,"turns":5},{"damage":6,"enemies":"Red Slaver","floor":7,"turns":3},{"damage":8,"enemies":"Exordium Thugs","floor":14,"turns":4},{"damage":47,"enemies":"The Guardian","floor":16,"turns":11},{"damage":1,"enemies":"Spheric Guardian","floor":18,"turns":3},{"damage":50,"enemies":"2 Thieves","floor":20,"turns":4},{"damage":17,"enemies":"Cultist and Chosen","floor":21,"turns":5},{"damage":28,"enemies":"Book of Stabbing","floor":23,"turns":2}],"seed_played":"-7643160086495492754","potions_obtained":[{"floor":1,"key":"BloodPotion"},{"floor":14,"key":"FearPotion"},{"floor":16,"key":"SteroidPotion"}],"is_trial":false,"path_per_floor":["M","M","M","$","M","R","M","R","T","?","$","?","R","M","R","B",null,"M","$","M","M","?","E"],"character_chosen":"IRONCLAD","items_purchased":["Twin Strike","Inflame"],"campfire_rested":0,"item_purchase_floors":[4,11],"current_hp_per_floor":[80,80,80,80,79,79,79,79,79,79,79,79,79,77,77,44,80,80,80,36,25,25,0],"gold":78,"neow_bonus":"UPGRADE_CARD","is_prod":false,"is_daily":false,"chose_seed":false,"campfire_upgraded":3,"win_rate":0,"timestamp":1549126544,"path_taken":["M","M","M","$","M","R","M","R","T","?","$","?","R","M","R","BOSS","M","$","M","M","?","E"],"build_version":"2019-01-23","purchased_purges":2,"victory":false,"max_hp_per_floor":[80,80,80,80,80,80,80,80,80,80,80,80,80,80,80,80,80,80,80,80,80,80,80],"card_choices":[{"not_picked":["Power Through","Warcry"],"picked":"Flame Barrier","floor":1},{"not_picked":["Body Slam","Burning Pact"],"picked":"Thunderclap","floor":2},{"not_picked":["Havoc","Cleave"],"picked":"True Grit","floor":3},{"not_picked":["Blood for Blood","True Grit","Havoc"],"picked":"SKIP","floor":5},{"not_picked":["True Grit","Bloodletting"],"picked":"Pommel Strike","floor":7},{"not_picked":["Clash","Headbutt"],"picked":"Heavy Blade","floor":14},{"not_picked":["Immolate","Juggernaut"],"picked":"Berserk","floor":16},{"not_picked":["Wild Strike","Entrench","Spot Weakness"],"picked":"SKIP","floor":18},{"not_picked":["Anger","Pommel Strike+1"],"picked":"Twin Strike+1","floor":20},{"not_picked":["Twin Strike","Searing Blow"],"picked":"Pommel Strike+1","floor":21}],"player_experience":181146,"relics_obtained":[],"event_choices":[{"damage_healed":0,"gold_gain":0,"player_choice":"Grow","damage_taken":0,"max_hp_gain":0,"max_hp_loss":0,"event_name":"Living Wall","floor":10,"gold_loss":0,"cards_upgraded":["True Grit"]},{"damage_healed":0,"gold_gain":0,"player_choice":"Box","damage_taken":0,"relics_obtained":["Mercury Hourglass"],"max_hp_gain":0,"max_hp_loss":0,"event_name":"Big Fish","floor":12,"gold_loss":0,"cards_obtained":["Regret"]},{"damage_healed":0,"gold_gain":0,"player_choice":"Opened","damage_taken":0,"relics_obtained":["Girya"],"max_hp_gain":0,"max_hp_loss":0,"event_name":"The Mausoleum","floor":22,"gold_loss":0}],"is_beta":false,"boss_relics":[{"not_picked":["Runic Pyramid","Astrolabe"],"picked":"Sozu"}],"items_purged_floors":[4,19],"is_endless":false,"potions_floor_spawned":[1,14,16,21],"killed_by":"Book of Stabbing","ascension_level":0}