{"gold_per_floor":[109,30,30,47,47,47,47,47,74,85,85,112,137,151,151,251,251,263,263,263,283,283,283,308,308,362,362,382,382,382,179,179,277,277,289,303,303,320,174,190,190,190,190,208,208,223,237,20,20,20],"floor_reached":51,"playtime":1693,"items_purged":["Strike_B+1"],"score":763,"play_id":"31a87499-4697-4348-bdf2-03da3009e8e7","local_time":"20190126000224","is_ascension_mode":false,"campfire_choices":[{"data":"Dualcast","floor":6.0,"key":"SMITH"},{"data":"Zap","floor":8.0,"key":"SMITH"},{"data":"Cold Snap","floor":11.0,"key":"SMITH"},{"data":"Coolheaded","floor":15.0,"key":"SMITH"},{"floor":23.0,"key":"REST"},{"data":"Rainbow","floor":25.0,"key":"SMITH"},{"data":"Defend_B","floor":27.0,"key":"SMITH"},{"data":"Glacier","floor":30.0,"key":"SMITH"},{"data":"Defend_B","floor":32.0,"key":"SMITH"},{"data":"Capacitor","floor":41.0,"key":"SMITH"},{"floor":45.0,"key":"REST"},{"data":"Conserve Battery","floor":49.0,"key":"SMITH"}],"neow_cost":"NONE","seed_source_timestamp":2779291300958238,"circlet_count":0,"master_deck":["Strike_B+1","Defend_B+1","Defend_B+1","Zap+1","Dualcast+1","Cold Snap+1","Defragment+1","Capacitor+1","Coolheaded+1","Rainbow+1","Echo Form+1","Chaos+1","Auto Shields+1","FTL+1","Glacier+1","Seek","Leap+1","Undo","BootSequence","Defragment+1","Conserve Battery+1","Glacier+1","Fusion+1"],"special_seed":0,"relics":["Cracked Core","Regal Pillow","Odd Mushroom","Mercury Hourglass","Astrolabe","MutagenicStrength","Matryoshka","Cables","Lantern","Membership Card","Orrery","FossilizedHelix","Oddly Smooth Stone","Boot","Anchor","ClockworkSouvenir"],"potions_floor_usage":[50,50,50],"damage_taken":[{"damage":0.0,"enemies":"Cultist","floor":1.0,"turns":3.0},{"damage":4.0,"enemies":"Jaw Worm","floor":4.0,"turns":3.0},{"damage":0.0,"enemies":"2 Louse","floor":10.0,"turns":1.0},{"damage":12.0,"enemies":"The Mushroom Lair","floor":12.0,"turns":4.0},{"damage":13.0,"enemies":"Lagavulin","floor":13.0,"turns":5.0},{"damage":7.0,"enemies":"Blue Slaver","floor":14.0,"turns":2.0},{"damage":0.0,"enemies":"Hexaghost","floor":16.0,"turns":9.0},{"damage":23.0,"enemies":"2 Thieves","floor":18.0,"turns":4.0},{"damage":8.0,"enemies":"3 Byrds","floor":21.0,"turns":4.0},{"damage":14.0,"enemies":"Gremlin Leader","floor":24.0,"turns":7.0},{"damage":0.0,"enemies":"Centurion and Healer","floor":28.0,"turns":6.0},{"damage":16.0,"enemies":"Automaton","floor":33.0,"turns":10.0},{"damage":6.0,"enemies":"3 Shapes","floor":35.0,"turns":4.0},{"damage":19.0,"enemies":"3 Darklings","floor":36.0,"turns":7.0},{"damage":1.0,"enemies":"Writhing Mass","floor":38.0,"turns":6.0},{"damage":0.0,"enemies":"4 Shapes","floor":40.0,"turns":4.0},{"damage":11.0,"enemies":"3 Darklings","floor":44.0,"turns":9.0},{"damage":4.0,"enemies":"Transient","floor":46.0,"turns":5.0},{"damage":0.0,"enemies":"Spire Growth","floor":47.0,"turns":5.0},{"damage":0,"enemies":"Time Eater","floor":50,"turns":15}],"seed_played":"6049252866301934277","potions_obtained":[{"floor":4.0,"key":"Explosive Potion"},{"floor":24.0,"key":"LiquidBronze"},{"floor":28.0,"key":"Ancient Potion"},{"floor":36.0,"key":"Energy Potion"},{"floor":42.0,"key":"Fruit Juice"},{"floor":42.0,"key":"Block Potion"},{"floor":42.0,"key":"LiquidBronze"}],"is_trial":false,"path_per_floor":["M","$","?","M","?","R","$","R","T","M","R","?","E","M","R","B",null,"M","?","?","M","$","R","E","R","T","R","M","?","R","$","R","B",null,"M","M","?","M","$","M","R","?","T","M","R","M","M","$","R","B",null],"character_chosen":"DEFECT","items_purchased":["Defragment","Membership Card","FossilizedHelix","Anchor","ClockworkSouvenir"],"campfire_rested":2,"item_purchase_floors":[2,31,39,48,48],"current_hp_per_floor":[75,75,60,56,56,56,56,56,56,56,56,44,31,24,24,24,75,52,52,52,44,44,75,61,61,61,61,61,61,61,61,61,45,75,69,50,50,49,49,49,49,54,54,43,80,76,76,76,76,76],"gold":20,"neow_bonus":"REMOVE_CARD","is_prod":false,"is_daily":false,"chose_seed":false,"campfire_upgraded":10,"win_rate":0,"timestamp":1548460944,"path_taken":["M","?","?","M","?","R","?","R","T","M","R","?","E","M","R","BOSS","M","?","?","M","$","R","E","R","T","R","M","?","R","$","R","BOSS","M","M","?","M","$","M","R","?","T","M","R","M","?","$","R","BOSS"],"build_version":"2019-01-23","purchased_purges":1,"victory":true,"max_hp_per_floor":[75,75,75,75,75,75,75,75,75,75,75,75,75,75,75,75,75,75,75,75,75,75,75,75,75,75,75,75,75,75,75,75,75,75,75,75,75,75,75,75,75,80,80,80,80,80,80,80,80,80],"card_choices":[{"not_picked":["Beam Cell","Doom and Gloom"],"picked":"Cold Snap","floor":1.0},{"not_picked":["Cold Snap","Stack","Beam Cell"],"picked":"SKIP","floor":4.0},{"not_picked":["Barrage","Turbo"],"picked":"Capacitor","floor":10.0},{"not_picked":["Doom and Gloom","Leap","Rip and Tear"],"picked":"SKIP","floor":13.0},{"not_picked":["Gash","Turbo"],"picked":"Coolheaded","floor":14.0},{"not_picked":["Fission","Core Surge"],"picked":"Rainbow","floor":16.0},{"not_picked":["Beam Cell+1","Hologram","Go for the Eyes"],"picked":"SKIP","floor":18.0},{"not_picked":["Blizzard+1","Static Discharge"],"picked":"FTL+1","floor":21.0},{"not_picked":["Heatsinks","Chaos","Stack"],"picked":"SKIP","floor":24.0},{"not_picked":["Beam Cell","Redo+1"],"picked":"Glacier","floor":28.0},{"not_picked":["Buffer","Reboot"],"picked":"Seek","floor":33.0},{"not_picked":["Skim","Gash"],"picked":"Leap+1","floor":34.0},{"not_picked":["Cold Snap","Go for the Eyes"],"picked":"Undo","floor":34.0},{"not_picked":["Leap","Genetic Algorithm"],"picked":"BootSequence","floor":34.0},{"not_picked":["Sweeping Beam","Auto Shields","Darkness"],"picked":"SKIP","floor":35.0},{"not_picked":["Gash","Cold Snap"],"picked":"Defragment+1","floor":36.0},{"not_picked":["Coolheaded+1","Hello World+1"],"picked":"Conserve Battery","floor":38.0},{"not_picked":["Tempest+1","Compile Driver"],"picked":"Glacier+1","floor":40.0},{"not_picked":["Beam Cell+1","Gash+1","Lockon"],"picked":"SKIP","floor":44.0},{"not_picked":["Redo","Ball Lightning+1"],"picked":"Fusion+1","floor":46.0},{"not_picked":["Machine Learning","Double Energy","Loop"],"picked":"SKIP","floor":47.0}],"player_experience":998513,"relics_obtained":[{"floor":9.0,"key":"Regal Pillow"},{"floor":12.0,"key":"Odd Mushroom"},{"floor":13.0,"key":"Mercury Hourglass"},{"floor":24.0,"key":"Matryoshka"},{"floor":26.0,"key":"Cables"},{"floor":26.0,"key":"Lantern"},{"floor":43.0,"key":"Oddly Smooth Stone"},{"floor":43.0,"key":"Boot"}],"event_choices":[{"damage_healed":0.0,"max_hp_gain":0.0,"max_hp_loss":0.0,"gold_gain":0.0,"event_name":"Shining Light","player_choice":"Entered Light","floor":3.0,"gold_loss":0.0,"damage_taken":15.0,"cards_upgraded":["Strike_B","Strike_B"]},{"damage_healed":0.0,"max_hp_gain":0.0,"max_hp_loss":0.0,"gold_gain":0.0,"event_name":"Living Wall","player_choice":"Grow","floor":5.0,"gold_loss":0.0,"damage_taken":0.0,"cards_upgraded":["Defragment"]},{"damage_healed":0.0,"max_hp_gain":0.0,"max_hp_loss":0.0,"gold_gain":0.0,"event_name":"Mushrooms","player_choice":"Fought Mushrooms","floor":12.0,"gold_loss":0.0,"damage_taken":0.0},{"damage_healed":0.0,"max_hp_gain":0.0,"max_hp_loss":0.0,"gold_gain":0.0,"event_name":"Vampires","player_choice":"Ignored","floor":19.0,"gold_loss":0.0,"damage_taken":0.0},{"damage_healed":0.0,"max_hp_gain":0.0,"max_hp_loss":0.0,"gold_gain":0.0,"event_name":"Drug Dealer","player_choice":"Inject Mutagens","floor":20.0,"gold_loss":0.0,"damage_taken":0.0,"relics_obtained":["MutagenicStrength"]},{"damage_healed":0.0,"max_hp_gain":0.0,"max_hp_loss":0.0,"gold_gain":0.0,"event_name":"The Mausoleum","player_choice":"Ignored","floor":29.0,"gold_loss":0.0,"damage_taken":0.0},{"damage_healed":0.0,"max_hp_gain":0.0,"max_hp_loss":0.0,"gold_gain":0.0,"event_name":"SensoryStone","player_choice":"Memory 1","floor":37.0,"gold_loss":0.0,"damage_taken":0.0},{"damage_healed":0.0,"max_hp_gain":0.0,"max_hp_loss":0.0,"gold_gain":0.0,"event_name":"Lab","player_choice":"Got Potions","floor":42.0,"gold_loss":0.0,"damage_taken":0.0}],"is_beta":false,"boss_relics":[{"not_picked":["Fusion Hammer","Coffee Dripper"],"picked":"Astrolabe"},{"not_picked":["Snecko Eye","Eternal Feather"],"picked":"Orrery"}],"items_purged_floors":[48],"is_endless":false,"potions_floor_spawned":[4,24,28,36,46],"ascension_level":0}