{"gold_per_floor":[217,217,21,40,56,56,70,102,127,127,52,63,90,21,21,121,121,121,121,21,21,21,21,21,21,21,21,21,21,21,21,21,21,21,21,21,21,21,21,21,21,21,21,21,21,21,21,21],"floor_reached":48,"playtime":1445,"items_purged":["Strike_B","Strike_B"],"score":521,"play_id":"386b42e3-dcfb-4490-aecd-114041046705","local_time":"20181213164600","is_ascension_mode":true,"campfire_choices":[{"data":"Streamline","floor":6,"key":"SMITH"},{"floor":10,"key":"REST"},{"floor":15,"key":"REST"},{"data":"All For One","floor":23,"key":"SMITH"},{"data":"Electrodynamics","floor":25,"key":"SMITH"},{"floor":32,"key":"REST"},{"floor":40,"key":"REST"},{"floor":44,"key":"REST"},{"floor":46,"key":"REST"}],"neow_cost":"NONE","seed_source_timestamp":19202161285746,"circlet_count":0,"master_deck":["Strike_B","Strike_B","Defend_B","Defend_B","Defend_B","Defend_B","Zap+1","Dualcast","Melter+1","Ball Lightning","Streamline+1","Electrodynamics+1","Beam Cell","Glacier","Echo Form","Self Repair","All For One+1","Beam Cell","Leap","Shame","Meteor Strike","Cold Snap+1","Streamline","Creative AI","Go for the Eyes+1","Jack Of All Trades","Madness","Madness","Auto Shields","Go for the Eyes+1","Electrodynamics"],"relics":["Cracked Core","Oddly Smooth Stone","Blood Vial","Art of War","Pen Nib","Ectoplasm","Red Mask","Nilry\u0027s Codex","Kunai","Lantern","FaceOfCleric","Philosopher\u0027s Stone","Juzu Bracelet","Shuriken","Mercury Hourglass"],"potions_floor_usage":[16,16,16,45],"damage_taken":[{"damage":1,"enemies":"Cultist","floor":1,"turns":3},{"damage":6,"enemies":"Small Slimes","floor":4,"turns":3},{"damage":5,"enemies":"Jaw Worm","floor":5,"turns":2},{"damage":5,"enemies":"3 Louse","floor":7,"turns":3},{"damage":24,"enemies":"Lagavulin","floor":8,"turns":5},{"damage":7,"enemies":"Lots of Slimes","floor":12,"turns":2},{"damage":3,"enemies":"3 Sentries","floor":13,"turns":2},{"damage":55,"enemies":"The Guardian","floor":16,"turns":6},{"damage":19,"enemies":"3 Byrds","floor":18,"turns":4},{"damage":10,"enemies":"Masked Bandits","floor":19,"turns":2},{"damage":6,"enemies":"Chosen","floor":22,"turns":3},{"damage":0,"enemies":"Sentry and Sphere","floor":28,"turns":3},{"damage":0,"enemies":"Snecko","floor":30,"turns":2},{"damage":12,"enemies":"Shelled Parasite and Fungi","floor":31,"turns":3},{"damage":49,"enemies":"Automaton","floor":33,"turns":10},{"damage":45,"enemies":"3 Darklings","floor":35,"turns":4},{"damage":8,"enemies":"3 Shapes","floor":38,"turns":4},{"damage":1,"enemies":"Sphere and 2 Shapes","floor":39,"turns":4},{"damage":46,"enemies":"Nemesis","floor":42,"turns":7},{"damage":31,"enemies":"Giant Head","floor":45,"turns":7},{"damage":45,"enemies":"Maw","floor":48,"turns":4}],"seed_played":"-871494697514980388","potions_obtained":[{"floor":1,"key":"FearPotion"},{"floor":7,"key":"Strength Potion"},{"floor":12,"key":"Weak Potion"},{"floor":22,"key":"Ancient Potion"},{"floor":28,"key":"Poison Potion"},{"floor":31,"key":"LiquidBronze"}],"is_trial":false,"path_per_floor":["M","?","$","M","M","R","M","E","T","R","$","M","E","$","R","B",null,"M","?","$","?","M","R","$","R","T","?","M","?","M","M","R","B",null,"M","?","?","M","M","R","?","E","T","R","E","R","$","M"],"character_chosen":"DEFECT","items_purchased":["Ball Lightning","Oddly Smooth Stone","Self Repair"],"campfire_rested":6,"item_purchase_floors":[3,3,14],"current_hp_per_floor":[74,59,59,53,48,48,43,19,19,41,41,36,35,35,57,11,75,70,62,62,46,49,49,49,49,49,49,51,51,54,45,68,29,78,34,34,24,19,28,52,52,16,16,40,19,43,43,0],"gold":21,"neow_bonus":"HUNDRED_GOLD","is_prod":false,"is_daily":false,"chose_seed":false,"campfire_upgraded":3,"win_rate":0,"timestamp":1544690760,"path_taken":["M","?","$","M","M","R","M","E","T","R","$","M","E","$","R","BOSS","M","?","$","?","M","R","$","R","T","?","M","?","?","M","R","BOSS","M","?","?","M","?","R","?","E","T","R","E","R","$","M"],"build_version":"2018-12-06","purchased_purges":2,"victory":false,"max_hp_per_floor":[75,75,75,75,75,75,75,75,75,75,75,75,75,75,75,75,75,75,75,75,75,75,75,75,75,75,75,75,75,76,77,77,78,78,79,79,79,80,81,81,81,82,82,82,83,83,83,83],"card_choices":[{"not_picked":["Coolheaded","Compile Driver"],"picked":"Melter","floor":1},{"not_picked":["Stack","Sweeping Beam"],"picked":"Streamline","floor":4},{"not_picked":["Hello World","Redo","Scrape"],"picked":"SKIP","floor":5},{"not_picked":["Chill","Conserve Battery"],"picked":"Electrodynamics","floor":7},{"not_picked":["Reprogram","Chaos"],"picked":"Beam Cell","floor":8},{"not_picked":["Leap","Gash"],"picked":"Glacier","floor":12},{"not_picked":["Cold Snap","Darkness"],"picked":"Echo Form","floor":13},{"not_picked":["Electrodynamics","Fission"],"picked":"All For One","floor":16},{"not_picked":["Glacier+1","Redo"],"picked":"Beam Cell","floor":18},{"not_picked":["Cold Snap","Rip and Tear"],"picked":"Leap","floor":19},{"not_picked":["Double Energy","Genetic Algorithm","Redo"],"picked":"SKIP","floor":22},{"not_picked":["Blizzard","Hologram"],"picked":"Meteor Strike","floor":28},{"not_picked":["Fusion","Scrape"],"picked":"Cold Snap+1","floor":30},{"not_picked":["Conserve Battery","Cold Snap"],"picked":"Streamline","floor":31},{"not_picked":["Meteor Strike","Fission"],"picked":"Creative AI","floor":33},{"not_picked":["Genetic Algorithm","Undo+1"],"picked":"Go for the Eyes+1","floor":35},{"not_picked":["Mind Blast","Dark Shackles"],"picked":"Jack Of All Trades","floor":36},{"not_picked":["Undo+1","Capacitor+1"],"picked":"Auto Shields","floor":38},{"not_picked":["Barrage","Steam"],"picked":"Go for the Eyes+1","floor":39},{"not_picked":["Lockon","Stack+1"],"picked":"Electrodynamics","floor":42},{"not_picked":["Turbo","Conserve Battery","Undo"],"picked":"SKIP","floor":45}],"player_experience":46259,"relics_obtained":[{"floor":8,"key":"Blood Vial"},{"floor":9,"key":"Art of War"},{"floor":13,"key":"Pen Nib"},{"floor":19,"key":"Red Mask"},{"floor":21,"key":"Nilry\u0027s Codex"},{"floor":26,"key":"Kunai"},{"floor":42,"key":"Juzu Bracelet"},{"floor":43,"key":"Shuriken"},{"floor":45,"key":"Mercury Hourglass"}],"event_choices":[{"damage_healed":0,"gold_gain":0,"player_choice":"Entered Light","damage_taken":15,"max_hp_gain":0,"max_hp_loss":0,"event_name":"Shining Light","floor":2,"gold_loss":0,"cards_upgraded":["Melter","Zap"]},{"damage_healed":0,"gold_gain":0,"player_choice":"Fought Bandits","damage_taken":0,"max_hp_gain":0,"max_hp_loss":0,"event_name":"Masked Bandits","floor":19,"gold_loss":0},{"damage_healed":0,"gold_gain":0,"player_choice":"Obtained Book","damage_taken":16,"max_hp_gain":0,"max_hp_loss":0,"event_name":"Cursed Tome","floor":21,"gold_loss":0},{"damage_healed":0,"gold_gain":0,"player_choice":"Stole Relic","damage_taken":0,"relics_obtained":["Lantern"],"max_hp_gain":0,"max_hp_loss":0,"event_name":"Addict","floor":27,"gold_loss":0,"cards_obtained":["Shame"]},{"damage_healed":0,"gold_gain":0,"player_choice":"Trade","damage_taken":0,"relics_obtained":["FaceOfCleric"],"max_hp_gain":0,"max_hp_loss":0,"event_name":"FaceTrader","floor":29,"gold_loss":0},{"damage_healed":0,"gold_gain":0,"player_choice":"Memory 1","damage_taken":0,"max_hp_gain":0,"max_hp_loss":0,"event_name":"SensoryStone","floor":36,"gold_loss":0},{"damage_healed":0,"gold_gain":0,"player_choice":"Embrace Madness","damage_taken":10,"max_hp_gain":0,"max_hp_loss":0,"event_name":"Winding Halls","floor":37,"gold_loss":0,"cards_obtained":["Madness","Madness"]},{"damage_healed":0,"gold_gain":222,"player_choice":"Wore Mask","damage_taken":0,"max_hp_gain":0,"max_hp_loss":0,"event_name":"Tomb of Lord Red Mask","floor":41,"gold_loss":0}],"is_beta":false,"boss_relics":[{"not_picked":["Coffee Dripper","Orrery"],"picked":"Ectoplasm"},{"not_picked":["Astrolabe","Tiny House"],"picked":"Philosopher\u0027s Stone"}],"items_purged_floors":[11,20],"is_endless":false,"potions_floor_spawned":[1,7,12,13,22,28,31,33,35,39],"killed_by":"Maw","ascension_level":1}