{"gold_per_floor":[119,119,44,54,54,381,398,398,398,408,434,449,449,463,463,463],"floor_reached":16,"playtime":1000,"items_purged":["Defend_R"],"score":185,"play_id":"472beeff-24fd-4593-a717-551d3f8f9585","local_time":"20190208190757","is_ascension_mode":true,"campfire_choices":[{"data":"Rage","floor":8.0,"key":"SMITH"},{"data":"Bash","floor":13,"key":"SMITH"},{"data":"Entrench","floor":15,"key":"SMITH"}],"neow_cost":"NONE","seed_source_timestamp":0,"circlet_count":0,"master_deck":["Strike_R","Strike_R","Strike_R+1","Strike_R","Strike_R+1","Defend_R","Defend_R","Defend_R","Bash+1","Rage+1","Pommel Strike","Regret","Bloodletting","Thunderclap","Shrug It Off","Anger","Iron Wave","Entrench+1"],"special_seed":0,"relics":["Burning Blood","NeowsBlessing","Mummified Hand","Old Coin","Whetstone","Regal Pillow"],"potions_floor_usage":[16],"damage_taken":[{"damage":0.0,"enemies":"Jaw Worm","floor":1.0,"turns":1.0},{"damage":0.0,"enemies":"Cultist","floor":4.0,"turns":1.0},{"damage":0.0,"enemies":"Gremlin Nob","floor":6.0,"turns":1.0},{"damage":2.0,"enemies":"2 Louse","floor":7.0,"turns":2.0},{"damage":3.0,"enemies":"Large Slime","floor":10.0,"turns":4.0},{"damage":29.0,"enemies":"Lagavulin","floor":11.0,"turns":7.0},{"damage":8.0,"enemies":"Blue Slaver","floor":12.0,"turns":4.0},{"damage":3,"enemies":"2 Fungi Beasts","floor":14,"turns":2},{"damage":62,"enemies":"Hexaghost","floor":16,"turns":10}],"seed_played":"-8404657866030839063","potions_obtained":[{"floor":1.0,"key":"Block Potion"},{"floor":6.0,"key":"PowerPotion"},{"floor":7.0,"key":"SneckoOil"},{"floor":11.0,"key":"Swift Potion"},{"floor":14,"key":"Ancient Potion"}],"is_trial":false,"path_per_floor":["M","?","$","M","?","E","M","R","T","M","E","M","R","M","R","B"],"character_chosen":"IRONCLAD","items_purchased":[],"campfire_rested":0,"item_purchase_floors":[],"current_hp_per_floor":[78,70,70,76,76,80,80,80,80,80,57,55,55,58,58,0],"gold":463,"neow_bonus":"THREE_ENEMY_KILL","is_prod":false,"is_daily":false,"chose_seed":false,"campfire_upgraded":3,"win_rate":0,"timestamp":1549620477,"path_taken":["M","?","$","?","?","E","M","R","T","M","E","M","R","M","R","BOSS"],"build_version":"2019-01-23","purchased_purges":1,"victory":false,"max_hp_per_floor":[80,80,80,80,80,80,80,80,80,80,80,80,80,80,80,80],"card_choices":[{"not_picked":["Warcry","Second Wind"],"picked":"Rage","floor":1.0},{"not_picked":["Combust","Searing Blow"],"picked":"Pommel Strike","floor":4.0},{"not_picked":["Carnage","Shrug It Off"],"picked":"Bloodletting","floor":6.0},{"not_picked":["Dropkick","Pummel"],"picked":"Thunderclap","floor":7.0},{"not_picked":["Entrench","Havoc"],"picked":"Shrug It Off","floor":10.0},{"not_picked":["Feed","Heavy Blade"],"picked":"Anger","floor":11.0},{"not_picked":["Fire Breathing","True Grit"],"picked":"Iron Wave","floor":12},{"not_picked":["Wild Strike","Sword Boomerang"],"picked":"Entrench","floor":14}],"player_experience":834804,"relics_obtained":[{"floor":6.0,"key":"Old Coin"},{"floor":9.0,"key":"Whetstone"},{"floor":11.0,"key":"Regal Pillow"}],"event_choices":[{"damage_healed":0.0,"max_hp_gain":0.0,"max_hp_loss":0.0,"gold_gain":0.0,"event_name":"Wheel of Change","player_choice":"Damaged","floor":2.0,"gold_loss":0.0,"damage_taken":8.0},{"damage_healed":0.0,"max_hp_gain":0.0,"max_hp_loss":0.0,"gold_gain":0.0,"event_name":"Big Fish","player_choice":"Box","floor":5.0,"gold_loss":0.0,"damage_taken":0.0,"relics_obtained":["Mummified Hand"],"cards_obtained":["Regret"]}],"is_beta":false,"boss_relics":[],"items_purged_floors":[3],"is_endless":false,"potions_floor_spawned":[1,6,7,11,14],"killed_by":"Hexaghost","ascension_level":7}