{"gold_per_floor":[116,129,143,158,173,173,201,220,220,220],"floor_reached":10,"playtime":650,"items_purged":[],"score":144,"play_id":"204d9493-cfd7-4ddf-beb5-eca769fe644c","local_time":"20190113205501","is_ascension_mode":true,"campfire_choices":[{"data":"Predator","floor":6,"key":"SMITH"}],"neow_cost":"NONE","seed_source_timestamp":299951480669378,"circlet_count":0,"master_deck":["AscendersBane","Defend_G","Defend_G","Defend_G+1","Defend_G+1","Defend_G","Strike_G","Strike_G","Strike_G","Strike_G","Strike_G","Survivor","Neutralize","Predator+1","Well Laid Plans","Cloak And Dagger","Adrenaline","Dagger Spray","Leg Sweep"],"special_seed":0,"relics":["Ring of the Snake","Happy Flower","War Paint","Blue Candle"],"potions_floor_usage":[7,7,10],"damage_taken":[{"damage":1.0,"enemies":"Cultist","floor":1.0,"turns":4.0},{"damage":1.0,"enemies":"2 Louse","floor":2.0,"turns":3.0},{"damage":5.0,"enemies":"Small Slimes","floor":3.0,"turns":3.0},{"damage":8.0,"enemies":"3 Louse","floor":4.0,"turns":7.0},{"damage":21,"enemies":"Gremlin Gang","floor":5,"turns":5},{"damage":13,"enemies":"Lagavulin","floor":7,"turns":9},{"damage":4,"enemies":"Blue Slaver","floor":8,"turns":4},{"damage":23,"enemies":"Gremlin Nob","floor":10,"turns":3}],"seed_played":"5450068947685697583","potions_obtained":[{"floor":1.0,"key":"Weak Potion"},{"floor":2.0,"key":"GamblersBrew"},{"floor":8,"key":"Strength Potion"}],"is_trial":false,"path_per_floor":["M","M","M","M","M","R","E","M","T","E"],"character_chosen":"THE_SILENT","items_purchased":[],"campfire_rested":0,"item_purchase_floors":[],"current_hp_per_floor":[58,57,52,44,23,23,10,6,6,0],"gold":220,"neow_bonus":"RANDOM_COMMON_RELIC","is_prod":false,"is_daily":false,"chose_seed":false,"campfire_upgraded":1,"win_rate":0,"timestamp":1547441701,"path_taken":["M","?","M","M","M","R","E","M","T","E"],"build_version":"2019-01-10","purchased_purges":0,"victory":false,"max_hp_per_floor":[66,66,66,66,66,66,66,66,66,66],"card_choices":[{"not_picked":["Tactician","Blade Dance","Dodge and Roll"],"picked":"SKIP","floor":1.0},{"not_picked":["Quick Slash","Dagger Spray"],"picked":"Predator","floor":2.0},{"not_picked":["Caltrops","Poisoned Stab"],"picked":"Well Laid Plans","floor":3.0},{"not_picked":["Choke","Quick Slash"],"picked":"Cloak And Dagger","floor":4.0},{"not_picked":["Acrobatics","Blade Dance"],"picked":"Adrenaline","floor":5},{"not_picked":["Sucker Punch","Calculated Gamble"],"picked":"Dagger Spray","floor":7},{"not_picked":["Concentrate","Dash"],"picked":"Leg Sweep","floor":8}],"player_experience":399513,"relics_obtained":[{"floor":7,"key":"War Paint"},{"floor":9,"key":"Blue Candle"}],"event_choices":[],"is_beta":false,"boss_relics":[],"items_purged_floors":[],"is_endless":false,"potions_floor_spawned":[1,2,8],"killed_by":"Gremlin Nob","ascension_level":20}