{"gold_per_floor":[110,129,129,146,159,159,192,192,243,275,286,306,317,138,138,233,233,248,248,92,111,130,165,165,182,263,279,279,279,204,69,69,172,172,186,186,18,18,37,37,37,47,47,47,47,57,57,9,9,9],"floor_reached":51,"playtime":1392,"items_purged":["Strike_B"],"score":777,"play_id":"a294c66b-e16b-44ba-9a16-c68715570481","local_time":"20190131194643","is_ascension_mode":false,"campfire_choices":[{"data":"Melter","floor":6.0,"key":"SMITH"},{"data":"Zap","floor":8.0,"key":"SMITH"},{"data":"Defragment","floor":15.0,"key":"SMITH"},{"floor":24.0,"key":"REST"},{"data":"Echo Form","floor":29.0,"key":"SMITH"},{"data":"Rainbow","floor":32.0,"key":"SMITH"},{"data":"Buffer","floor":40.0,"key":"SMITH"},{"data":"Capacitor","floor":47.0,"key":"SMITH"},{"data":"Go for the Eyes","floor":49.0,"key":"SMITH"}],"neow_cost":"NONE","seed_source_timestamp":3282634141079156,"circlet_count":0,"master_deck":["Strike_B","Strike_B","Defend_B+1","Defend_B","Defend_B","Defend_B+1","Zap+1","Dualcast+1","Melter+1","Auto Shields","Defragment+1","Electrodynamics","Conserve Battery","Rainbow+1","Go for the Eyes+1","Stack+1","Ball Lightning","Tempest+1","Echo Form+1","Buffer+1","Electrodynamics","Madness","Madness","Capacitor+1","Conserve Battery","Decay","Purity"],"special_seed":0,"relics":["FrozenCore","Kunai","Vajra","Dream Catcher","War Paint","Anchor","Juzu Bracelet","Pear","Cursed Key","Letter Opener","Pantograph"],"potions_floor_usage":[50,50,50],"damage_taken":[{"damage":0.0,"enemies":"Small Slimes","floor":1.0,"turns":3.0},{"damage":0.0,"enemies":"2 Louse","floor":2.0,"turns":2.0},{"damage":6.0,"enemies":"Jaw Worm","floor":4.0,"turns":3.0},{"damage":0.0,"enemies":"3 Louse","floor":5.0,"turns":3.0},{"damage":14.0,"enemies":"Lagavulin","floor":7.0,"turns":6.0},{"damage":26.0,"enemies":"3 Sentries","floor":10.0,"turns":7.0},{"damage":2.0,"enemies":"Blue Slaver","floor":11.0,"turns":3.0},{"damage":0.0,"enemies":"Lots of Slimes","floor":12.0,"turns":3.0},{"damage":0.0,"enemies":"Looter","floor":13.0,"turns":3.0},{"damage":0.0,"enemies":"Slime Boss","floor":16.0,"turns":5.0},{"damage":0.0,"enemies":"Spheric Guardian","floor":18.0,"turns":3.0},{"damage":0.0,"enemies":"Chosen","floor":21.0,"turns":3.0},{"damage":11.0,"enemies":"Shelled Parasite and Fungi","floor":22.0,"turns":4.0},{"damage":27.0,"enemies":"Slavers","floor":23.0,"turns":7.0},{"damage":0.0,"enemies":"Snake Plant","floor":25.0,"turns":5.0},{"damage":6.0,"enemies":"Snecko","floor":27.0,"turns":4.0},{"damage":0.0,"enemies":"Automaton","floor":33.0,"turns":10.0},{"damage":0.0,"enemies":"3 Shapes","floor":35.0,"turns":4.0},{"damage":0.0,"enemies":"Orb Walker","floor":39.0,"turns":5.0},{"damage":0.0,"enemies":"Sphere and 2 Shapes","floor":42.0,"turns":4.0},{"damage":13.0,"enemies":"Jaw Worm Horde","floor":46.0,"turns":4.0},{"damage":33,"enemies":"Donu and Deca","floor":50,"turns":10}],"seed_played":"919292874466756558","potions_obtained":[{"floor":4.0,"key":"LiquidBronze"},{"floor":5.0,"key":"Weak Potion"},{"floor":7.0,"key":"SpeedPotion"},{"floor":12.0,"key":"SkillPotion"},{"floor":42.0,"key":"SteroidPotion"},{"floor":46.0,"key":"Strength Potion"}],"is_trial":false,"path_per_floor":["M","M","?","M","M","R","E","R","T","E","M","M","M","$","R","B",null,"M","?","$","M","M","E","R","M","T","M","?","R","?","$","R","B",null,"M","?","$","?","M","R","?","M","T","?","$","M","R","$","R","B",null],"character_chosen":"DEFECT","items_purchased":["Conserve Battery","War Paint","Anchor","Buffer","Capacitor","Conserve Battery","AttackPotion"],"campfire_rested":1,"item_purchase_floors":[14,14,20,31,37,37,48],"current_hp_per_floor":[75,75,75,69,69,69,55,55,55,29,27,27,27,27,27,27,75,75,75,75,75,64,37,59,59,69,63,63,63,63,63,63,63,85,85,74,74,74,74,74,74,74,74,74,74,61,61,61,61,52],"gold":9,"neow_bonus":"UPGRADE_CARD","is_prod":false,"is_daily":false,"chose_seed":false,"campfire_upgraded":8,"win_rate":0,"timestamp":1548964003,"path_taken":["M","M","?","M","M","R","E","R","T","E","M","M","M","$","R","BOSS","M","?","$","M","M","E","R","M","T","M","?","R","?","$","R","BOSS","M","?","$","?","M","R","?","M","T","?","?","M","R","$","R","BOSS"],"build_version":"2019-01-23","purchased_purges":1,"victory":true,"max_hp_per_floor":[75,75,75,75,75,75,75,75,75,75,75,75,75,75,75,75,75,75,75,75,75,75,75,75,75,85,85,85,85,85,85,85,85,85,85,85,85,85,85,85,85,85,85,85,85,85,85,85,85,85],"card_choices":[{"not_picked":["Gash","Chaos","Aggregate"],"picked":"SKIP","floor":1.0},{"not_picked":["Genetic Algorithm","Consume"],"picked":"Melter","floor":2.0},{"not_picked":["Scrape","Sweeping Beam"],"picked":"Auto Shields","floor":4.0},{"not_picked":["Storm","Doom and Gloom","Blizzard"],"picked":"SKIP","floor":5.0},{"not_picked":["Beam Cell","Hologram","Barrage"],"picked":"SKIP","floor":7.0},{"not_picked":["Compile Driver","Rainbow"],"picked":"Defragment","floor":10.0},{"not_picked":["Rebound","Redo","Go for the Eyes"],"picked":"SKIP","floor":11.0},{"not_picked":["Consume","Leap"],"picked":"Electrodynamics","floor":12.0},{"not_picked":["Turbo","Steam Power","Fusion"],"picked":"SKIP","floor":13.0},{"not_picked":["Reboot","Amplify"],"picked":"Rainbow","floor":16.0},{"not_picked":["Melter+1","Rip and Tear","Darkness"],"picked":"SKIP","floor":18.0},{"not_picked":["Hello World","Steam","Loop"],"picked":"SKIP","floor":21.0},{"not_picked":["Hello World","White Noise"],"picked":"Stack+1","floor":22.0},{"not_picked":["Darkness","Stack"],"picked":"Ball Lightning","floor":23.0},{"not_picked":["Sunder","Force Field+1"],"picked":"Tempest+1","floor":25.0},{"not_picked":["FTL","Streamline"],"picked":"Echo Form","floor":27.0},{"not_picked":["Reboot","Biased Cognition"],"picked":"Electrodynamics","floor":33.0},{"not_picked":["Compile Driver","Streamline","Hologram"],"picked":"SKIP","floor":35.0},{"not_picked":["Sunder+1","Reprogram","Aggregate"],"picked":"SKIP","floor":39.0},{"not_picked":["Double Energy","Steam Power","Gash+1"],"picked":"SKIP","floor":42.0},{"not_picked":["HandOfGreed","Deep Breath"],"picked":"Purity","floor":44.0},{"not_picked":["Stack","Compile Driver","Rebound+1"],"picked":"SKIP","floor":46.0}],"player_experience":1009399,"relics_obtained":[{"floor":7.0,"key":"Kunai"},{"floor":9.0,"key":"Vajra"},{"floor":10.0,"key":"Dream Catcher"},{"floor":23.0,"key":"Juzu Bracelet"},{"floor":26.0,"key":"Pear"},{"floor":43.0,"key":"Pantograph"}],"event_choices":[{"damage_healed":0.0,"max_hp_gain":0.0,"max_hp_loss":0.0,"gold_gain":0.0,"event_name":"Liars Game","player_choice":"Ignored","floor":3.0,"gold_loss":0.0,"damage_taken":0.0},{"damage_healed":0.0,"max_hp_gain":0.0,"max_hp_loss":0.0,"gold_gain":0.0,"event_name":"The Library","player_choice":"Read","floor":19.0,"gold_loss":0.0,"damage_taken":0.0,"cards_obtained":["Go for the Eyes"]},{"damage_healed":0.0,"max_hp_gain":0.0,"max_hp_loss":0.0,"gold_gain":0.0,"event_name":"Cursed Tome","player_choice":"Ignored","floor":28.0,"gold_loss":0.0,"damage_taken":0.0},{"cards_removed":["Strike_B"],"damage_healed":0.0,"max_hp_gain":0.0,"max_hp_loss":0.0,"gold_gain":0.0,"event_name":"Beggar","player_choice":"Gave Gold","floor":30.0,"gold_loss":75.0,"damage_taken":0.0},{"damage_healed":0.0,"max_hp_gain":0.0,"max_hp_loss":0.0,"gold_gain":0.0,"event_name":"Winding Halls","player_choice":"Embrace Madness","floor":36.0,"gold_loss":0.0,"damage_taken":11.0,"cards_obtained":["Madness","Madness"]},{"damage_healed":0.0,"max_hp_gain":0.0,"max_hp_loss":0.0,"gold_gain":0.0,"event_name":"WeMeetAgain","player_choice":"Gave Potion","floor":38.0,"gold_loss":0.0,"damage_taken":0.0,"relics_obtained":["Letter Opener"]},{"damage_healed":0.0,"max_hp_gain":0.0,"max_hp_loss":0.0,"gold_gain":0.0,"event_name":"Mysterious Sphere","player_choice":"Ignored","floor":41.0,"gold_loss":0.0,"damage_taken":0.0},{"damage_healed":0.0,"max_hp_gain":0.0,"max_hp_loss":0.0,"gold_gain":0.0,"event_name":"SensoryStone","player_choice":"Memory 1","floor":44.0,"gold_loss":0.0,"damage_taken":0.0}],"is_beta":false,"boss_relics":[{"not_picked":["Empty Cage","Lizard Tail"],"picked":"FrozenCore"},{"not_picked":["Runic Pyramid","White Beast Statue"],"picked":"Cursed Key"}],"items_purged_floors":[37],"is_endless":false,"potions_floor_spawned":[4,5,7,12,16,21,22,42,46],"ascension_level":0}