{"gold_per_floor":[118,130,205,217,217,217,230,247,295,295,321,321,355,84,84,183,183,196,215,225,245,71,97,97,127,175,175,90,90,55,74,74,171,171,188,188,188,113,123,123,136,136,184,134,146,0,15,29,29,29],"floor_reached":51,"playtime":1422,"items_purged":["Strike_B","Strike_B","Defend_B"],"score":797,"play_id":"89db977d-7b99-4495-a17c-dc75fe6582a8","local_time":"20190123232222","is_ascension_mode":false,"campfire_choices":[{"data":"Dualcast","floor":6.0,"key":"SMITH"},{"data":"Sunder","floor":10.0,"key":"SMITH"},{"data":"Defragment","floor":12.0,"key":"SMITH"},{"data":"Apotheosis","floor":15.0,"key":"SMITH"},{"data":"Defragment","floor":24.0,"key":"SMITH"},{"data":"Capacitor","floor":27.0,"key":"SMITH"},{"data":"Chaos","floor":29.0,"key":"SMITH"},{"data":"Defragment","floor":32.0,"key":"SMITH"},{"data":"Capacitor","floor":40.0,"key":"SMITH"},{"data":"Electrodynamics","floor":42.0,"key":"SMITH"},{"floor":49.0,"key":"REST"}],"neow_cost":"NONE","seed_source_timestamp":0,"circlet_count":0,"master_deck":["Defend_B","Defend_B","Defend_B","Zap","Dualcast+1","Ball Lightning","Sunder+1","Coolheaded","Chaos+1","Defragment+1","Chill","Apotheosis+1","BootSequence","Capacitor+1","Conserve Battery","Defragment+1","Capacitor+1","Defragment+1","Defragment+1","Electrodynamics+1","Capacitor+1","Coolheaded+1","Conserve Battery+1","Barrage","Reprogram+1"],"special_seed":0,"relics":["Cracked Core","Question Card","Happy Flower","Strawberry","Omamori","Cursed Key","Mango","Mummified Hand","Smiling Mask","Ornamental Fan","Empty Cage","DataDisk","Red Mask"],"potions_floor_usage":[50,50],"damage_taken":[{"damage":0.0,"enemies":"2 Louse","floor":1.0,"turns":3.0},{"damage":0.0,"enemies":"Cultist","floor":2.0,"turns":3.0},{"damage":1.0,"enemies":"Small Slimes","floor":4.0,"turns":2.0},{"damage":0.0,"enemies":"Blue Slaver","floor":7.0,"turns":3.0},{"damage":0.0,"enemies":"3 Louse","floor":8.0,"turns":2.0},{"damage":12.0,"enemies":"Lagavulin","floor":11.0,"turns":6.0},{"damage":12.0,"enemies":"Gremlin Nob","floor":13.0,"turns":3.0},{"damage":44.0,"enemies":"Hexaghost","floor":16.0,"turns":9.0},{"damage":0.0,"enemies":"Chosen","floor":18.0,"turns":4.0},{"damage":0.0,"enemies":"3 Byrds","floor":19.0,"turns":4.0},{"damage":1.0,"enemies":"3 Cultists","floor":20.0,"turns":5.0},{"damage":2.0,"enemies":"Cultist and Chosen","floor":21.0,"turns":7.0},{"damage":11.0,"enemies":"Gremlin Leader","floor":23.0,"turns":9.0},{"damage":3.0,"enemies":"Book of Stabbing","floor":25.0,"turns":6.0},{"damage":5.0,"enemies":"Snake Plant","floor":31.0,"turns":4.0},{"damage":19.0,"enemies":"Collector","floor":33.0,"turns":8.0},{"damage":9.0,"enemies":"3 Shapes","floor":35.0,"turns":3.0},{"damage":0.0,"enemies":"Orb Walker","floor":39.0,"turns":3.0},{"damage":6.0,"enemies":"Jaw Worm Horde","floor":41.0,"turns":4.0},{"damage":0.0,"enemies":"Sphere and 2 Shapes","floor":45.0,"turns":4.0},{"damage":0.0,"enemies":"Spire Growth","floor":47.0,"turns":5.0},{"damage":3.0,"enemies":"3 Darklings","floor":48.0,"turns":4.0},{"damage":0,"enemies":"Awakened One","floor":50,"turns":8}],"seed_played":"-2841128506310982934","potions_obtained":[{"floor":4.0,"key":"FearPotion"},{"floor":8.0,"key":"AttackPotion"},{"floor":13.0,"key":"Weak Potion"},{"floor":16.0,"key":"GamblersBrew"},{"floor":20.0,"key":"Energy Potion"},{"floor":41.0,"key":"Swift Potion"}],"is_trial":false,"path_per_floor":["M","M","?","M","?","R","M","M","T","R","E","R","E","$","R","B",null,"M","M","M","M","$","E","R","E","T","R","?","R","$","M","R","B",null,"M","?","?","$","M","R","M","R","T","$","M","?","M","M","R","B",null],"character_chosen":"DEFECT","items_purchased":["Apotheosis","Capacitor","Defragment","Capacitor"],"campfire_rested":1,"item_purchase_floors":[14,22,30,38],"current_hp_per_floor":[82,82,74,73,73,73,73,73,73,73,68,68,56,56,56,12,89,89,89,88,86,86,89,89,86,86,86,86,86,86,81,81,62,103,94,94,94,94,94,94,88,88,88,88,88,88,88,85,98,98],"gold":29,"neow_bonus":"TEN_PERCENT_HP_BONUS","is_prod":false,"is_daily":false,"chose_seed":false,"campfire_upgraded":10,"win_rate":0,"timestamp":1548285742,"path_taken":["M","M","?","?","?","R","M","M","T","R","E","R","E","$","R","BOSS","M","M","M","M","?","E","R","E","T","R","?","R","$","M","R","BOSS","M","?","?","$","M","R","M","R","T","?","M","?","?","M","R","BOSS"],"build_version":"2019-01-23","purchased_purges":3,"victory":true,"max_hp_per_floor":[82,82,82,82,82,82,82,82,82,82,89,89,89,89,89,89,89,89,89,89,89,89,103,103,103,103,103,103,103,103,103,103,103,103,103,103,98,98,98,98,98,98,98,98,98,98,98,98,98,98],"card_choices":[{"not_picked":["Fusion","Leap"],"picked":"Ball Lightning","floor":1.0},{"not_picked":["Redo","Hello World"],"picked":"Sunder","floor":2.0},{"not_picked":["Streamline","Stack"],"picked":"Coolheaded","floor":4.0},{"not_picked":["Force Field","Steam","Redo","Static Discharge"],"picked":"SKIP","floor":7.0},{"not_picked":["Coolheaded","Go for the Eyes","Streamline"],"picked":"Chaos","floor":8.0},{"not_picked":["Core Surge","Genetic Algorithm","Reprogram"],"picked":"Defragment","floor":11.0},{"not_picked":["Leap","Storm","Static Discharge"],"picked":"Chill","floor":13.0},{"not_picked":["Beam Cell","Ball Lightning","Consume+1"],"picked":"BootSequence","floor":18.0},{"not_picked":["Compile Driver","Steam","Force Field"],"picked":"Capacitor+1","floor":19.0},{"not_picked":["FTL","Turbo","Redo"],"picked":"Conserve Battery","floor":20.0},{"not_picked":["Go for the Eyes","Fission","Consume"],"picked":"Defragment+1","floor":21.0},{"not_picked":["White Noise","Redo+1","Streamline"],"picked":"Defragment","floor":23.0},{"not_picked":["Go for the Eyes","Skim+1","Blizzard","All For One"],"picked":"SKIP","floor":25.0},{"not_picked":["Sweeping Beam","Steam Power","Compile Driver","Beam Cell"],"picked":"SKIP","floor":31.0},{"not_picked":["All For One","Amplify","Multi-Cast"],"picked":"Electrodynamics","floor":33.0},{"not_picked":["Steam+1","Gash","Heatsinks","Sweeping Beam"],"picked":"SKIP","floor":35.0},{"not_picked":["Streamline+1","Steam+1","Tempest"],"picked":"Coolheaded+1","floor":39.0},{"not_picked":["Sunder+1","Leap","Loop+1"],"picked":"Conserve Battery+1","floor":41.0},{"not_picked":["Sweeping Beam","Coolheaded","Gash","Barrage"],"picked":"SKIP","floor":45.0},{"not_picked":["Sweeping Beam","Coolheaded","Gash"],"picked":"Barrage","floor":45.0},{"not_picked":["Skim+1","Streamline+1","Reprogram+1","Stack"],"picked":"SKIP","floor":47.0},{"not_picked":["Skim+1","Streamline+1","Stack"],"picked":"Reprogram+1","floor":47.0},{"not_picked":["Ball Lightning","Gash","Machine Learning","Coolheaded"],"picked":"SKIP","floor":48.0}],"player_experience":989704,"relics_obtained":[{"floor":9.0,"key":"Happy Flower"},{"floor":11.0,"key":"Strawberry"},{"floor":13.0,"key":"Omamori"},{"floor":23.0,"key":"Mango"},{"floor":25.0,"key":"Mummified Hand"},{"floor":26.0,"key":"Smiling Mask"},{"floor":43.0,"key":"DataDisk"}],"event_choices":[{"damage_healed":0.0,"max_hp_gain":0.0,"max_hp_loss":0.0,"gold_gain":75.0,"event_name":"FaceTrader","player_choice":"Touch","floor":3.0,"gold_loss":0.0,"damage_taken":8.0},{"damage_healed":0.0,"max_hp_gain":0.0,"max_hp_loss":0.0,"gold_gain":0.0,"event_name":"WeMeetAgain","player_choice":"Gave Potion","floor":5.0,"gold_loss":0.0,"damage_taken":0.0,"relics_obtained":["Question Card"]},{"damage_healed":0.0,"max_hp_gain":0.0,"max_hp_loss":0.0,"gold_gain":0.0,"event_name":"Addict","player_choice":"Obtained Relic","floor":28.0,"gold_loss":85.0,"damage_taken":0.0,"relics_obtained":["Ornamental Fan"]},{"damage_healed":0.0,"max_hp_gain":0.0,"max_hp_loss":0.0,"gold_gain":0.0,"event_name":"Mysterious Sphere","player_choice":"Ignored","floor":36.0,"gold_loss":0.0,"damage_taken":0.0},{"damage_healed":0.0,"max_hp_gain":0.0,"max_hp_loss":5.0,"gold_gain":0.0,"event_name":"Winding Halls","player_choice":"Max HP","floor":37.0,"gold_loss":0.0,"damage_taken":0.0},{"damage_healed":0.0,"max_hp_gain":0.0,"max_hp_loss":0.0,"gold_gain":0.0,"event_name":"Tomb of Lord Red Mask","player_choice":"Paid","floor":46.0,"gold_loss":146.0,"damage_taken":0.0,"relics_obtained":["Red Mask"]}],"is_beta":false,"boss_relics":[{"not_picked":["Black Star","FrozenCore"],"picked":"Cursed Key"},{"not_picked":["Runic Dome","Philosopher\u0027s Stone"],"picked":"Empty Cage"}],"items_purged_floors":[14,22,44],"is_endless":false,"potions_floor_spawned":[4,8,13,16,18,19,20,25,31,41],"ascension_level":0}