{"gold_per_floor":[117,117,117,117,68,101,121,153,153,181,200,213,213,39,39,139,139,157,157,167,167,186,186,199,231,231,266,266,286,320,320,320,416,416,435,39,0,14,34,34,68,86,134,159,159,169,169,180,180,180],"floor_reached":51,"playtime":4541,"items_purged":["Strike_R"],"score":1414,"play_id":"032d5b90-7614-4fb1-85e3-d6a4f331ff4c","local_time":"20190130175428","is_ascension_mode":true,"campfire_choices":[{"data":"Whirlwind","floor":13.0,"key":"SMITH"},{"data":"Rampage","floor":15,"key":"SMITH"},{"data":"RitualDagger","floor":23,"key":"SMITH"},{"data":"Inflame","floor":28,"key":"SMITH"},{"data":"Inflame","floor":32,"key":"SMITH"},{"data":"Flame Barrier","floor":40,"key":"SMITH"},{"data":"Shrug It Off","floor":47,"key":"SMITH"},{"data":"Bash","floor":49,"key":"SMITH"}],"neow_cost":"NONE","seed_source_timestamp":236390605086100,"circlet_count":0,"master_deck":["Strike_R","Strike_R","Defend_R","Defend_R","Defend_R+1","Defend_R+1","Bash+1","Flame Barrier+1","Shrug It Off+1","Twin Strike","Rampage+1","Ghostly Armor+1","Whirlwind+1","True Grit+1","Warcry+1","Inflame+1","Offering+1","Double Tap+1","Inflame+1","RitualDagger+1","Offering+1","Battle Trance+1","Exhume+1","Exhume+1","Exhume+1","Shrug It Off+1","Warcry+1","Warcry+1","True Grit+1","Burning Pact+1"],"special_seed":0,"relics":["Burning Blood","NeowsBlessing","Bag of Marbles","Kunai","FossilizedHelix","Toxic Egg 2","Meat on the Bone","Boot","White Beast Statue","Sundial","Self Forming Clay","Strawberry","Frozen Egg 2","Ancient Tea Set","Mark of Pain","Bottled Flame","Red Mask","Du-Vu Doll","Potion Belt","War Paint"],"potions_floor_usage":[25,25,35,50,50],"damage_taken":[{"damage":0.0,"enemies":"Small Slimes","floor":1.0,"turns":1.0},{"damage":0.0,"enemies":"3 Sentries","floor":6.0,"turns":2.0},{"damage":0.0,"enemies":"Jaw Worm","floor":7.0,"turns":1.0},{"damage":26.0,"enemies":"Lagavulin","floor":8.0,"turns":9.0},{"damage":0.0,"enemies":"Gremlin Nob","floor":10.0,"turns":4.0},{"damage":0.0,"enemies":"Cultist","floor":11.0,"turns":3.0},{"damage":0.0,"enemies":"Exordium Thugs","floor":12.0,"turns":6.0},{"damage":8,"enemies":"Slime Boss","floor":16,"turns":7},{"damage":0,"enemies":"Chosen","floor":18,"turns":4},{"damage":16,"enemies":"Spheric Guardian","floor":20,"turns":4},{"damage":9,"enemies":"Snake Plant","floor":22,"turns":4},{"damage":6,"enemies":"Sentry and Sphere","floor":24,"turns":2},{"damage":29,"enemies":"Book of Stabbing","floor":25,"turns":5},{"damage":6,"enemies":"Gremlin Leader","floor":27,"turns":7},{"damage":6,"enemies":"Cultist and Chosen","floor":29,"turns":2},{"damage":12,"enemies":"Book of Stabbing","floor":30,"turns":6},{"damage":6,"enemies":"Collector","floor":33,"turns":4},{"damage":18,"enemies":"3 Shapes","floor":35,"turns":8},{"damage":0,"enemies":"Orb Walker","floor":38,"turns":1},{"damage":56,"enemies":"Transient","floor":39,"turns":5},{"damage":6,"enemies":"Reptomancer","floor":41,"turns":3},{"damage":0,"enemies":"Maw","floor":42,"turns":1},{"damage":6,"enemies":"Nemesis","floor":44,"turns":1},{"damage":0,"enemies":"Jaw Worm Horde","floor":46,"turns":3},{"damage":0,"enemies":"4 Shapes","floor":48,"turns":4},{"damage":0,"enemies":"Donu and Deca","floor":50,"turns":2}],"seed_played":"3886626527970107142","potions_obtained":[{"floor":7.0,"key":"SkillPotion"},{"floor":8.0,"key":"SkillPotion"},{"floor":11.0,"key":"SmokeBomb"},{"floor":12.0,"key":"FearPotion"},{"floor":18,"key":"Explosive Potion"},{"floor":20,"key":"GamblersBrew"},{"floor":24,"key":"Strength Potion"},{"floor":25,"key":"Dexterity Potion"},{"floor":27,"key":"Poison Potion"},{"floor":29,"key":"GamblersBrew"},{"floor":30,"key":"SteroidPotion"},{"floor":33,"key":"Regen Potion"},{"floor":35,"key":"SteroidPotion"},{"floor":38,"key":"SkillPotion"},{"floor":39,"key":"AttackPotion"},{"floor":44,"key":"AttackPotion"},{"floor":46,"key":"Swift Potion"},{"floor":48,"key":"LiquidBronze"}],"is_trial":false,"path_per_floor":["M","?","T","?","$","E","M","E","T","E","M","M","R","$","R","B",null,"M","?","M","?","M","R","M","E","T","E","R","M","E","T","R","B",null,"M","$","?","M","M","R","E","M","T","E","?","M","R","M","R","B",null],"character_chosen":"IRONCLAD","items_purchased":["Shrug It Off","Inflame","Offering+1","Bottled Flame","Exhume+1"],"campfire_rested":0,"item_purchase_floors":[5,14,14,36,36],"current_hp_per_floor":[78,71,71,64,64,70,76,56,56,62,68,74,74,74,74,72,78,80,74,64,64,61,61,61,50,50,57,57,57,51,51,51,51,78,80,80,80,86,48,48,60,66,66,66,66,72,72,78,78,84],"gold":180,"neow_bonus":"THREE_ENEMY_KILL","is_prod":false,"is_daily":false,"chose_seed":false,"campfire_upgraded":8,"win_rate":0,"timestamp":1548867268,"path_taken":["M","?","?","?","?","E","?","E","T","E","M","M","R","$","R","BOSS","M","?","M","?","M","R","M","E","T","E","R","?","E","?","R","BOSS","M","$","?","M","M","R","E","M","T","E","?","M","R","M","R","BOSS"],"build_version":"2019-01-23","purchased_purges":1,"victory":true,"max_hp_per_floor":[80,80,80,80,80,80,80,80,80,80,80,80,80,80,80,80,80,80,80,80,80,80,80,80,80,80,87,87,87,87,87,87,87,87,87,87,87,87,87,87,87,87,87,87,87,87,87,87,87,87],"card_choices":[{"not_picked":["Cleave","Armaments"],"picked":"Flame Barrier","floor":1.0},{"not_picked":["Intimidate","Thunderclap"],"picked":"Twin Strike","floor":6.0},{"not_picked":["Iron Wave","Anger"],"picked":"Rampage","floor":7.0},{"not_picked":["Thunderclap","Clash"],"picked":"Ghostly Armor","floor":8.0},{"not_picked":["Feed","Ghostly Armor+1"],"picked":"Whirlwind","floor":10.0},{"not_picked":["Flex+1","Pommel Strike"],"picked":"True Grit+1","floor":11.0},{"not_picked":["Hemokinesis","Anger"],"picked":"Warcry+1","floor":12.0},{"not_picked":["Fiend Fire","Barricade"],"picked":"Double Tap+1","floor":16},{"not_picked":["Entrench+1","Sword Boomerang+1"],"picked":"Inflame","floor":18},{"not_picked":["Flex+1","Armaments+1","Clash"],"picked":"SKIP","floor":20},{"not_picked":["True Grit+1","Iron Wave","Clash"],"picked":"SKIP","floor":22},{"not_picked":["Clash","Armaments+1","Perfected Strike+1"],"picked":"SKIP","floor":24},{"not_picked":["Cleave","Infernal Blade+1","Rampage"],"picked":"SKIP","floor":25},{"not_picked":["Inflame","Flex+1"],"picked":"Battle Trance+1","floor":27},{"not_picked":["Power Through+1","Rupture+1","Iron Wave"],"picked":"SKIP","floor":29},{"not_picked":["Havoc+1","Rage+1"],"picked":"Exhume+1","floor":30},{"not_picked":["Brutality+1","Reaper"],"picked":"Exhume+1","floor":33},{"not_picked":["Second Wind+1","Feel No Pain+1","Hemokinesis+1"],"picked":"SKIP","floor":35},{"not_picked":["Headbutt+1","Pummel+1","Dropkick"],"picked":"SKIP","floor":38},{"not_picked":["Clash","Perfected Strike"],"picked":"Shrug It Off+1","floor":39},{"not_picked":["Perfected Strike+1","Brutality+1"],"picked":"Warcry+1","floor":41},{"not_picked":["Reckless Charge","Power Through+1"],"picked":"Warcry+1","floor":42},{"not_picked":["Metallicize+1","Wild Strike"],"picked":"True Grit+1","floor":44},{"not_picked":["Seeing Red+1","True Grit+1","Sentinel+1"],"picked":"SKIP","floor":46},{"not_picked":["Battle Trance+1","Carnage","Cleave"],"picked":"SKIP","floor":48}],"player_experience":207187,"relics_obtained":[{"floor":3.0,"key":"Kunai"},{"floor":6.0,"key":"FossilizedHelix"},{"floor":8.0,"key":"Toxic Egg 2"},{"floor":9.0,"key":"Meat on the Bone"},{"floor":10.0,"key":"Boot"},{"floor":25,"key":"Sundial"},{"floor":26,"key":"Self Forming Clay"},{"floor":27,"key":"Strawberry"},{"floor":30,"key":"Frozen Egg 2"},{"floor":31,"key":"Ancient Tea Set"},{"floor":41,"key":"Du-Vu Doll"},{"floor":43,"key":"Potion Belt"},{"floor":44,"key":"War Paint"}],"event_choices":[{"damage_healed":0.0,"max_hp_gain":0.0,"max_hp_loss":0.0,"gold_gain":0.0,"event_name":"Scrap Ooze","player_choice":"Success","floor":2.0,"gold_loss":0.0,"damage_taken":7.0,"relics_obtained":["Bag of Marbles"]},{"cards_removed":["Strike_R"],"damage_healed":0.0,"max_hp_gain":0.0,"max_hp_loss":0.0,"gold_gain":0.0,"event_name":"Golden Wing","player_choice":"Card Removal","floor":4.0,"gold_loss":0.0,"damage_taken":7.0},{"damage_healed":0,"gold_gain":0,"player_choice":"Joined the Cult","damage_taken":6,"max_hp_gain":0,"max_hp_loss":0,"event_name":"Nest","floor":19,"gold_loss":0,"cards_obtained":["RitualDagger"]},{"damage_healed":0,"gold_gain":0,"player_choice":"Copied","damage_taken":0,"max_hp_gain":0,"max_hp_loss":0,"event_name":"Duplicator","floor":21,"gold_loss":0,"cards_obtained":["Offering"]},{"damage_healed":0,"gold_gain":0,"player_choice":"Paid","damage_taken":0,"relics_obtained":["Red Mask"],"max_hp_gain":0,"max_hp_loss":0,"event_name":"Tomb of Lord Red Mask","floor":37,"gold_loss":39},{"damage_healed":0,"gold_gain":0,"cards_transformed":["Strike_R"],"player_choice":"Transformed","damage_taken":0,"max_hp_gain":0,"max_hp_loss":0,"event_name":"Transmorgrifier","floor":45,"gold_loss":0,"cards_obtained":["Burning Pact"]}],"is_beta":false,"boss_relics":[{"not_picked":["Pandora\u0027s Box","Fusion Hammer"],"picked":"White Beast Statue"},{"not_picked":["Black Blood","Calling Bell"],"picked":"Mark of Pain"}],"items_purged_floors":[36],"is_endless":false,"potions_floor_spawned":[7,8,11,12,18,20,22,24,25,27,29,30,33,35,38,39,41,42,44,46,48],"ascension_level":8}