{"gold_per_floor":[116,116,291,366,378,378,397,43,43,43,53,53,67,40,40,143,143,161,161,172,172,86,96,106,106,130,141,141,153,204,221,221,319,319,339,339,24,41,41,41,57,57,82,100,5,18,18,32,32,32],"floor_reached":51,"playtime":4961,"items_purged":["Doubt"],"score":616,"play_id":"8330b176-f6a2-40de-935c-b568bda867e5","local_time":"20180811195516","is_ascension_mode":false,"campfire_choices":[{"data":"Defragment","floor":6,"key":"SMITH"},{"data":"Self Repair","floor":10,"key":"SMITH"},{"data":"Zap","floor":12,"key":"SMITH"},{"data":"Conserve Battery","floor":15,"key":"SMITH"},{"floor":25,"key":"REST"},{"floor":32,"key":"REST"},{"floor":40,"key":"REST"},{"floor":49,"key":"REST"}],"neow_cost":"TEN_PERCENT_HP_LOSS","seed_source_timestamp":2505273113434,"circlet_count":0,"master_deck":["Strike_B","Strike_B","Defend_B","Defend_B","Defend_B","Defend_B","Zap+1","Dualcast","Multi-Cast+1","Leap","Defragment+1","Ball Lightning","Self Repair+1","Conserve Battery+1","Skim+1","Echo Form","Turbo+1","Seek+1","Steam Power+1","Jack Of All Trades+1","Chill+1","Undo+1","Redo+1","Auto Shields+1","Redo+1","Leap+1","Tempest+1","Conserve Battery+1","Reboot+1","Loop","Hologram+1","Leap+1","Hologram+1","Force Field+1","Hologram+1","Capacitor","Coolheaded+1","Cold Snap+1","Coolheaded+1","Defragment"],"relics":["Cracked Core","DataDisk","Toxic Egg 2","Fusion Hammer","Happy Flower","Enchiridion","Dream Catcher","Philosopher\u0027s Stone","Mummified Hand","Potion Belt"],"potions_floor_usage":[16,29,33,50,50,50,50,50],"damage_taken":[{"damage":0,"enemies":"2 Louse","floor":1,"turns":2},{"damage":0,"enemies":"Jaw Worm","floor":5,"turns":3},{"damage":5,"enemies":"Small Slimes","floor":7,"turns":3},{"damage":0,"enemies":"Looter","floor":11,"turns":2},{"damage":1,"enemies":"Red Slaver","floor":13,"turns":2},{"damage":25,"enemies":"Hexaghost","floor":16,"turns":8},{"damage":3,"enemies":"Shell Parasite","floor":18,"turns":4},{"damage":14,"enemies":"2 Thieves","floor":20,"turns":5},{"damage":0,"enemies":"Cultist and Chosen","floor":23,"turns":5},{"damage":0,"enemies":"Snake Plant","floor":24,"turns":2},{"damage":0,"enemies":"Sentry and Sphere","floor":27,"turns":6},{"damage":0,"enemies":"3 Cultists","floor":29,"turns":5},{"damage":6,"enemies":"Snake Plant","floor":31,"turns":5},{"damage":34,"enemies":"Automaton","floor":33,"turns":12},{"damage":3,"enemies":"3 Darklings","floor":35,"turns":5},{"damage":0,"enemies":"Flame Bruiser 1 Orb","floor":38,"turns":5},{"damage":0,"enemies":"3 Darklings","floor":41,"turns":5},{"damage":2,"enemies":"Maw","floor":44,"turns":4},{"damage":0,"enemies":"Spire Growth","floor":46,"turns":4},{"damage":9,"enemies":"Flame Bruiser 2 Orb","floor":48,"turns":5},{"damage":3,"enemies":"Donu and Deca","floor":50,"turns":11}],"seed_played":"157291573512127677","potions_obtained":[{"floor":5,"key":"Ancient Potion"},{"floor":13,"key":"Strength Potion"},{"floor":18,"key":"Swift Potion"},{"floor":23,"key":"SpeedPotion"},{"floor":31,"key":"SpeedPotion"},{"floor":38,"key":"Fire Potion"},{"floor":46,"key":"GamblersBrew"},{"floor":48,"key":"Fire Potion"}],"is_trial":false,"path_per_floor":["M","?","?","?","M","R","M","$","T","R","M","R","M","$","R","B",null,"M","?","M","?","$","M","M","R","T","M","?","M","T","M","R","B",null,"M","?","$","M","$","R","M","$","T","M","$","M","?","M","R","B"],"character_chosen":"DEFECT","items_purchased":["DataDisk","Self Repair","Conserve Battery","Turbo+1","Undo+1","Redo+1","Hologram+1","Leap+1","Mummified Hand","Capacitor","Coolheaded+1"],"campfire_rested":4,"item_purchase_floors":[8,8,8,14,22,22,37,37,37,45,45],"current_hp_per_floor":[68,68,68,57,57,57,52,52,52,52,52,52,51,51,51,36,68,68,68,68,68,68,68,68,68,68,68,52,62,62,68,68,44,68,68,68,68,68,68,68,68,68,68,68,68,68,68,68,68,68],"gold":32,"neow_bonus":"THREE_RARE_CARDS","is_prod":false,"is_daily":false,"chose_seed":false,"campfire_upgraded":4,"win_rate":0,"timestamp":1534031716,"path_taken":["M","?","?","?","M","R","M","$","T","R","M","R","M","$","R","BOSS","M","?","M","?","$","M","M","R","T","M","?","M","?","M","R","BOSS","M","?","$","M","?","R","M","$","T","?","$","M","?","M","R","BOSS"],"build_version":"2018-08-09","purchased_purges":1,"victory":true,"max_hp_per_floor":[68,68,68,68,68,68,68,68,68,68,68,68,68,68,68,68,68,68,68,68,68,68,68,68,68,68,68,68,68,68,68,68,68,68,68,68,68,68,68,68,68,68,68,68,68,68,68,68,68,68],"card_choices":[{"not_picked":["All For One","Rainbow"],"picked":"Multi-Cast","floor":0},{"not_picked":["Barrage","Compile Driver"],"picked":"Leap","floor":1},{"not_picked":["Genetic Algorithm","Coolheaded"],"picked":"Defragment","floor":5},{"not_picked":["Capacitor","Static Discharge"],"picked":"Ball Lightning","floor":7},{"not_picked":["Darkness+1","Gash"],"picked":"Skim+1","floor":11},{"not_picked":["Cold Snap","Steam+1"],"picked":"Echo Form","floor":13},{"not_picked":["Machine Learning","Core Surge"],"picked":"Seek+1","floor":16},{"not_picked":["Barrage","Beam Cell"],"picked":"Steam Power+1","floor":18},{"not_picked":["Stack+1","Steam+1"],"picked":"Chill+1","floor":20},{"not_picked":["Darkness+1","Cold Snap"],"picked":"Auto Shields+1","floor":23},{"not_picked":["Ball Lightning","Sweeping Beam+1"],"picked":"Redo+1","floor":24},{"not_picked":["Go for the Eyes","Sweeping Beam","Ball Lightning+1"],"picked":"SKIP","floor":27},{"not_picked":["Stack+1","Sweeping Beam"],"picked":"Leap+1","floor":29},{"not_picked":["Streamline","Hyperbeam"],"picked":"Tempest+1","floor":31},{"not_picked":["Steam+1","Static Discharge"],"picked":"Conserve Battery+1","floor":32},{"not_picked":["Rainbow+1","Biased Cognition"],"picked":"Reboot+1","floor":33},{"not_picked":["Reinforced Body+1","Sunder+1"],"picked":"Loop","floor":35},{"not_picked":["Force Field+1","Streamline"],"picked":"Hologram+1","floor":38},{"not_picked":["Steam Power+1","Ball Lightning"],"picked":"Force Field+1","floor":40},{"not_picked":["Genetic Algorithm+1","Sunder","Rebound+1"],"picked":"SKIP","floor":41},{"not_picked":["Steam+1","Streamline+1"],"picked":"Hologram+1","floor":44},{"not_picked":["Rebound","Steam+1"],"picked":"Cold Snap+1","floor":46},{"not_picked":["Conserve Battery+1","Undo+1"],"picked":"Coolheaded+1","floor":48},{"not_picked":["Undo+1","Compile Driver+1"],"picked":"Defragment","floor":49}],"player_experience":2100396,"relics_obtained":[{"floor":9,"key":"Toxic Egg 2"},{"floor":26,"key":"Happy Flower"},{"floor":28,"key":"Enchiridion"},{"floor":30,"key":"Dream Catcher"},{"floor":43,"key":"Potion Belt"}],"event_choices":[{"event_name":"Living Wall","player_choice":"Grow","floor":2,"damage_taken":0},{"event_name":"Liars Game","player_choice":"agreed","floor":3,"damage_taken":0},{"event_name":"World of Goop","player_choice":"Gather Gold","floor":4,"damage_taken":0},{"event_name":"Match and Keep!","player_choice":"1 cards matched","floor":19,"damage_taken":0},{"event_name":"Purifier","player_choice":"One Purge","floor":21,"damage_taken":0},{"event_name":"Cursed Tome","player_choice":"Obtained Book","floor":28,"damage_taken":0},{"event_name":"Tomb of Lord Red Mask","player_choice":"Ignored","floor":36,"damage_taken":0},{"event_name":"Falling","player_choice":"Removed Attack","floor":47,"damage_taken":0}],"is_beta":false,"boss_relics":[{"not_picked":["FrozenCore","Busted Crown"],"picked":"Fusion Hammer"},{"not_picked":["Empty Cage","Snecko Eye"],"picked":"Philosopher\u0027s Stone"}],"items_purged_floors":[8],"is_endless":false,"potions_floor_spawned":[5,13,18,23,31,38,46,48],"ascension_level":0}