{"gold_per_floor":[112,162,9,26,38,38,54,54,54,88,88,106,6,17,17,94,94,113,113,73],"floor_reached":20,"playtime":1882,"items_purged":["Strike_G","Strike_G"],"score":348,"play_id":"40ecbd54-2139-4739-bb68-8a842310b767","local_time":"20190207090224","is_ascension_mode":true,"campfire_choices":[{"data":"Poisoned Stab","floor":6.0,"key":"SMITH"},{"data":"Neutralize","floor":8,"key":"SMITH"},{"data":"Backstab","floor":11,"key":"SMITH"},{"data":"Footwork","floor":15,"key":"SMITH"}],"neow_cost":"TEN_PERCENT_HP_LOSS","seed_source_timestamp":0,"circlet_count":0,"master_deck":["AscendersBane","Defend_G","Defend_G","Defend_G","Defend_G","Defend_G","Strike_G","Survivor","Neutralize+1","Footwork+1","Poisoned Stab+1","Slice","Dagger Throw","Cloak And Dagger","Backstab+1","All Out Attack","Die Die Die","Backflip"],"special_seed":0,"relics":["Ring of the Snake","Bottled Tornado","Shovel","Snecko Eye","MutagenicStrength"],"potions_floor_usage":[7,10,16,16],"damage_taken":[{"damage":1.0,"enemies":"Cultist","floor":1.0,"turns":5.0},{"damage":0.0,"enemies":"2 Louse","floor":4.0,"turns":4.0},{"damage":5.0,"enemies":"Small Slimes","floor":5.0,"turns":4.0},{"damage":3,"enemies":"Gremlin Gang","floor":7,"turns":8},{"damage":12,"enemies":"3 Sentries","floor":10,"turns":12},{"damage":6,"enemies":"Exordium Wildlife","floor":12,"turns":5},{"damage":0,"enemies":"3 Louse","floor":14,"turns":3},{"damage":10,"enemies":"The Guardian","floor":16,"turns":18},{"damage":40,"enemies":"Spheric Guardian","floor":18,"turns":13},{"damage":9,"enemies":"2 Thieves","floor":20,"turns":1}],"seed_played":"1976672856981498973","potions_obtained":[{"floor":1.0,"key":"Dexterity Potion"},{"floor":7,"key":"SkillPotion"},{"floor":14,"key":"AttackPotion"},{"floor":16,"key":"SteroidPotion"}],"is_trial":false,"path_per_floor":["M","?","$","M","M","R","M","R","T","E","R","M","$","M","R","B",null,"M","?","M"],"character_chosen":"THE_SILENT","items_purchased":["Poisoned Stab","Fire Potion"],"campfire_rested":0,"item_purchase_floors":[3,3],"current_hp_per_floor":[58,52,52,52,47,47,44,44,44,32,32,26,26,26,26,16,49,9,9,0],"gold":73,"neow_bonus":"REMOVE_TWO","is_prod":false,"is_daily":false,"chose_seed":false,"campfire_upgraded":4,"win_rate":0,"timestamp":1549526544,"path_taken":["M","?","$","M","?","R","M","R","T","E","R","?","$","M","R","BOSS","M","?","M"],"build_version":"2019-01-23","purchased_purges":2,"victory":false,"max_hp_per_floor":[60,60,60,60,60,60,60,60,60,60,60,60,60,60,60,60,60,60,60,60],"card_choices":[{"not_picked":["Sucker Punch","Masterful Stab"],"picked":"Footwork","floor":1.0},{"not_picked":["Blur","Sucker Punch"],"picked":"Slice","floor":4.0},{"not_picked":["Backflip","Accuracy"],"picked":"Dagger Throw","floor":5.0},{"not_picked":["Sucker Punch","Finisher"],"picked":"Cloak And Dagger","floor":7},{"not_picked":["Dagger Throw","Catalyst"],"picked":"Backstab","floor":10},{"not_picked":["Accuracy","Underhanded Strike","Poisoned Stab"],"picked":"SKIP","floor":12},{"not_picked":["Dagger Throw","Tactician"],"picked":"All Out Attack","floor":14},{"not_picked":["Grand Finale","Storm of Steel"],"picked":"Die Die Die","floor":16},{"not_picked":["Tactician","Distraction"],"picked":"Backflip","floor":18}],"player_experience":451525,"relics_obtained":[{"floor":9,"key":"Bottled Tornado"},{"floor":10,"key":"Shovel"}],"event_choices":[{"damage_healed":0.0,"max_hp_gain":0.0,"max_hp_loss":0.0,"gold_gain":50.0,"event_name":"FaceTrader","player_choice":"Touch","floor":2.0,"gold_loss":0.0,"damage_taken":6.0},{"damage_healed":0,"gold_gain":0,"player_choice":"Inject Mutagens","damage_taken":0,"relics_obtained":["MutagenicStrength"],"max_hp_gain":0,"max_hp_loss":0,"event_name":"Drug Dealer","floor":19,"gold_loss":0}],"is_beta":false,"boss_relics":[{"not_picked":["Busted Crown","Orrery"],"picked":"Snecko Eye"}],"items_purged_floors":[3,13],"is_endless":false,"potions_floor_spawned":[1,7,14,16],"killed_by":"2 Thieves","ascension_level":20}