{"gold_per_floor":[115,37,49,49,65,65,98,98,123,142,142,152,77,93,93,189,189,202,167,217,227,227,227,82,97,121,150,163,163,189,239,239,336,336,356,406,406],"floor_reached":38,"playtime":1461,"items_purged":["Strike_B","Strike_B"],"score":637,"play_id":"d6cd538e-9537-41ed-903b-93bddcb63594","local_time":"20190201220541","is_ascension_mode":false,"campfire_choices":[{"data":"Defragment","floor":6.0,"key":"SMITH"},{"data":"Dualcast","floor":8.0,"key":"SMITH"},{"data":"Zap","floor":15.0,"key":"SMITH"},{"data":"Capacitor","floor":23.0,"key":"SMITH"},{"floor":29,"key":"REST"},{"data":"Defragment","floor":32,"key":"SMITH"}],"neow_cost":"NONE","seed_source_timestamp":3377367451433014,"circlet_count":0,"master_deck":["Zap+1","Dualcast+1","Cold Snap","Defragment+1","Capacitor+1","Capacitor","Undo","Conserve Battery","Skim+1","Coolheaded+1","Rainbow+1","Ball Lightning","Conserve Battery","Fusion+1","Blizzard+1","Stack+1","Defragment+1","Seek","Seek","Rainbow","Go for the Eyes"],"special_seed":0,"relics":["Cracked Core","Potion Belt","Ancient Tea Set","SsserpentHead","Astrolabe","Bronze Scales","DataDisk","Anchor","Blue Candle","Turnip","Pandora\u0027s Box"],"potions_floor_usage":[37,37,37,37,37],"damage_taken":[{"damage":0.0,"enemies":"2 Louse","floor":1.0,"turns":3.0},{"damage":3.0,"enemies":"Cultist","floor":3.0,"turns":3.0},{"damage":3.0,"enemies":"Small Slimes","floor":5.0,"turns":3.0},{"damage":9.0,"enemies":"3 Sentries","floor":7.0,"turns":9.0},{"damage":12.0,"enemies":"Exordium Thugs","floor":10.0,"turns":5.0},{"damage":0.0,"enemies":"3 Louse","floor":12.0,"turns":3.0},{"damage":5.0,"enemies":"Looter","floor":14.0,"turns":3.0},{"damage":31.0,"enemies":"Hexaghost","floor":16.0,"turns":15.0},{"damage":19.0,"enemies":"2 Thieves","floor":18.0,"turns":3.0},{"damage":4.0,"enemies":"Shell Parasite","floor":21.0,"turns":5.0},{"damage":11.0,"enemies":"Shelled Parasite and Fungi","floor":25.0,"turns":3.0},{"damage":17.0,"enemies":"Gremlin Leader","floor":27.0,"turns":7.0},{"damage":6,"enemies":"Cultist and Chosen","floor":28,"turns":5},{"damage":0,"enemies":"Book of Stabbing","floor":30,"turns":5},{"damage":17,"enemies":"Automaton","floor":33,"turns":9},{"damage":0,"enemies":"3 Shapes","floor":35,"turns":5},{"damage":2,"enemies":"Donu and Deca","floor":37,"turns":9}],"seed_played":"-4586720144223906676","potions_obtained":[{"floor":4.0,"key":"FearPotion"},{"floor":4.0,"key":"Fruit Juice"},{"floor":4.0,"key":"Explosive Potion"},{"floor":5.0,"key":"Swift Potion"},{"floor":12.0,"key":"FairyPotion"},{"floor":14.0,"key":"Poison Potion"},{"floor":16.0,"key":"FocusPotion"},{"floor":27.0,"key":"GamblersBrew"},{"floor":30,"key":"AttackPotion"},{"floor":33,"key":"Swift Potion"}],"is_trial":false,"path_per_floor":["M","$","M","?","M","R","E","R","T","M","?","M","$","M","R","B",null,"M","?","?","M","$","R","$","M","T","E","M","R","E","?","R","B",null,"M","?","B",null],"character_chosen":"DEFECT","items_purchased":["Defragment","Conserve Battery"],"campfire_rested":1,"item_purchase_floors":[2,24],"current_hp_per_floor":[82,82,79,84,81,81,72,72,72,60,60,60,60,55,55,24,87,68,68,68,64,64,64,64,53,53,36,30,56,56,56,56,39,87,87,87,85],"gold":406,"neow_bonus":"TEN_PERCENT_HP_BONUS","is_prod":false,"is_daily":false,"chose_seed":false,"campfire_upgraded":5,"win_rate":0,"timestamp":1549058741,"path_taken":["M","$","M","?","?","R","E","R","T","M","?","M","$","M","R","BOSS","M","?","?","M","$","R","$","M","T","E","M","R","E","?","R","BOSS","M","?","BOSS"],"build_version":"2019-01-23","purchased_purges":2,"victory":true,"max_hp_per_floor":[82,82,82,87,87,87,87,87,87,87,87,87,87,87,87,87,87,87,87,87,87,87,87,87,87,87,87,87,87,87,87,87,87,87,87,87,87],"card_choices":[{"not_picked":["Loop","Gash"],"picked":"Cold Snap","floor":1.0},{"not_picked":["Conserve Battery","Genetic Algorithm"],"picked":"Capacitor","floor":3.0},{"not_picked":["Chaos","Leap"],"picked":"Capacitor","floor":5.0},{"not_picked":["Cold Snap","Stack"],"picked":"Undo","floor":7.0},{"not_picked":["Cold Snap","Redo"],"picked":"Conserve Battery","floor":10.0},{"not_picked":["Redo","Doom and Gloom","Cold Snap"],"picked":"SKIP","floor":12.0},{"not_picked":["Redo","Heatsinks","Recycle"],"picked":"SKIP","floor":14.0},{"not_picked":["Rip and Tear+1","Sunder","Rebound+1"],"picked":"SKIP","floor":18.0},{"not_picked":["Stack","Sweeping Beam"],"picked":"Ball Lightning","floor":21.0},{"not_picked":["Redo+1","Hologram"],"picked":"Fusion+1","floor":25.0},{"not_picked":["Melter","Chaos"],"picked":"Blizzard+1","floor":27.0},{"not_picked":["Doom and Gloom","Hologram"],"picked":"Stack+1","floor":28},{"not_picked":["Streamline+1","White Noise","Skim"],"picked":"SKIP","floor":30},{"not_picked":["Thunder Strike","Reboot"],"picked":"Seek","floor":33},{"not_picked":["Consume+1","Steam","Hologram"],"picked":"SKIP","floor":35}],"player_experience":1012027,"relics_obtained":[{"floor":7.0,"key":"Potion Belt"},{"floor":9.0,"key":"Ancient Tea Set"},{"floor":26.0,"key":"Anchor"},{"floor":27.0,"key":"Blue Candle"},{"floor":30,"key":"Turnip"}],"event_choices":[{"damage_healed":0.0,"max_hp_gain":0.0,"max_hp_loss":0.0,"gold_gain":0.0,"event_name":"Lab","player_choice":"Got Potions","floor":4.0,"gold_loss":0.0,"damage_taken":0.0},{"damage_healed":0.0,"max_hp_gain":0.0,"max_hp_loss":0.0,"gold_gain":0.0,"event_name":"FaceTrader","player_choice":"Trade","floor":11.0,"gold_loss":0.0,"damage_taken":0.0,"relics_obtained":["SsserpentHead"]},{"damage_healed":0.0,"max_hp_gain":0.0,"max_hp_loss":0.0,"gold_gain":0.0,"event_name":"Addict","player_choice":"Obtained Relic","floor":19.0,"gold_loss":85.0,"damage_taken":0.0,"relics_obtained":["Bronze Scales"]},{"damage_healed":0.0,"max_hp_gain":0.0,"max_hp_loss":0.0,"gold_gain":0.0,"event_name":"The Mausoleum","player_choice":"Opened","floor":20.0,"gold_loss":0.0,"damage_taken":0.0,"relics_obtained":["DataDisk"]},{"damage_healed":0,"gold_gain":0,"player_choice":"Read","damage_taken":0,"max_hp_gain":0,"max_hp_loss":0,"event_name":"The Library","floor":31,"gold_loss":0,"cards_obtained":["Defragment"]},{"damage_healed":0,"gold_gain":0,"player_choice":"Took Portal","damage_taken":0,"max_hp_gain":0,"max_hp_loss":0,"event_name":"SecretPortal","floor":36,"gold_loss":0}],"is_beta":false,"boss_relics":[{"not_picked":["Ectoplasm","White Beast Statue"],"picked":"Astrolabe"},{"not_picked":["Busted Crown","Runic Dome"],"picked":"Pandora\u0027s Box"}],"items_purged_floors":[13,24],"is_endless":false,"potions_floor_spawned":[5,12,14,16,27,30,33],"ascension_level":0}