{"gold_per_floor":[117,5,20,37,55,55,67,82,82,82,111,111,136,163,163,267,267,247,247,257,275,288,288,319,319,319,319],"floor_reached":27,"playtime":2856,"items_purged":[],"score":457,"play_id":"270ef9e5-5a74-4cc5-8da4-43e3f7465209","local_time":"20190201134023","is_ascension_mode":true,"campfire_choices":[{"data":"Bash","floor":6,"key":"SMITH"},{"data":"Flame Barrier","floor":10,"key":"SMITH"},{"data":"Shockwave","floor":12,"key":"SMITH"},{"data":"Pommel Strike","floor":15,"key":"SMITH"},{"floor":23,"key":"REST"},{"floor":25,"key":"REST"}],"neow_cost":"NONE","seed_source_timestamp":395710562380400,"circlet_count":0,"master_deck":["AscendersBane","Strike_R","Strike_R","Defend_R","Defend_R","Defend_R","Defend_R","Bash+1","Battle Trance","Shrug It Off","Flame Barrier+1","Pommel Strike+1","Cleave","Shrug It Off","Shrug It Off","Impervious","Shockwave+1","Barricade","Carnage+1","Dual Wield+1","Pommel Strike+1","Shrug It Off","Demon Form"],"relics":["Burning Blood","Shovel","Incense Burner","Odd Mushroom","Paper Frog","Astrolabe","Nunchaku","Smiling Mask"],"potions_floor_usage":[5,11,14,22,24],"damage_taken":[{"damage":1,"enemies":"Cultist","floor":1,"turns":3},{"damage":0,"enemies":"Jaw Worm","floor":3,"turns":5},{"damage":0,"enemies":"Small Slimes","floor":4,"turns":4},{"damage":10,"enemies":"Gremlin Gang","floor":5,"turns":6},{"damage":15,"enemies":"Exordium Thugs","floor":7,"turns":6},{"damage":0,"enemies":"Blue Slaver","floor":8,"turns":5},{"damage":10,"enemies":"Lagavulin","floor":11,"turns":11},{"damage":11,"enemies":"The Mushroom Lair","floor":13,"turns":5},{"damage":0,"enemies":"3 Sentries","floor":14,"turns":10},{"damage":46,"enemies":"Hexaghost","floor":16,"turns":16},{"damage":14,"enemies":"2 Thieves","floor":18,"turns":4},{"damage":1,"enemies":"Chosen","floor":20,"turns":8},{"damage":48,"enemies":"Centurion and Healer","floor":21,"turns":14},{"damage":2,"enemies":"Shelled Parasite and Fungi","floor":22,"turns":8},{"damage":35,"enemies":"Gremlin Leader","floor":24,"turns":9},{"damage":46,"enemies":"Book of Stabbing","floor":27,"turns":7}],"seed_played":"8741703263854756056","potions_obtained":[{"floor":1,"key":"Energy Potion"},{"floor":7,"key":"Poison Potion"},{"floor":13,"key":"Fire Potion"},{"floor":16,"key":"Swift Potion"},{"floor":18,"key":"Weak Potion"},{"floor":21,"key":"Energy Potion"},{"floor":22,"key":"Ancient Potion"}],"is_trial":false,"path_per_floor":["M","$","M","M","M","R","M","M","T","R","E","R","?","E","R","B",null,"M","?","M","M","M","R","E","R","T","E"],"character_chosen":"IRONCLAD","items_purchased":["Flame Barrier","Pommel Strike"],"campfire_rested":2,"item_purchase_floors":[2,2],"current_hp_per_floor":[77,77,80,80,76,76,67,73,73,73,69,69,64,70,70,30,68,60,60,65,23,27,51,22,46,46,0],"gold":319,"neow_bonus":"THREE_CARDS","is_prod":false,"is_daily":false,"chose_seed":false,"campfire_upgraded":4,"win_rate":0,"timestamp":1549024823,"path_taken":["M","$","M","M","M","R","?","M","T","R","E","R","?","E","R","BOSS","M","?","M","M","?","R","E","R","T","E"],"build_version":"2019-01-23","purchased_purges":0,"victory":false,"max_hp_per_floor":[80,80,80,80,80,80,80,80,80,80,80,80,80,80,80,80,80,80,80,80,80,80,80,80,80,80,80],"card_choices":[{"not_picked":["Armaments","Cleave"],"picked":"Battle Trance","floor":0},{"not_picked":["Disarm","Heavy Blade"],"picked":"Shrug It Off","floor":1},{"not_picked":["Feel No Pain","Clash"],"picked":"Cleave","floor":3},{"not_picked":["Ghostly Armor","Dual Wield"],"picked":"Shrug It Off","floor":4},{"not_picked":["Armaments","Sever Soul","Iron Wave"],"picked":"SKIP","floor":5},{"not_picked":["Iron Wave","Warcry"],"picked":"Shrug It Off","floor":7},{"not_picked":["Clash","Infernal Blade"],"picked":"Impervious","floor":8},{"not_picked":["Headbutt","Reckless Charge"],"picked":"Shockwave","floor":11},{"not_picked":["Perfected Strike","Searing Blow","Clothesline"],"picked":"SKIP","floor":14},{"not_picked":["Immolate","Reaper"],"picked":"Barricade","floor":16},{"not_picked":["Perfected Strike","Blood for Blood+1","Armaments"],"picked":"SKIP","floor":18},{"not_picked":["Warcry","Cleave"],"picked":"Shrug It Off","floor":20},{"not_picked":["Anger","Havoc","Sentinel"],"picked":"SKIP","floor":21},{"not_picked":["Armaments","Inflame"],"picked":"Demon Form","floor":22},{"not_picked":["Evolve","Rampage","Second Wind"],"picked":"SKIP","floor":24}],"player_experience":260717,"relics_obtained":[{"floor":9,"key":"Shovel"},{"floor":11,"key":"Incense Burner"},{"floor":13,"key":"Odd Mushroom"},{"floor":14,"key":"Paper Frog"},{"floor":24,"key":"Nunchaku"},{"floor":26,"key":"Smiling Mask"}],"event_choices":[{"damage_healed":0,"gold_gain":0,"player_choice":"Fought Mushrooms","damage_taken":0,"max_hp_gain":0,"max_hp_loss":0,"event_name":"Mushrooms","floor":13,"gold_loss":0},{"damage_healed":0,"gold_gain":0,"player_choice":"0 cards matched","damage_taken":0,"max_hp_gain":0,"max_hp_loss":0,"event_name":"Match and Keep!","floor":19,"gold_loss":0,"cards_obtained":[]}],"is_beta":false,"boss_relics":[{"not_picked":["Pandora\u0027s Box","Ectoplasm"],"picked":"Astrolabe"}],"items_purged_floors":[],"is_endless":false,"potions_floor_spawned":[1,7,13,16,18,21,22],"killed_by":"Book of Stabbing","ascension_level":12}