{"gold_per_floor":[113,38,49,49,68,68,96,96,96,96,96,140,165,165,165,254,254,268,282,296,311,311,311,352,367,391,391,405,436,436,467,467,561,561,579,579,599,519,543,574,574,615,615,615,615,635,635],"floor_reached":47,"playtime":2315,"items_purged":["Strike_B","Strike_B"],"score":1085,"play_id":"1f43a8cd-fdb9-4abe-93c3-f2593d8bd4b6","local_time":"20190115233310","is_ascension_mode":true,"campfire_choices":[{"data":"Zap","floor":6,"key":"SMITH"},{"floor":11,"key":"REST"},{"data":"Biased Cognition","floor":15,"key":"SMITH"},{"floor":23,"key":"REST"},{"data":"FTL","floor":27,"key":"SMITH"},{"floor":30,"key":"REST"},{"floor":32,"key":"REST"},{"floor":44,"key":"REST"}],"neow_cost":"TEN_PERCENT_HP_LOSS","seed_source_timestamp":518316779439300,"circlet_count":0,"master_deck":["AscendersBane","Defend_B","Defend_B","Defend_B","Defend_B","Zap+1","Dualcast","Biased Cognition+1","Storm","Hologram","Cold Snap","Ball Lightning","White Noise+1","Core Surge","Conserve Battery+1","Coolheaded+1","Skim+1","FTL+1","White Noise+1","Steam+1","Skim+1","Amplify+1","Enlightenment+1","Static Discharge"],"relics":["Cracked Core","Bird Faced Urn","Toxic Egg 2","Kunai","Golden Idol","The Courier","Unceasing Top","Velvet Choker","Mummified Hand","Vajra","Prayer Wheel","FossilizedHelix","Sozu","Dodecahedron","Oddly Smooth Stone"],"potions_floor_usage":[7,12,21],"damage_taken":[{"damage":0,"enemies":"Cultist","floor":1,"turns":3},{"damage":4,"enemies":"2 Louse","floor":3,"turns":3},{"damage":9,"enemies":"Jaw Worm","floor":5,"turns":3},{"damage":30,"enemies":"Lagavulin","floor":7,"turns":7},{"damage":17,"enemies":"Gremlin Nob","floor":12,"turns":4},{"damage":0,"enemies":"2 Fungi Beasts","floor":13,"turns":2},{"damage":0,"enemies":"Slime Boss","floor":16,"turns":4},{"damage":14,"enemies":"Shell Parasite","floor":18,"turns":4},{"damage":6,"enemies":"Spheric Guardian","floor":19,"turns":3},{"damage":19,"enemies":"Snake Plant","floor":20,"turns":3},{"damage":19,"enemies":"Centurion and Healer","floor":21,"turns":5},{"damage":25,"enemies":"Book of Stabbing","floor":24,"turns":5},{"damage":0,"enemies":"Snecko","floor":25,"turns":4},{"damage":6,"enemies":"Chosen and Byrds","floor":28,"turns":5},{"damage":26,"enemies":"Slavers","floor":29,"turns":5},{"damage":19,"enemies":"Book of Stabbing","floor":31,"turns":4},{"damage":47,"enemies":"Collector","floor":33,"turns":10},{"damage":55,"enemies":"3 Darklings","floor":35,"turns":6},{"damage":4,"enemies":"Orb Walker","floor":37,"turns":4},{"damage":0,"enemies":"Maw","floor":39,"turns":8},{"damage":33,"enemies":"Reptomancer","floor":40,"turns":6},{"damage":80,"enemies":"Giant Head","floor":42,"turns":10},{"damage":5,"enemies":"Spire Growth","floor":46,"turns":6},{"damage":51,"enemies":"Nemesis","floor":47,"turns":6}],"seed_played":"8801992144407554252","potions_obtained":[{"floor":1,"key":"SkillPotion"},{"floor":7,"key":"AttackPotion"},{"floor":16,"key":"AttackPotion"},{"floor":20,"key":"Dexterity Potion"},{"floor":21,"key":"FairyPotion"}],"is_trial":false,"path_per_floor":["M","$","M","?","M","R","E","?","T","?","R","E","M","T","R","B",null,"M","M","M","M","?","R","E","M","T","R","M","E","R","E","R","B",null,"M","?","M","$","M","E","?","E","T","R","?","M","E"],"character_chosen":"DEFECT","items_purchased":[],"campfire_rested":5,"item_purchase_floors":[],"current_hp_per_floor":[64,64,60,60,51,51,21,10,10,10,29,16,20,20,20,26,55,47,47,34,21,21,40,21,27,27,27,27,7,26,15,34,3,49,2,52,52,52,52,21,21,7,7,22,22,33,0],"gold":635,"neow_bonus":"THREE_RARE_CARDS","is_prod":false,"is_daily":false,"chose_seed":false,"campfire_upgraded":3,"win_rate":0,"timestamp":1547623990,"path_taken":["M","?","M","?","?","R","E","?","T","?","R","E","M","?","R","BOSS","M","M","M","?","?","R","E","M","T","R","M","E","R","E","R","BOSS","M","?","M","$","M","E","?","E","T","R","?","M","E"],"build_version":"2019-01-10","purchased_purges":2,"victory":false,"max_hp_per_floor":[64,64,64,64,64,64,64,64,64,64,64,64,64,64,64,64,64,64,64,64,64,64,64,64,64,64,64,64,64,64,64,64,64,64,64,52,52,52,52,52,52,52,52,52,52,52,52],"card_choices":[{"not_picked":["Fission","Rainbow"],"picked":"Biased Cognition","floor":0},{"not_picked":["Reprogram","Chill"],"picked":"Storm","floor":1},{"not_picked":["Sweeping Beam","Beam Cell"],"picked":"Hologram","floor":3},{"not_picked":["Steam","Turbo"],"picked":"Cold Snap","floor":5},{"not_picked":["Rebound","Fission","Hologram"],"picked":"SKIP","floor":7},{"not_picked":["Gash","Seek+1"],"picked":"Ball Lightning","floor":12},{"not_picked":["Heatsinks","Stack+1"],"picked":"White Noise+1","floor":13},{"not_picked":["Fission+1","Meteor Strike"],"picked":"Core Surge","floor":16},{"not_picked":["Skim+1","Defragment+1"],"picked":"Conserve Battery+1","floor":18},{"not_picked":["Doom and Gloom","Streamline"],"picked":"Coolheaded+1","floor":19},{"not_picked":["Sunder+1","Conserve Battery+1","Scrape"],"picked":"SKIP","floor":20},{"not_picked":["Aggregate+1","Steam+1","Compile Driver"],"picked":"SKIP","floor":21},{"not_picked":["Aggregate+1","Redo+1"],"picked":"Skim+1","floor":24},{"not_picked":["Streamline","Reinforced Body+1"],"picked":"FTL","floor":25},{"not_picked":["Blizzard","Ball Lightning","Hologram+1"],"picked":"SKIP","floor":28},{"not_picked":["Echo Form","Doom and Gloom"],"picked":"White Noise+1","floor":29},{"not_picked":["Cold Snap","Stack+1","Compile Driver"],"picked":"SKIP","floor":31},{"not_picked":["Streamline","Gash"],"picked":"Steam+1","floor":35},{"not_picked":["Rip and Tear","Conserve Battery+1","Stack+1"],"picked":"SKIP","floor":35},{"not_picked":["Redo+1","Barrage"],"picked":"Skim+1","floor":37},{"not_picked":["Stack+1","Self Repair","Undo+1"],"picked":"SKIP","floor":37},{"not_picked":["Sweeping Beam","Blizzard","Go for the Eyes"],"picked":"SKIP","floor":39},{"not_picked":["Coolheaded+1","Barrage+1","Hello World"],"picked":"SKIP","floor":39},{"not_picked":["Beam Cell+1","Tempest+1"],"picked":"Amplify+1","floor":40},{"not_picked":["Mayhem","Flash of Steel"],"picked":"Enlightenment+1","floor":41},{"not_picked":["Sweeping Beam","Conserve Battery+1","Beam Cell"],"picked":"SKIP","floor":42},{"not_picked":["Coolheaded+1","Recycle+1"],"picked":"Static Discharge","floor":46},{"not_picked":["Rebound+1","Redo+1","Gash"],"picked":"SKIP","floor":46}],"player_experience":1133946,"relics_obtained":[{"floor":7,"key":"Bird Faced Urn"},{"floor":9,"key":"Kunai"},{"floor":12,"key":"The Courier"},{"floor":14,"key":"Unceasing Top"},{"floor":24,"key":"Mummified Hand"},{"floor":26,"key":"Vajra"},{"floor":29,"key":"Prayer Wheel"},{"floor":31,"key":"FossilizedHelix"},{"floor":40,"key":"Dodecahedron"},{"floor":42,"key":"Oddly Smooth Stone"}],"event_choices":[{"cards_removed":["Strike_B"],"damage_healed":0,"gold_gain":0,"player_choice":"Purged","damage_taken":0,"max_hp_gain":0,"max_hp_loss":0,"event_name":"Purifier","floor":4,"gold_loss":0},{"damage_healed":0,"gold_gain":0,"player_choice":"Success","damage_taken":11,"relics_obtained":["Toxic Egg 2"],"max_hp_gain":0,"max_hp_loss":0,"event_name":"Scrap Ooze","floor":8,"gold_loss":0},{"damage_healed":0,"gold_gain":0,"player_choice":"Take Wound","damage_taken":0,"relics_obtained":["Golden Idol"],"max_hp_gain":0,"max_hp_loss":0,"event_name":"Golden Idol","floor":10,"gold_loss":0,"cards_obtained":["Injury"]},{"cards_removed":["Injury"],"damage_healed":0,"gold_gain":0,"player_choice":"Removed Curses","damage_taken":0,"max_hp_gain":0,"max_hp_loss":0,"event_name":"Fountain of Cleansing","floor":22,"gold_loss":0},{"damage_healed":52,"gold_gain":0,"player_choice":"Heal","damage_taken":0,"max_hp_gain":0,"max_hp_loss":12,"event_name":"The Moai Head","floor":36,"gold_loss":0},{"damage_healed":0,"gold_gain":0,"player_choice":"Memory 1","damage_taken":0,"max_hp_gain":0,"max_hp_loss":0,"event_name":"SensoryStone","floor":41,"gold_loss":0},{"cards_removed":["Strike_B"],"damage_healed":0,"gold_gain":0,"player_choice":"Purged","damage_taken":0,"max_hp_gain":0,"max_hp_loss":0,"event_name":"Purifier","floor":45,"gold_loss":0}],"is_beta":false,"boss_relics":[{"not_picked":["Snecko Eye","Lizard Tail"],"picked":"Velvet Choker"},{"not_picked":["White Beast Statue","Philosopher\u0027s Stone"],"picked":"Sozu"}],"items_purged_floors":[2,38],"is_endless":false,"potions_floor_spawned":[1,7,16,20,21,25,28,31,35,39,42],"killed_by":"Nemesis","ascension_level":16}