{"gold_per_floor":[111,111,122,122,35,35,54,77,103,47,62,212,224,60,60,132,132,147,96,96,111,130,130,55,75,120,132,159,71,84,84,84,162,162,173,185,185],"floor_reached":37,"playtime":2512,"items_purged":["Doubt","Pain"],"score":722,"play_id":"e9a3a5e0-aee4-410e-be92-eaa8ed3717cd","local_time":"20181222235420","is_ascension_mode":true,"campfire_choices":[{"data":"Phantasmal Killer","floor":6.0,"key":"SMITH"},{"floor":15.0,"key":"REST"},{"data":"Footwork","floor":23,"key":"SMITH"},{"data":"Finisher","floor":27,"key":"SMITH"},{"floor":32,"key":"REST"}],"neow_cost":"NONE","seed_source_timestamp":479461977748249,"circlet_count":0,"master_deck":["AscendersBane","Survivor","Neutralize","Finisher+1","Predator","Sucker Punch","Blade Dance","Infinite Blades","All Out Attack+1","Sucker Punch","Dodge and Roll","Phantasmal Killer+1","PiercingWail+1","Footwork+1","Deflect","Dodge and Roll","Backflip","PiercingWail","After Image","Well Laid Plans","Cloak And Dagger","Backflip","Footwork","Malaise","Deflect+1"],"special_seed":0,"relics":["Pandora\u0027s Box","Odd Mushroom","Orichalcum","Cursed Key","MawBank","Philosopher\u0027s Stone"],"potions_floor_usage":[33,33],"damage_taken":[{"damage":4.0,"enemies":"2 Louse","floor":1.0,"turns":2.0},{"damage":0.0,"enemies":"Cultist","floor":3.0,"turns":2.0},{"damage":7.0,"enemies":"Jaw Worm","floor":7.0,"turns":3.0},{"damage":0.0,"enemies":"The Mushroom Lair","floor":8.0,"turns":4.0},{"damage":0.0,"enemies":"Looter","floor":11.0,"turns":4.0},{"damage":0.0,"enemies":"3 Louse","floor":13.0,"turns":1.0},{"damage":22.0,"enemies":"The Guardian","floor":16.0,"turns":12.0},{"damage":1.0,"enemies":"Chosen","floor":18.0,"turns":4.0},{"damage":0,"enemies":"Spheric Guardian","floor":21,"turns":2},{"damage":18,"enemies":"Cultist and Chosen","floor":22,"turns":7},{"damage":11,"enemies":"Centurion and Healer","floor":25,"turns":6},{"damage":19,"enemies":"Snake Plant","floor":28,"turns":5},{"damage":19,"enemies":"Chosen and Byrds","floor":30,"turns":9},{"damage":22,"enemies":"Champ","floor":33,"turns":14},{"damage":0,"enemies":"Orb Walker","floor":35,"turns":5},{"damage":33,"enemies":"3 Darklings","floor":36,"turns":6},{"damage":31,"enemies":"Transient","floor":37,"turns":3}],"seed_played":"-1141549384233062090","potions_obtained":[{"floor":7.0,"key":"Explosive Potion"},{"floor":8.0,"key":"GamblersBrew"},{"floor":16.0,"key":"FearPotion"},{"floor":21,"key":"SneckoOil"},{"floor":25,"key":"FearPotion"},{"floor":28,"key":"FearPotion"},{"floor":35,"key":"Dexterity Potion"}],"is_trial":false,"path_per_floor":["M","?","M","?","$","R","M","?","T","$","M","?","M","$","R","B",null,"M","$","?","M","M","R","?","M","T","R","M","$","M","?","R","B",null,"M","M","M"],"character_chosen":"THE_SILENT","items_purchased":["Footwork","Dodge and Roll","After Image","Cloak And Dagger"],"campfire_rested":2,"item_purchase_floors":[5,10,14,19],"current_hp_per_floor":[55,55,55,35,35,35,28,28,28,28,28,28,28,28,47,25,56,55,55,76,76,58,58,58,47,47,47,28,28,9,24,46,24,63,63,30,0],"gold":185,"neow_bonus":"BOSS_RELIC","is_prod":false,"is_daily":false,"chose_seed":false,"campfire_upgraded":3,"win_rate":0,"timestamp":1545551660,"path_taken":["M","?","?","?","$","R","M","?","T","$","M","?","M","$","R","BOSS","M","$","?","?","M","R","?","M","T","R","M","$","M","?","R","BOSS","M","M","M"],"build_version":"2018-12-20","purchased_purges":2,"victory":false,"max_hp_per_floor":[66,66,66,66,66,66,66,66,66,66,66,66,66,66,66,66,66,66,66,76,76,76,76,76,76,76,76,76,76,76,76,76,76,76,76,76,76],"card_choices":[{"not_picked":["Leg Sweep","Heel Hook"],"picked":"Dodge and Roll","floor":1.0},{"not_picked":["Bane","Underhanded Strike"],"picked":"PiercingWail","floor":3.0},{"not_picked":["Bane","Acrobatics","Outmaneuver"],"picked":"SKIP","floor":7.0},{"not_picked":["Acrobatics","Dagger Throw"],"picked":"Deflect","floor":8.0},{"not_picked":["Deflect","Cloak And Dagger"],"picked":"Backflip","floor":11.0},{"not_picked":["Bane","Sucker Punch"],"picked":"PiercingWail","floor":13.0},{"not_picked":["Tactician","Underhanded Strike"],"picked":"Well Laid Plans","floor":18.0},{"not_picked":["Bouncing Flask","Cloak And Dagger"],"picked":"Backflip","floor":21},{"not_picked":["Flying Knee","Sucker Punch","Slice"],"picked":"SKIP","floor":22},{"not_picked":["PiercingWail","Riddle With Holes+1","Blade Dance"],"picked":"SKIP","floor":25},{"not_picked":["PiercingWail","Expertise"],"picked":"Footwork","floor":28},{"not_picked":["Underhanded Strike","Flechettes"],"picked":"Malaise","floor":30},{"not_picked":["Sucker Punch","Dash","Dagger Throw"],"picked":"SKIP","floor":35},{"not_picked":["Cloak And Dagger","Quick Slash+1"],"picked":"Deflect+1","floor":36}],"player_experience":195173,"relics_obtained":[{"floor":8.0,"key":"Odd Mushroom"},{"floor":9.0,"key":"Orichalcum"},{"floor":26,"key":"MawBank"}],"event_choices":[{"damage_healed":0.0,"max_hp_gain":0.0,"max_hp_loss":0.0,"gold_gain":0.0,"cards_transformed":["Riddle With Holes"],"event_name":"Transmorgrifier","player_choice":"Transformed","floor":2.0,"gold_loss":0.0,"damage_taken":0.0,"cards_obtained":["Phantasmal Killer"]},{"damage_healed":0.0,"max_hp_gain":0.0,"max_hp_loss":0.0,"gold_gain":0.0,"event_name":"Shining Light","player_choice":"Entered Light","floor":4.0,"gold_loss":0.0,"damage_taken":20.0,"cards_upgraded":["PiercingWail","All Out Attack"]},{"damage_healed":0.0,"max_hp_gain":0.0,"max_hp_loss":0.0,"gold_gain":0.0,"event_name":"Mushrooms","player_choice":"Fought Mushrooms","floor":8.0,"gold_loss":0.0,"damage_taken":0.0},{"damage_healed":0.0,"max_hp_gain":0.0,"max_hp_loss":0.0,"gold_gain":150.0,"event_name":"Liars Game","player_choice":"AGREE","floor":12.0,"gold_loss":0.0,"damage_taken":0.0,"cards_obtained":["Doubt"]},{"cards_removed":["Storm of Steel"],"damage_healed":11,"gold_gain":0,"player_choice":"Offered Rare","damage_taken":0,"max_hp_gain":10,"max_hp_loss":0,"event_name":"Bonfire Elementals","floor":20,"gold_loss":0},{"cards_removed":["Flying Knee"],"damage_healed":0,"gold_gain":0,"player_choice":"Gave Gold","damage_taken":0,"max_hp_gain":0,"max_hp_loss":0,"event_name":"Beggar","floor":24,"gold_loss":75},{"damage_healed":15,"gold_gain":0,"player_choice":"Heal","damage_taken":0,"max_hp_gain":0,"max_hp_loss":0,"event_name":"The Library","floor":31,"gold_loss":0}],"is_beta":false,"boss_relics":[{"not_picked":["Lizard Tail","Eternal Feather"],"picked":"Cursed Key"},{"not_picked":["Runic Pyramid","Black Star"],"picked":"Philosopher\u0027s Stone"}],"items_purged_floors":[14,29],"is_endless":false,"potions_floor_spawned":[7,8,16,21,25,28,35],"killed_by":"Transient","ascension_level":20}