{"gold_per_floor":[114,64,16,29,48,48,48,82,107,107,147,147,190,190,190,320,320,344,344,365,464,129,170,170,170],"floor_reached":25,"playtime":2886,"items_purged":["Defend_R"],"score":376,"play_id":"11da721b-b75a-4b85-ba80-8c9605b0b4a4","local_time":"20190201093742","is_ascension_mode":true,"campfire_choices":[{"data":"Rampage","floor":6,"key":"SMITH"},{"data":"Body Slam","floor":10,"key":"SMITH"},{"data":"Bash","floor":12,"key":"SMITH"},{"data":"Whirlwind","floor":15,"key":"SMITH"},{"data":"Fiend Fire","floor":24,"key":"SMITH"}],"neow_cost":"TEN_PERCENT_HP_LOSS","seed_source_timestamp":381119538483800,"circlet_count":0,"master_deck":["AscendersBane","Defend_R","Defend_R","Defend_R","Bash+1","Rampage+1","Body Slam+1","Shrug It Off","Dropkick","Whirlwind+1","Fiend Fire+1","Shrug It Off","Dropkick"],"relics":["Burning Blood","Golden Idol","Art of War","Bag of Preparation","Kunai","Pantograph","Mummified Hand","Empty Cage","Shuriken","Omamori"],"potions_floor_usage":[8,8,11,23,23,23,23],"damage_taken":[{"damage":6,"enemies":"Jaw Worm","floor":1,"turns":6},{"damage":4,"enemies":"Small Slimes","floor":4,"turns":3},{"damage":0,"enemies":"Cultist","floor":5,"turns":3},{"damage":21,"enemies":"Gremlin Nob","floor":8,"turns":4},{"damage":14,"enemies":"Lagavulin","floor":11,"turns":5},{"damage":25,"enemies":"Gremlin Nob","floor":13,"turns":4},{"damage":15,"enemies":"Hexaghost","floor":16,"turns":8},{"damage":0,"enemies":"Chosen","floor":18,"turns":4},{"damage":41,"enemies":"2 Thieves","floor":20,"turns":4},{"damage":17,"enemies":"Gremlin Leader","floor":23,"turns":5},{"damage":36,"enemies":"Book of Stabbing","floor":25,"turns":4}],"seed_played":"8325240418461078166","potions_obtained":[{"floor":1,"key":"EssenceOfSteel"},{"floor":8,"key":"Explosive Potion"},{"floor":16,"key":"Regen Potion"},{"floor":18,"key":"EntropicBrew"}],"is_trial":false,"path_per_floor":["M","?","$","M","M","R","?","E","T","R","E","R","E","T","R","B",null,"M","?","M","?","$","E","R","E"],"character_chosen":"IRONCLAD","items_purchased":["Fire Potion","Shuriken"],"campfire_rested":0,"item_purchase_floors":[3,22],"current_hp_per_floor":[72,72,72,72,72,72,67,52,52,52,44,44,25,25,25,41,61,67,67,32,32,32,35,35,0],"gold":170,"neow_bonus":"REMOVE_TWO","is_prod":false,"is_daily":false,"chose_seed":false,"campfire_upgraded":5,"win_rate":0,"timestamp":1549010262,"path_taken":["M","?","$","M","M","R","?","E","T","R","E","R","E","?","R","BOSS","M","?","M","?","$","E","R","E"],"build_version":"2019-01-23","purchased_purges":1,"victory":false,"max_hp_per_floor":[72,72,72,72,72,72,67,67,67,67,67,67,67,67,67,67,67,67,67,67,67,67,67,67,67],"card_choices":[{"not_picked":["Hemokinesis","Clothesline"],"picked":"Rampage","floor":1},{"not_picked":["Infernal Blade","Dropkick"],"picked":"Body Slam","floor":4},{"not_picked":["Body Slam","Clothesline","Fire Breathing"],"picked":"SKIP","floor":5},{"not_picked":["Body Slam","Reckless Charge"],"picked":"Shrug It Off","floor":8},{"not_picked":["Metallicize","Double Tap"],"picked":"Dropkick","floor":11},{"not_picked":["Shrug It Off","Blood for Blood"],"picked":"Whirlwind","floor":13},{"not_picked":["Barricade","Offering"],"picked":"Fiend Fire","floor":16},{"not_picked":["Armaments","Warcry"],"picked":"Shrug It Off","floor":18},{"not_picked":["Clash","Warcry","Thunderclap"],"picked":"SKIP","floor":20},{"not_picked":["Pommel Strike","Blood for Blood","Thunderclap"],"picked":"SKIP","floor":23}],"player_experience":246256,"relics_obtained":[{"floor":8,"key":"Art of War"},{"floor":9,"key":"Bag of Preparation"},{"floor":11,"key":"Kunai"},{"floor":13,"key":"Pantograph"},{"floor":14,"key":"Mummified Hand"},{"floor":23,"key":"Omamori"}],"event_choices":[{"cards_removed":["Strike_R"],"damage_healed":0,"gold_gain":0,"player_choice":"Card Removal","damage_taken":0,"max_hp_gain":0,"max_hp_loss":0,"event_name":"The Cleric","floor":2,"gold_loss":50},{"damage_healed":0,"gold_gain":0,"player_choice":"Lose Max HP","damage_taken":0,"relics_obtained":["Golden Idol"],"max_hp_gain":0,"max_hp_loss":5,"event_name":"Golden Idol","floor":7,"gold_loss":0},{"damage_healed":0,"gold_gain":0,"player_choice":"Read","damage_taken":0,"max_hp_gain":0,"max_hp_loss":0,"event_name":"The Library","floor":19,"gold_loss":0,"cards_obtained":["Dropkick"]},{"damage_healed":0,"gold_gain":99,"player_choice":"Stole From Cult","damage_taken":0,"max_hp_gain":0,"max_hp_loss":0,"event_name":"Nest","floor":21,"gold_loss":0}],"is_beta":false,"boss_relics":[{"not_picked":["Busted Crown","Velvet Choker"],"picked":"Empty Cage"}],"items_purged_floors":[22],"is_endless":false,"potions_floor_spawned":[1,8,16,18,20],"killed_by":"Book of Stabbing","ascension_level":12}