{"gold_per_floor":[110,110,29,45,45,45,71,71,94,94,94,94,129,146,146,241,241,252,0,13,13,27,27,42,42,42,42,42,59,78,88,88,186,186,197,197,297,21,21,21,40,40,40,57,68,85,85,0,0,0],"floor_reached":50,"playtime":2004,"items_purged":["Strike_B","Strike_B"],"score":450,"play_id":"9f54e207-2d5a-4fad-8f27-04178eb3be31","local_time":"20190122031452","is_ascension_mode":false,"campfire_choices":[{"data":"Zap","floor":6,"key":"SMITH"},{"data":"Loop","floor":8,"key":"SMITH"},{"data":"Beam Cell","floor":10,"key":"SMITH"},{"data":"FTL","floor":12,"key":"SMITH"},{"floor":15,"key":"REST"},{"data":"Panache","floor":23,"key":"SMITH"},{"floor":25,"key":"REST"},{"data":"Dualcast","floor":27,"key":"SMITH"},{"floor":32,"key":"REST"},{"floor":40,"key":"REST"},{"floor":47,"key":"REST"},{"floor":49,"key":"REST"}],"neow_cost":"NONE","seed_source_timestamp":108328291438244,"circlet_count":0,"master_deck":["Defend_B","Defend_B","Defend_B","Zap+1","Dualcast+1","FTL+1","Loop+1","Beam Cell+1","Ball Lightning+1","Ball Lightning+1","Panache+1","Melter+1","Leap+1","Leap","All For One+1","Ball Lightning+1","Enlightenment","The Bomb","Darkness+1","Doom and Gloom+1","Sunder+1","Chill+1"],"relics":["Cracked Core","Ancient Tea Set","Meat on the Bone","Bottled Tornado","Smiling Mask","Molten Egg 2","Happy Flower","Busted Crown","Symbiotic Virus","Empty Cage","Dead Branch","Vajra","Pantograph","Red Mask"],"potions_floor_usage":[16,33,33,50,50],"damage_taken":[{"damage":3,"enemies":"2 Louse","floor":1,"turns":3},{"damage":1,"enemies":"Cultist","floor":4,"turns":3},{"damage":25,"enemies":"Gremlin Nob","floor":7,"turns":4},{"damage":22,"enemies":"3 Sentries","floor":13,"turns":6},{"damage":10,"enemies":"Small Slimes","floor":14,"turns":2},{"damage":50,"enemies":"The Guardian","floor":16,"turns":9},{"damage":21,"enemies":"3 Byrds","floor":18,"turns":5},{"damage":15,"enemies":"2 Thieves","floor":20,"turns":3},{"damage":6,"enemies":"3 Cultists","floor":22,"turns":4},{"damage":32,"enemies":"Snake Plant","floor":24,"turns":3},{"damage":9,"enemies":"Centurion and Healer","floor":29,"turns":4},{"damage":12,"enemies":"Shelled Parasite and Fungi","floor":30,"turns":3},{"damage":10,"enemies":"Snecko","floor":31,"turns":4},{"damage":75,"enemies":"Collector","floor":33,"turns":7},{"damage":0,"enemies":"Orb Walker","floor":35,"turns":2},{"damage":29,"enemies":"Mind Bloom Boss Battle","floor":37,"turns":5},{"damage":11,"enemies":"3 Darklings","floor":41,"turns":3},{"damage":0,"enemies":"Sphere and 2 Shapes","floor":44,"turns":5},{"damage":15,"enemies":"4 Shapes","floor":45,"turns":4},{"damage":0,"enemies":"Transient","floor":46,"turns":5},{"damage":91,"enemies":"Time Eater","floor":50,"turns":5}],"seed_played":"-652082682646338945","potions_obtained":[{"floor":13,"key":"Strength Potion"},{"floor":22,"key":"FocusPotion"},{"floor":24,"key":"Energy Potion"},{"floor":29,"key":"LiquidBronze"},{"floor":37,"key":"EssenceOfSteel"},{"floor":44,"key":"Poison Potion"},{"floor":46,"key":"Explosive Potion"}],"is_trial":false,"path_per_floor":["M","?","$","M","?","R","E","R","T","R","T","R","E","M","R","B",null,"M","$","M","?","M","R","M","R","T","R","?","M","M","M","R","B",null,"M","?","?","$","?","R","M","$","T","M","M","M","R","?","R","B"],"character_chosen":"DEFECT","items_purchased":["Loop","Panache","Melter+1","Vajra","Doom and Gloom+1"],"campfire_rested":6,"item_purchase_floors":[3,19,19,38,38],"current_hp_per_floor":[72,72,72,71,64,64,39,39,39,39,39,39,29,31,53,15,75,54,54,39,85,79,79,47,72,72,72,72,63,51,53,78,15,85,85,75,46,46,46,71,60,60,60,60,45,45,70,70,85,0],"gold":0,"neow_bonus":"RANDOM_COMMON_RELIC","is_prod":false,"is_daily":false,"chose_seed":false,"campfire_upgraded":6,"win_rate":0,"timestamp":1548098092,"path_taken":["M","?","$","?","?","R","E","R","T","R","?","R","E","M","R","BOSS","M","$","M","?","M","R","?","R","T","R","?","M","?","M","R","BOSS","M","?","?","$","?","R","M","?","T","?","M","M","R","?","R","BOSS"],"build_version":"2019-01-17v2","purchased_purges":2,"victory":false,"max_hp_per_floor":[75,75,75,75,75,75,75,75,75,75,75,75,75,75,75,75,75,75,75,75,85,85,85,85,85,85,85,85,85,85,85,85,85,85,85,85,85,85,85,85,85,85,85,85,85,85,85,85,85,85],"card_choices":[{"not_picked":["Stack","Conserve Battery"],"picked":"FTL","floor":1},{"not_picked":["Compile Driver","Tempest","Fusion"],"picked":"SKIP","floor":4},{"not_picked":["Tempest","Coolheaded"],"picked":"Beam Cell","floor":7},{"not_picked":["Consume","Sweeping Beam+1"],"picked":"Ball Lightning+1","floor":13},{"not_picked":["Consume","Redo","Cold Snap+1"],"picked":"SKIP","floor":14},{"not_picked":["Fission","Amplify"],"picked":"Buffer","floor":16},{"not_picked":[],"picked":"Ball Lightning+1","floor":18},{"not_picked":["Hello World"],"picked":"SKIP","floor":20},{"not_picked":["Aggregate"],"picked":"SKIP","floor":22},{"not_picked":[],"picked":"Leap+1","floor":24},{"not_picked":[],"picked":"Leap","floor":29},{"not_picked":["Scrape+1"],"picked":"SKIP","floor":30},{"not_picked":[],"picked":"Ball Lightning+1","floor":31},{"not_picked":[],"picked":"All For One+1","floor":33},{"not_picked":[],"picked":"Ball Lightning+1","floor":35},{"not_picked":[],"picked":"Enlightenment","floor":36},{"not_picked":[],"picked":"The Bomb","floor":36},{"not_picked":[],"picked":"Darkness+1","floor":37},{"not_picked":["Conserve Battery+1"],"picked":"SKIP","floor":41},{"not_picked":["Hologram+1"],"picked":"SKIP","floor":44},{"not_picked":[],"picked":"Sunder+1","floor":45},{"not_picked":[],"picked":"Chill+1","floor":46}],"player_experience":114941,"relics_obtained":[{"floor":7,"key":"Bottled Tornado"},{"floor":9,"key":"Smiling Mask"},{"floor":11,"key":"Molten Egg 2"},{"floor":13,"key":"Happy Flower"},{"floor":26,"key":"Symbiotic Virus"},{"floor":37,"key":"Dead Branch"},{"floor":43,"key":"Pantograph"}],"event_choices":[{"damage_healed":0,"gold_gain":0,"player_choice":"Ignored","damage_taken":0,"max_hp_gain":0,"max_hp_loss":0,"event_name":"NoteForYourself","floor":2,"gold_loss":0},{"damage_healed":0,"gold_gain":0,"player_choice":"Success","damage_taken":7,"relics_obtained":["Meat on the Bone"],"max_hp_gain":0,"max_hp_loss":0,"event_name":"Scrap Ooze","floor":5,"gold_loss":0},{"cards_removed":["Buffer"],"damage_healed":36,"gold_gain":0,"player_choice":"Offered Rare","damage_taken":0,"max_hp_gain":10,"max_hp_loss":0,"event_name":"Bonfire Elementals","floor":21,"gold_loss":0},{"cards_removed":["Strike_B"],"damage_healed":0,"gold_gain":0,"player_choice":"Purged","damage_taken":0,"max_hp_gain":0,"max_hp_loss":0,"event_name":"Purifier","floor":28,"gold_loss":0},{"damage_healed":0,"gold_gain":0,"player_choice":"Memory 3","damage_taken":10,"max_hp_gain":0,"max_hp_loss":0,"event_name":"SensoryStone","floor":36,"gold_loss":0},{"damage_healed":0,"gold_gain":0,"player_choice":"Fight","damage_taken":0,"max_hp_gain":0,"max_hp_loss":0,"event_name":"MindBloom","floor":37,"gold_loss":0},{"cards_removed":["Ball Lightning"],"damage_healed":0,"gold_gain":0,"player_choice":"Removed Attack","damage_taken":0,"max_hp_gain":0,"max_hp_loss":0,"event_name":"Falling","floor":39,"gold_loss":0},{"damage_healed":0,"gold_gain":0,"player_choice":"Paid","damage_taken":0,"relics_obtained":["Red Mask"],"max_hp_gain":0,"max_hp_loss":0,"event_name":"Tomb of Lord Red Mask","floor":48,"gold_loss":85}],"is_beta":false,"boss_relics":[{"not_picked":["Snecko Eye","Inserter"],"picked":"Busted Crown"},{"not_picked":["Orrery","Pandora\u0027s Box"],"picked":"Empty Cage"}],"items_purged_floors":[19,38],"is_endless":false,"potions_floor_spawned":[13,22,24,29,37,44,46],"killed_by":"Time Eater","ascension_level":0}