{"gold_per_floor":[114,39,39,49,61,94,94,123,123,123,152,166,166,178,178,178],"floor_reached":16,"playtime":626,"items_purged":["Strike_R"],"score":138,"play_id":"58b5aac8-6a1e-4d9a-a290-b8616011b4b8","local_time":"20190130062615","is_ascension_mode":true,"campfire_choices":[{"data":"Bash","floor":7,"key":"SMITH"},{"floor":10,"key":"REST"},{"data":"Shrug It Off","floor":13,"key":"SMITH"},{"data":"Seeing Red","floor":15,"key":"SMITH"}],"neow_cost":"NONE","seed_source_timestamp":218245541715168,"circlet_count":0,"master_deck":["Strike_R","Strike_R","Strike_R","Defend_R","Defend_R","Defend_R","Defend_R","Bash+1","Headbutt","Heavy Blade","Shrug It Off+1","Shrug It Off","Feed","Seeing Red+1","Shrug It Off"],"special_seed":0,"relics":["Burning Blood","Potion Belt","Ornamental Fan","Blue Candle","Pantograph","Ancient Tea Set"],"potions_floor_usage":[],"damage_taken":[{"damage":8.0,"enemies":"Jaw Worm","floor":1.0,"turns":7.0},{"damage":6.0,"enemies":"Cultist","floor":4.0,"turns":3.0},{"damage":6.0,"enemies":"2 Louse","floor":5.0,"turns":3.0},{"damage":42,"enemies":"Lagavulin","floor":6,"turns":8},{"damage":23,"enemies":"Gremlin Nob","floor":8,"turns":4},{"damage":21,"enemies":"3 Sentries","floor":11,"turns":11},{"damage":4,"enemies":"Looter","floor":12,"turns":4},{"damage":0,"enemies":"Exordium Wildlife","floor":14,"turns":3},{"damage":58,"enemies":"Slime Boss","floor":16,"turns":11}],"seed_played":"-2535232106921316166","potions_obtained":[{"floor":5,"key":"EssenceOfSteel"},{"floor":6,"key":"SteroidPotion"},{"floor":8,"key":"Weak Potion"},{"floor":11,"key":"Block Potion"}],"is_trial":false,"path_per_floor":["M","$","?","M","M","E","R","E","T","R","E","M","R","M","R","B"],"character_chosen":"IRONCLAD","items_purchased":[],"campfire_rested":1,"item_purchase_floors":[],"current_hp_per_floor":[78,78,78,78,78,42,42,25,25,49,34,36,36,45,45,12],"gold":178,"neow_bonus":"RANDOM_COMMON_RELIC","is_prod":false,"is_daily":false,"chose_seed":false,"campfire_upgraded":3,"win_rate":0,"timestamp":1548825975,"path_taken":["M","$","?","?","M","E","R","E","T","R","E","M","R","M","R","BOSS"],"build_version":"2019-01-23","purchased_purges":1,"victory":false,"max_hp_per_floor":[80,80,80,80,80,80,80,80,80,80,80,80,80,83,83,83],"card_choices":[{"not_picked":["Twin Strike","Fire Breathing"],"picked":"Headbutt","floor":1.0},{"not_picked":["Warcry","Thunderclap","Perfected Strike"],"picked":"SKIP","floor":4.0},{"not_picked":["Carnage","Perfected Strike"],"picked":"Shrug It Off","floor":5},{"not_picked":["True Grit","Pommel Strike"],"picked":"Shrug It Off","floor":6},{"not_picked":["Thunderclap","Sword Boomerang"],"picked":"Feed","floor":8},{"not_picked":["Corruption","Havoc","Pummel"],"picked":"SKIP","floor":11},{"not_picked":["Corruption","Havoc","Pummel"],"picked":"SKIP","floor":11},{"not_picked":["Corruption","Havoc","Pummel"],"picked":"SKIP","floor":11},{"not_picked":["Burning Pact","Armaments"],"picked":"Seeing Red","floor":12},{"not_picked":["Dark Embrace","Flex"],"picked":"Shrug It Off","floor":14}],"player_experience":29955,"relics_obtained":[{"floor":6,"key":"Ornamental Fan"},{"floor":8,"key":"Blue Candle"},{"floor":9,"key":"Pantograph"},{"floor":11,"key":"Ancient Tea Set"}],"event_choices":[{"damage_healed":0.0,"max_hp_gain":0.0,"max_hp_loss":0.0,"gold_gain":0.0,"cards_transformed":["Strike_R"],"event_name":"Transmorgrifier","player_choice":"Transformed","floor":3.0,"gold_loss":0.0,"damage_taken":0.0,"cards_obtained":["Heavy Blade"]}],"is_beta":false,"boss_relics":[],"items_purged_floors":[2],"is_endless":false,"potions_floor_spawned":[5,6,8,11],"killed_by":"Slime Boss","ascension_level":3}