{"gold_per_floor":[118,118,129,129,140,140,168,198,280,308,321,351,361,371,371,371],"floor_reached":16,"playtime":1912,"items_purged":[],"score":251,"play_id":"4e8775da-0f72-4955-9dd6-09421d257b2d","local_time":"20190202084251","is_ascension_mode":true,"campfire_choices":[{"data":"Feed","floor":6,"key":"SMITH"},{"floor":15,"key":"REST"}],"neow_cost":"PERCENT_DAMAGE","seed_source_timestamp":39936871455700,"circlet_count":0,"master_deck":["AscendersBane","Strike_R","Strike_R","Strike_R","Strike_R","Strike_R","Defend_R","Defend_R","Defend_R","Defend_R","Bash","Headbutt","Feed+1","Perfected Strike","Juggernaut","Flame Barrier+1","Carnage","Warcry+1","Limit Break+1","Shockwave+1"],"relics":["Burning Blood","Champion Belt","Boot","Calipers","The Courier","Toxic Egg 2","Mango"],"potions_floor_usage":[7,10,12,16,16],"damage_taken":[{"damage":9,"enemies":"Jaw Worm","floor":1,"turns":5},{"damage":9,"enemies":"Small Slimes","floor":3,"turns":4},{"damage":6,"enemies":"2 Louse","floor":5,"turns":3},{"damage":25,"enemies":"3 Sentries","floor":7,"turns":7},{"damage":34,"enemies":"Gremlin Nob","floor":10,"turns":5},{"damage":4,"enemies":"Blue Slaver","floor":11,"turns":5},{"damage":35,"enemies":"3 Sentries","floor":12,"turns":9},{"damage":16,"enemies":"Exordium Thugs","floor":13,"turns":6},{"damage":15,"enemies":"2 Fungi Beasts","floor":14,"turns":4},{"damage":64,"enemies":"Slime Boss","floor":16,"turns":12}],"seed_played":"3082516617508148915","potions_obtained":[{"floor":3,"key":"Explosive Potion"},{"floor":7,"key":"Regen Potion"},{"floor":11,"key":"Dexterity Potion"},{"floor":13,"key":"LiquidBronze"},{"floor":14,"key":"PowerPotion"}],"is_trial":false,"path_per_floor":["M","?","M","?","M","R","E","?","T","E","M","E","M","M","R","B"],"character_chosen":"IRONCLAD","items_purchased":[],"campfire_rested":1,"item_purchase_floors":[],"current_hp_per_floor":[48,74,71,71,74,74,59,59,59,49,51,40,34,29,64,0],"gold":371,"neow_bonus":"ONE_RARE_RELIC","is_prod":false,"is_daily":false,"chose_seed":false,"campfire_upgraded":1,"win_rate":0,"timestamp":1549093371,"path_taken":["M","?","M","?","M","R","E","?","T","E","?","E","M","M","R","BOSS"],"build_version":"2019-01-23","purchased_purges":0,"victory":false,"max_hp_per_floor":[80,80,80,80,83,83,87,87,87,91,91,109,113,117,117,117],"card_choices":[{"not_picked":["Iron Wave","True Grit"],"picked":"Headbutt","floor":1},{"not_picked":["Clothesline","Sword Boomerang"],"picked":"Feed","floor":3},{"not_picked":["True Grit","Evolve"],"picked":"Perfected Strike","floor":5},{"not_picked":["Clash","Warcry"],"picked":"Juggernaut","floor":7},{"not_picked":["Fiend Fire","Blood for Blood"],"picked":"Flame Barrier","floor":10},{"not_picked":["Flex+1","Body Slam"],"picked":"Carnage","floor":11},{"not_picked":["Blood for Blood","Intimidate+1"],"picked":"Warcry+1","floor":12},{"not_picked":["Clash","Infernal Blade+1"],"picked":"Limit Break+1","floor":13},{"not_picked":["Shrug It Off+1","Clash"],"picked":"Shockwave+1","floor":14}],"player_experience":285110,"relics_obtained":[{"floor":7,"key":"Boot"},{"floor":9,"key":"The Courier"},{"floor":10,"key":"Toxic Egg 2"},{"floor":12,"key":"Mango"}],"event_choices":[{"damage_healed":26,"gold_gain":0,"player_choice":"Banana","damage_taken":0,"max_hp_gain":0,"max_hp_loss":0,"event_name":"Big Fish","floor":2,"gold_loss":0},{"damage_healed":0,"gold_gain":0,"player_choice":"Ignored","damage_taken":0,"max_hp_gain":0,"max_hp_loss":0,"event_name":"Liars Game","floor":4,"gold_loss":0},{"damage_healed":0,"gold_gain":30,"player_choice":"Searched \u00273\u0027 times","damage_taken":0,"relics_obtained":["Calipers"],"max_hp_gain":0,"max_hp_loss":0,"event_name":"Dead Adventurer","floor":8,"gold_loss":0}],"is_beta":false,"boss_relics":[],"items_purged_floors":[],"is_endless":false,"potions_floor_spawned":[3,7,11,13,14],"killed_by":"Slime Boss","ascension_level":13}