{"gold_per_floor":[115,36,36,63,63,92,42,42,42,72,72,86,98,113,113,191,191,202,202,45,63,63],"floor_reached":22,"playtime":473,"items_purged":["Armaments"],"score":411,"play_id":"b98154a5-5460-46f5-96a2-d0cebc6d3c1e","local_time":"20190210232710","is_ascension_mode":true,"campfire_choices":[{"data":"Inflame","floor":8,"key":"SMITH"},{"data":"Bash","floor":11,"key":"SMITH"},{"data":"Twin Strike","floor":15,"key":"SMITH"}],"neow_cost":"NONE","seed_source_timestamp":24981107564600,"circlet_count":0,"master_deck":["AscendersBane","Strike_R","Defend_R","Defend_R","Defend_R","Bash+1","Twin Strike+1","Inflame+1","Sword Boomerang+1","Clothesline+1","Impervious","Thunderclap+1","Fiend Fire+1","Inflame"],"relics":["Burning Blood","NeowsBlessing","Ancient Tea Set","Happy Flower","Lantern","Molten Egg 2","Astrolabe"],"potions_floor_usage":[18],"damage_taken":[{"damage":0,"enemies":"2 Louse","floor":1,"turns":1},{"damage":0,"enemies":"Gremlin Nob","floor":6,"turns":1},{"damage":0,"enemies":"3 Sentries","floor":10,"turns":2},{"damage":9,"enemies":"Jaw Worm","floor":12,"turns":3},{"damage":0,"enemies":"Small Slimes","floor":13,"turns":3},{"damage":15,"enemies":"3 Louse","floor":14,"turns":4},{"damage":47,"enemies":"The Guardian","floor":16,"turns":12},{"damage":22,"enemies":"3 Byrds","floor":18,"turns":4},{"damage":11,"enemies":"Spheric Guardian","floor":21,"turns":3},{"damage":52,"enemies":"Masked Bandits","floor":22,"turns":4}],"seed_played":"-1700966853455530465","potions_obtained":[{"floor":10,"key":"SpeedPotion"},{"floor":12,"key":"Regen Potion"},{"floor":16,"key":"Strength Potion"}],"is_trial":false,"path_per_floor":["M","$","?","T","$","E","?","R","T","E","R","M","M","M","R","B",null,"M","?","$","M","?"],"character_chosen":"IRONCLAD","items_purchased":["Inflame","Inflame"],"campfire_rested":0,"item_purchase_floors":[2,20],"current_hp_per_floor":[74,74,67,67,67,73,73,73,73,75,75,72,75,66,66,25,63,56,56,56,51,0],"gold":63,"neow_bonus":"THREE_ENEMY_KILL","is_prod":false,"is_daily":false,"chose_seed":false,"campfire_upgraded":3,"win_rate":0,"timestamp":1549834030,"path_taken":["M","$","?","?","?","E","?","R","T","E","R","M","M","M","R","BOSS","M","?","?","?","?"],"build_version":"2019-01-23","purchased_purges":1,"victory":false,"max_hp_per_floor":[75,75,75,75,75,75,75,75,75,75,75,75,75,75,75,75,75,75,75,75,75,75],"card_choices":[{"not_picked":["Armaments","Hemokinesis"],"picked":"Twin Strike","floor":1},{"not_picked":["Iron Wave","Armaments","Shrug It Off"],"picked":"SKIP","floor":6},{"not_picked":["Reckless Charge","Havoc","Cleave"],"picked":"SKIP","floor":10},{"not_picked":["Power Through","Flex","Havoc"],"picked":"SKIP","floor":12},{"not_picked":["Body Slam+1","Pommel Strike+1"],"picked":"Sword Boomerang+1","floor":13},{"not_picked":["Searing Blow+1","Armaments"],"picked":"Clothesline+1","floor":14},{"not_picked":["Berserk","Fiend Fire+1"],"picked":"Impervious","floor":16},{"not_picked":["Havoc","Headbutt+1","Disarm"],"picked":"SKIP","floor":18},{"not_picked":["Pommel Strike+1","Warcry","Heavy Blade+1"],"picked":"SKIP","floor":21}],"player_experience":709603,"relics_obtained":[{"floor":4,"key":"Ancient Tea Set"},{"floor":6,"key":"Happy Flower"},{"floor":9,"key":"Lantern"},{"floor":10,"key":"Molten Egg 2"}],"event_choices":[{"cards_removed":["Strike_R"],"damage_healed":0,"gold_gain":0,"player_choice":"Card Removal","damage_taken":7,"max_hp_gain":0,"max_hp_loss":0,"event_name":"Golden Wing","floor":3,"gold_loss":0},{"cards_removed":["Strike_R"],"damage_healed":0,"gold_gain":0,"player_choice":"Card Removal","damage_taken":0,"max_hp_gain":0,"max_hp_loss":0,"event_name":"The Cleric","floor":7,"gold_loss":50},{"damage_healed":0,"gold_gain":0,"cards_transformed":["Rupture"],"player_choice":"Transformed","damage_taken":0,"max_hp_gain":0,"max_hp_loss":0,"event_name":"Transmorgrifier","floor":19,"gold_loss":0,"cards_obtained":["Armaments"]},{"damage_healed":0,"gold_gain":0,"player_choice":"Fought Bandits","damage_taken":0,"max_hp_gain":0,"max_hp_loss":0,"event_name":"Masked Bandits","floor":22,"gold_loss":0}],"is_beta":false,"boss_relics":[{"not_picked":["Black Star","Empty Cage"],"picked":"Astrolabe"}],"items_purged_floors":[20],"is_endless":false,"potions_floor_spawned":[10,12,16],"killed_by":"Masked Bandits","ascension_level":14}