{"gold_per_floor":[114,114,125,141,5,39,39,39,39,52,66,76,76,94,94,196,196,214,72,87,18,38,68,86,86,110,124,124],"floor_reached":28,"playtime":1753,"items_purged":[],"score":281,"play_id":"804106b3-b2ed-4473-8ffb-61119588eba0","local_time":"20180705183647","is_ascension_mode":true,"campfire_choices":[{"data":"Normality","floor":7,"key":"PURGE"},{"floor":13,"key":"REST"},{"floor":15,"key":"REST"},{"floor":25,"key":"REST"}],"neow_cost":"CURSE","seed_source_timestamp":25739486255249,"circlet_count":0,"master_deck":["Strike_B","Strike_B","Strike_B","Strike_B","Defend_B","Defend_B","Defend_B","Defend_B","Zap","Dualcast","Glacier","Redo","Double Energy","Thunder Strike+1","Genetic Algorithm","Ball Lightning+1","Coolheaded","Electrodynamics","Beam Cell+1","Multi-Cast","Ball Lightning+1","Auto Shields","Go for the Eyes+1","Rebound+1","Chaos","Defragment","Blizzard+1","Loop","Doom and Gloom+1","Storm","Conserve Battery","Ball Lightning+1","Cold Snap+1","Tempest"],"relics":["Cracked Core","Peace Pipe","Molten Egg 2","Strawberry","Mercury Hourglass","Orrery","Boot","Bag of Preparation"],"potions_floor_usage":[10,16,18,23,24,24,28],"damage_taken":[{"damage":0,"enemies":"Cultist","floor":1,"turns":4},{"damage":0,"enemies":"2 Louse","floor":3,"turns":3},{"damage":0,"enemies":"Jaw Worm","floor":4,"turns":4},{"damage":32,"enemies":"Lagavulin","floor":6,"turns":11},{"damage":0,"enemies":"Large Slime","floor":10,"turns":5},{"damage":1,"enemies":"Exordium Wildlife","floor":11,"turns":4},{"damage":6,"enemies":"Red Slaver","floor":12,"turns":4},{"damage":4,"enemies":"Lots of Slimes","floor":14,"turns":2},{"damage":24,"enemies":"The Guardian","floor":16,"turns":8},{"damage":7,"enemies":"2 Thieves","floor":18,"turns":2},{"damage":1,"enemies":"3 Byrds","floor":20,"turns":3},{"damage":14,"enemies":"Centurion and Healer","floor":22,"turns":4},{"damage":5,"enemies":"Gremlin Leader","floor":23,"turns":5},{"damage":36,"enemies":"Slaver and Parasite","floor":24,"turns":3},{"damage":0,"enemies":"3 Cultists","floor":27,"turns":3},{"damage":46,"enemies":"Book of Stabbing","floor":28,"turns":4}],"seed_played":"1452533377002880709","potions_obtained":[{"floor":3,"key":"Block Potion"},{"floor":11,"key":"Weak Potion"},{"floor":14,"key":"Block Potion"},{"floor":16,"key":"FearPotion"},{"floor":20,"key":"Energy Potion"},{"floor":22,"key":"PowerPotion"},{"floor":24,"key":"EssenceOfSteel"}],"is_trial":false,"path_per_floor":["M","?","M","M","$","E","R","?","T","M","M","M","R","M","R","B",null,"M","$","M","$","M","E","M","R","T","M"],"character_chosen":"DEFECT","items_purchased":["Thunder Strike+1","Blizzard+1","Loop","Storm"],"campfire_rested":3,"item_purchase_floors":[5,19,19,21],"current_hp_per_floor":[75,75,75,75,75,50,50,50,50,50,49,43,67,63,82,58,82,75,75,74,74,60,55,19,43,43,43,0],"gold":124,"neow_bonus":"ONE_RARE_RELIC","is_prod":false,"is_daily":false,"chose_seed":false,"campfire_upgraded":0,"win_rate":0,"timestamp":1530830207,"path_taken":["M","?","M","M","$","E","R","?","T","M","M","M","R","M","R","BOSS","M","$","M","$","M","E","M","R","T","M","E"],"build_version":"2018-06-28","purchased_purges":0,"victory":false,"max_hp_per_floor":[75,75,75,75,75,82,82,82,82,82,82,82,82,82,82,82,82,82,82,82,82,82,82,82,82,82,82,82],"card_choices":[{"not_picked":["Conserve Battery","Barrage"],"picked":"Glacier","floor":1},{"not_picked":["Conserve Battery","Scrape+1"],"picked":"Redo","floor":3},{"not_picked":["Steam","Compile Driver+1"],"picked":"Double Energy","floor":4},{"not_picked":["Buffer","Stack"],"picked":"Genetic Algorithm","floor":6},{"not_picked":["Hologram","Sunder+1"],"picked":"Ball Lightning+1","floor":10},{"not_picked":["Skim","FTL+1"],"picked":"Coolheaded","floor":11},{"not_picked":["Hello World","Turbo"],"picked":"Electrodynamics","floor":12},{"not_picked":["Compile Driver+1","Steam"],"picked":"Beam Cell+1","floor":14},{"not_picked":["Machine Learning","Rainbow"],"picked":"Multi-Cast","floor":16},{"not_picked":["Compile Driver+1","Fusion"],"picked":"Ball Lightning+1","floor":17},{"not_picked":["Scrape+1","Leap"],"picked":"Auto Shields","floor":17},{"not_picked":["Steam","Glacier"],"picked":"Go for the Eyes+1","floor":17},{"not_picked":["Redo","Leap"],"picked":"Rebound+1","floor":17},{"not_picked":["Hello World","Gash+1"],"picked":"Chaos","floor":17},{"not_picked":["Hologram","BootSequence"],"picked":"Defragment","floor":18},{"not_picked":["Sweeping Beam+1","Leap"],"picked":"Doom and Gloom+1","floor":20},{"not_picked":["Skim+1","Doom and Gloom+1"],"picked":"Conserve Battery","floor":22},{"not_picked":["Skim","Turbo+1"],"picked":"Ball Lightning+1","floor":23},{"not_picked":["Redo","Sunder+1"],"picked":"Cold Snap+1","floor":24},{"not_picked":["Rebound+1","Ball Lightning+1"],"picked":"Tempest","floor":27}],"player_experience":234440,"relics_obtained":[{"floor":6,"key":"Strawberry"},{"floor":9,"key":"Mercury Hourglass"},{"floor":23,"key":"Boot"},{"floor":26,"key":"Bag of Preparation"}],"event_choices":[{"event_name":"Accursed Blacksmith","player_choice":"Rummage","floor":2,"damage_taken":0},{"event_name":"Purifier","player_choice":"One Purge","floor":8,"damage_taken":0}],"boss_relics":[{"not_picked":["Empty Cage","Sozu"],"picked":"Orrery"}],"items_purged_floors":[],"is_endless":false,"potions_floor_spawned":[3,11,14,16,20,22,24],"killed_by":"Book of Stabbing","ascension_level":3}