{"gold_per_floor":[16,16,16,31,42,42,68,88,112,72,72,86,118,133,133,206,206,221,221,221,232,251,251,251],"floor_reached":24,"playtime":1057,"items_purged":[],"score":406,"play_id":"e629ae9e-f92c-42c0-8aaa-e9436413053d","local_time":"20190207224052","is_ascension_mode":true,"campfire_choices":[{"data":"Bludgeon","floor":6.0,"key":"SMITH"},{"floor":11.0,"key":"REST"},{"floor":15.0,"key":"REST"},{"floor":23.0,"key":"REST"}],"neow_cost":"NO_GOLD","seed_source_timestamp":7491860402462,"circlet_count":0,"master_deck":["AscendersBane","Strike_R","Strike_R","Strike_R","Strike_R+1","Defend_R","Defend_R+1","Defend_R+1","Defend_R","Bash","Pommel Strike","Armaments","Bludgeon+1","Offering","Shrug It Off+1","Corruption","Immolate","Feed","True Grit","Armaments","Shrug It Off"],"special_seed":0,"relics":["Burning Blood","Champion Belt","Strawberry","War Paint","Omamori","Black Star"],"potions_floor_usage":[24,24],"damage_taken":[{"damage":6.0,"enemies":"Jaw Worm","floor":1.0,"turns":4.0},{"damage":6.0,"enemies":"Small Slimes","floor":4.0,"turns":3.0},{"damage":6.0,"enemies":"Cultist","floor":5.0,"turns":4.0},{"damage":30.0,"enemies":"Gremlin Nob","floor":7.0,"turns":4.0},{"damage":6.0,"enemies":"Blue Slaver","floor":8.0,"turns":1.0},{"damage":0.0,"enemies":"Exordium Thugs","floor":12.0,"turns":5.0},{"damage":26.0,"enemies":"Lagavulin","floor":13.0,"turns":3.0},{"damage":2.0,"enemies":"Large Slime","floor":14.0,"turns":4.0},{"damage":60.0,"enemies":"Hexaghost","floor":16.0,"turns":10.0},{"damage":18.0,"enemies":"Chosen","floor":18.0,"turns":4.0},{"damage":20.0,"enemies":"2 Thieves","floor":21.0,"turns":3.0},{"damage":30.0,"enemies":"Snecko","floor":22.0,"turns":5.0},{"damage":40,"enemies":"Gremlin Leader","floor":24,"turns":4}],"seed_played":"-4917363117863133147","potions_obtained":[{"floor":4.0,"key":"Regen Potion"},{"floor":8.0,"key":"SpeedPotion"},{"floor":12.0,"key":"Explosive Potion"},{"floor":14.0,"key":"SpeedPotion"},{"floor":16.0,"key":"LiquidBronze"},{"floor":20.0,"key":"Ancient Potion"}],"is_trial":false,"path_per_floor":["M","?","?","M","M","R","E","M","T","$","R","M","E","M","R","B",null,"M","?","?","M","M","R","E"],"character_chosen":"IRONCLAD","items_purchased":["Corruption"],"campfire_rested":3,"item_purchase_floors":[10],"current_hp_per_floor":[68,61,38,38,50,50,33,33,33,33,57,63,43,47,71,17,66,54,54,54,40,16,40,0],"gold":251,"neow_bonus":"ONE_RARE_RELIC","is_prod":false,"is_daily":false,"chose_seed":false,"campfire_upgraded":1,"win_rate":0,"timestamp":1549597252,"path_taken":["M","?","?","M","M","R","E","M","T","?","R","M","E","M","R","BOSS","M","?","?","M","?","R","E"],"build_version":"2019-01-23","purchased_purges":0,"victory":false,"max_hp_per_floor":[75,75,75,75,75,75,82,82,82,82,82,82,82,82,82,82,82,82,82,82,82,82,82,82],"card_choices":[{"not_picked":["Twin Strike","Havoc"],"picked":"Pommel Strike","floor":1.0},{"not_picked":["Sentinel","Heavy Blade"],"picked":"Armaments","floor":4.0},{"not_picked":["Armaments","Heavy Blade"],"picked":"Bludgeon","floor":5.0},{"not_picked":["Limit Break","Wild Strike"],"picked":"Offering","floor":7.0},{"not_picked":["Entrench","Evolve"],"picked":"Shrug It Off","floor":8.0},{"not_picked":["Wild Strike","Thunderclap","Heavy Blade"],"picked":"SKIP","floor":12.0},{"not_picked":["Perfected Strike","Corruption"],"picked":"Immolate","floor":13.0},{"not_picked":["Entrench","Bloodletting","Cleave"],"picked":"SKIP","floor":14.0},{"not_picked":["Immolate","Juggernaut"],"picked":"Feed","floor":16.0},{"not_picked":["Havoc+1","Wild Strike"],"picked":"True Grit","floor":18.0},{"not_picked":["Twin Strike","Searing Blow+1"],"picked":"Armaments","floor":21.0},{"not_picked":["Body Slam","Warcry"],"picked":"Shrug It Off","floor":22.0}],"player_experience":428229,"relics_obtained":[{"floor":7.0,"key":"Strawberry"},{"floor":9.0,"key":"War Paint"},{"floor":13.0,"key":"Omamori"}],"event_choices":[{"cards_removed":["Strike_R"],"damage_healed":0.0,"max_hp_gain":0.0,"max_hp_loss":0.0,"gold_gain":0.0,"event_name":"Golden Wing","player_choice":"Card Removal","floor":2.0,"gold_loss":0.0,"damage_taken":7.0},{"damage_healed":0.0,"max_hp_gain":0.0,"max_hp_loss":0.0,"gold_gain":0.0,"event_name":"Shining Light","player_choice":"Entered Light","floor":3.0,"gold_loss":0.0,"damage_taken":23.0,"cards_upgraded":["Strike_R","Defend_R"]},{"damage_healed":0.0,"max_hp_gain":0.0,"max_hp_loss":0.0,"gold_gain":0.0,"event_name":"Beggar","player_choice":"Ignored","floor":19.0,"gold_loss":0.0,"damage_taken":0.0},{"damage_healed":0.0,"max_hp_gain":0.0,"max_hp_loss":0.0,"gold_gain":0.0,"event_name":"Lab","player_choice":"Got Potions","floor":20.0,"gold_loss":0.0,"damage_taken":0.0}],"is_beta":false,"boss_relics":[{"not_picked":["Lizard Tail","Coffee Dripper"],"picked":"Black Star"}],"items_purged_floors":[],"is_endless":false,"potions_floor_spawned":[4,8,12,14,16],"killed_by":"Gremlin Leader","ascension_level":19}