{"gold_per_floor":[209,284,300,327,245,245,260,260,286,299,311,330,280,293,293,391,391,403,403,418,418,216,216,18,38,38,38,58,8,8,20,20,118,118,132,13,25,25,25,25,25,53,53,64,39,52,52,65,65,65],"floor_reached":51,"playtime":2023,"items_purged":["Defend_B","Defend_B","Strike_B","Strike_B"],"score":769,"play_id":"745ea477-cc8c-46ec-a988-7f7f478d6f03","local_time":"20190115223547","is_ascension_mode":false,"campfire_choices":[{"data":"Zap","floor":6.0,"key":"SMITH"},{"data":"Defragment","floor":8.0,"key":"SMITH"},{"data":"Dualcast","floor":15.0,"key":"SMITH"},{"data":"Buffer","floor":23.0,"key":"SMITH"},{"data":"Rainbow","floor":27.0,"key":"SMITH"},{"floor":30.0,"key":"REST"},{"data":"Capacitor","floor":32.0,"key":"SMITH"},{"data":"Rainbow","floor":40.0,"key":"SMITH"},{"data":"Buffer","floor":47.0,"key":"SMITH"},{"data":"Seek","floor":49.0,"key":"SMITH"}],"neow_cost":"NONE","seed_source_timestamp":1909687274674774,"circlet_count":0,"master_deck":["Strike_B","Defend_B+1","Defend_B","Zap+1","Dualcast+1","Conserve Battery","Conserve Battery+1","Defragment+1","Coolheaded","Capacitor+1","Buffer+1","Barrage+1","Rainbow+1","Decay","Coolheaded","Chill","Rainbow+1","Ball Lightning+1","Seek+1","Barrage+1","Madness","Madness","Buffer+1","Coolheaded"],"special_seed":0,"relics":["Cracked Core","Ancient Tea Set","Smiling Mask","Cursed Key","War Paint","Runic Capacitor","Pantograph","Nuclear Battery","Regal Pillow"],"potions_floor_usage":[50,50],"damage_taken":[{"damage":0.0,"enemies":"Small Slimes","floor":1.0,"turns":3.0},{"damage":1.0,"enemies":"Jaw Worm","floor":3.0,"turns":3.0},{"damage":0.0,"enemies":"Cultist","floor":7.0,"turns":3.0},{"damage":4.0,"enemies":"Lots of Slimes","floor":10.0,"turns":4.0},{"damage":1.0,"enemies":"2 Fungi Beasts","floor":11.0,"turns":4.0},{"damage":9.0,"enemies":"Exordium Wildlife","floor":12.0,"turns":6.0},{"damage":0.0,"enemies":"Exordium Thugs","floor":14.0,"turns":4.0},{"damage":32.0,"enemies":"Slime Boss","floor":16.0,"turns":15.0},{"damage":19.0,"enemies":"2 Thieves","floor":18.0,"turns":4.0},{"damage":0.0,"enemies":"Shell Parasite","floor":20.0,"turns":9.0},{"damage":13.0,"enemies":"Centurion and Healer","floor":25.0,"turns":8.0},{"damage":10.0,"enemies":"3 Cultists","floor":28.0,"turns":5.0},{"damage":0.0,"enemies":"Chosen and Byrds","floor":31.0,"turns":6.0},{"damage":0.0,"enemies":"Collector","floor":33.0,"turns":11.0},{"damage":0.0,"enemies":"Orb Walker","floor":35.0,"turns":3.0},{"damage":0.0,"enemies":"3 Shapes","floor":37.0,"turns":4.0},{"damage":4.0,"enemies":"Giant Head","floor":42.0,"turns":7.0},{"damage":9.0,"enemies":"Jaw Worm Horde","floor":44.0,"turns":4.0},{"damage":5.0,"enemies":"Writhing Mass","floor":46.0,"turns":6.0},{"damage":0.0,"enemies":"3 Darklings","floor":48.0,"turns":5.0},{"damage":0,"enemies":"Donu and Deca","floor":50,"turns":9}],"seed_played":"-685638245036251264","potions_obtained":[{"floor":3.0,"key":"FearPotion"},{"floor":7.0,"key":"Poison Potion"},{"floor":11.0,"key":"Poison Potion"},{"floor":18.0,"key":"AttackPotion"},{"floor":19.0,"key":"Energy Potion"},{"floor":19.0,"key":"Weak Potion"},{"floor":28.0,"key":"Dexterity Potion"},{"floor":37.0,"key":"Block Potion"},{"floor":46.0,"key":"AttackPotion"}],"is_trial":false,"path_per_floor":["M","?","M","T","$","R","M","R","T","M","M","M","$","M","R","B",null,"M","?","M","?","$","R","$","M","T","R","M","$","R","M","R","B",null,"M","$","M","$","?","R","?","E","T","M","$","M","R","M","R","B",null],"character_chosen":"DEFECT","items_purchased":["Defragment","War Paint","Runic Capacitor","Seek","Coolheaded"],"campfire_rested":1,"item_purchase_floors":[5,22,24,36,45],"current_hp_per_floor":[75,64,63,63,63,63,63,63,63,59,58,49,49,49,49,17,75,56,56,56,56,56,56,56,43,43,43,33,33,55,55,55,75,75,75,75,75,75,66,66,66,62,62,53,53,48,48,48,48,73],"gold":65,"neow_bonus":"HUNDRED_GOLD","is_prod":false,"is_daily":false,"chose_seed":false,"campfire_upgraded":9,"win_rate":0,"timestamp":1547591747,"path_taken":["M","?","M","?","$","R","M","R","T","M","M","M","$","M","R","BOSS","M","?","?","?","?","R","$","M","T","R","?","$","R","M","R","BOSS","M","$","M","$","?","R","?","E","T","M","?","?","R","M","R","BOSS"],"build_version":"2019-01-10","purchased_purges":4,"victory":true,"max_hp_per_floor":[75,75,75,75,75,75,75,75,75,75,75,75,75,75,75,75,75,75,75,75,75,75,75,75,75,75,75,75,75,75,75,75,75,75,75,75,75,75,75,75,75,75,75,75,75,75,75,75,75,75],"card_choices":[{"not_picked":["Steam","Reinforced Body"],"picked":"Conserve Battery","floor":1.0},{"not_picked":["Redo","Sweeping Beam"],"picked":"Conserve Battery","floor":3.0},{"not_picked":["Cold Snap","Auto Shields"],"picked":"Coolheaded","floor":7.0},{"not_picked":["Coolheaded","Sweeping Beam","Barrage"],"picked":"SKIP","floor":10.0},{"not_picked":["Cold Snap","Amplify","Gash"],"picked":"SKIP","floor":11.0},{"not_picked":["Compile Driver","Leap"],"picked":"Capacitor","floor":12.0},{"not_picked":["Stack","Turbo","Leap"],"picked":"SKIP","floor":14.0},{"not_picked":["Machine Learning","All For One"],"picked":"Buffer","floor":16.0},{"not_picked":["Cold Snap","Steam","Sweeping Beam"],"picked":"SKIP","floor":18.0},{"not_picked":["Scrape","Streamline"],"picked":"Barrage+1","floor":20.0},{"not_picked":["Ball Lightning","Consume+1"],"picked":"Rainbow","floor":25.0},{"not_picked":["Streamline","Sunder"],"picked":"Coolheaded","floor":28.0},{"not_picked":["Cold Snap","Redo"],"picked":"Chill","floor":31.0},{"not_picked":["All For One","Amplify"],"picked":"Rainbow","floor":33.0},{"not_picked":["Stack","Conserve Battery+1"],"picked":"Ball Lightning+1","floor":35.0},{"not_picked":["Beam Cell+1","Sweeping Beam"],"picked":"Barrage+1","floor":37.0},{"not_picked":["Stack+1","Gash+1","Darkness+1"],"picked":"SKIP","floor":42.0},{"not_picked":["Hello World+1","Gash+1"],"picked":"Buffer","floor":44.0},{"not_picked":["Reinforced Body","Gash+1","Sunder+1"],"picked":"SKIP","floor":46.0},{"not_picked":["Melter","Gash","Barrage+1"],"picked":"SKIP","floor":48.0}],"player_experience":971119,"relics_obtained":[{"floor":4.0,"key":"Ancient Tea Set"},{"floor":9.0,"key":"Smiling Mask"},{"floor":26.0,"key":"Pantograph"},{"floor":42.0,"key":"Regal Pillow"}],"event_choices":[{"damage_healed":0.0,"max_hp_gain":0.0,"max_hp_loss":0.0,"gold_gain":75.0,"event_name":"World of Goop","player_choice":"Gather Gold","floor":2.0,"gold_loss":0.0,"damage_taken":11.0},{"damage_healed":0.0,"max_hp_gain":0.0,"max_hp_loss":0.0,"gold_gain":0.0,"event_name":"Lab","player_choice":"Got Potions","floor":19.0,"gold_loss":0.0,"damage_taken":0.0},{"damage_healed":0.0,"max_hp_gain":0.0,"max_hp_loss":0.0,"gold_gain":0.0,"event_name":"Cursed Tome","player_choice":"Ignored","floor":21.0,"gold_loss":0.0,"damage_taken":0.0},{"damage_healed":0.0,"max_hp_gain":0.0,"max_hp_loss":0.0,"gold_gain":0.0,"event_name":"Winding Halls","player_choice":"Embrace Madness","floor":39.0,"gold_loss":0.0,"damage_taken":9.0,"cards_obtained":["Madness","Madness"]},{"cards_removed":["Strike_B"],"damage_healed":0.0,"max_hp_gain":0.0,"max_hp_loss":0.0,"gold_gain":0.0,"event_name":"Falling","player_choice":"Removed Attack","floor":41.0,"gold_loss":0.0,"damage_taken":0.0}],"is_beta":false,"boss_relics":[{"not_picked":["Calling Bell","Empty Cage"],"picked":"Cursed Key"},{"not_picked":["Runic Pyramid","Snecko Eye"],"picked":"Nuclear Battery"}],"items_purged_floors":[13,22,29,36],"is_endless":false,"potions_floor_spawned":[3,7,11,18,28,37,46],"ascension_level":0}