{"gold_per_floor":[109,184,195,2,18,18,36,36,36,47,103,103,133,153,153,256,256,256,256,256,256,101,101,101,101,101,101,101,101,101,101,101,101],"floor_reached":33,"playtime":906,"items_purged":[],"score":251,"play_id":"0af3113a-81ae-4496-af67-4814bedf6c3b","local_time":"20181230005312","is_ascension_mode":false,"campfire_choices":[{"data":"Dualcast","floor":6,"key":"SMITH"},{"data":"Zap","floor":8,"key":"SMITH"},{"data":"Ball Lightning","floor":12,"key":"SMITH"},{"data":"Auto Shields","floor":15,"key":"SMITH"},{"data":"Thunder Strike","floor":25,"key":"SMITH"},{"data":"Chaos","floor":28,"key":"SMITH"},{"floor":32,"key":"REST"}],"neow_cost":"NONE","seed_source_timestamp":450421818530793,"circlet_count":0,"master_deck":["Strike_B","Strike_B","Defend_B","Defend_B","Defend_B","Defend_B","Zap+1","Dualcast+1","Chill","Ball Lightning+1","Auto Shields+1","Loop+1","Thunder Strike+1","Chaos+1","Stack+1","Melter","Double Energy","BootSequence"],"relics":["Cracked Core","Membership Card","Frozen Egg 2","Emotion Chip","Regal Pillow","Ectoplasm","Bag of Preparation","Lantern","Dream Catcher"],"potions_floor_usage":[11,33,33],"damage_taken":[{"damage":1,"enemies":"Jaw Worm","floor":1,"turns":3},{"damage":0,"enemies":"Small Slimes","floor":3,"turns":2},{"damage":1,"enemies":"2 Louse","floor":5,"turns":2},{"damage":10,"enemies":"Gremlin Gang","floor":7,"turns":4},{"damage":4,"enemies":"Large Slime","floor":10,"turns":5},{"damage":6,"enemies":"Lagavulin Event","floor":11,"turns":5},{"damage":22,"enemies":"Gremlin Nob","floor":13,"turns":4},{"damage":0,"enemies":"3 Louse","floor":14,"turns":4},{"damage":10,"enemies":"The Guardian","floor":16,"turns":9},{"damage":10,"enemies":"Shell Parasite","floor":18,"turns":5},{"damage":9,"enemies":"Chosen","floor":19,"turns":5},{"damage":1,"enemies":"Sentry and Sphere","floor":23,"turns":4},{"damage":7,"enemies":"Cultist and Chosen","floor":24,"turns":6},{"damage":5,"enemies":"Centurion and Healer","floor":27,"turns":6},{"damage":21,"enemies":"Snake Plant","floor":29,"turns":3},{"damage":9,"enemies":"Cultist and Chosen","floor":31,"turns":6},{"damage":31,"enemies":"Collector","floor":33,"turns":7}],"seed_played":"-6179980215474510068","potions_obtained":[{"floor":1,"key":"Strength Potion"},{"floor":3,"key":"Energy Potion"},{"floor":5,"key":"Fire Potion"},{"floor":13,"key":"Explosive Potion"},{"floor":16,"key":"PowerPotion"},{"floor":23,"key":"PowerPotion"}],"is_trial":false,"path_per_floor":["M","?","M","$","M","R","M","R","T","M","?","R","E","M","R","B",null,"M","M","$","?","$","M","M","R","T","M","R","M","?","M","R","B"],"character_chosen":"DEFECT","items_purchased":["Membership Card","Bag of Preparation","Lantern"],"campfire_rested":1,"item_purchase_floors":[4,22,22],"current_hp_per_floor":[81,70,70,70,69,69,59,59,59,55,49,49,27,27,27,17,82,72,63,63,63,63,62,55,55,55,50,50,29,29,20,59,28],"gold":101,"neow_bonus":"TEN_PERCENT_HP_BONUS","is_prod":false,"is_daily":false,"chose_seed":false,"campfire_upgraded":6,"win_rate":0,"timestamp":1546131192,"path_taken":["M","?","M","$","M","R","M","R","T","M","?","R","E","M","R","BOSS","M","M","$","?","$","M","M","R","T","M","R","M","?","M","R","BOSS"],"build_version":"2018-12-20","purchased_purges":0,"victory":false,"max_hp_per_floor":[82,82,82,82,82,82,82,82,82,82,82,82,82,82,82,82,82,82,82,82,82,82,82,82,82,82,82,82,82,82,82,82,82],"card_choices":[{"not_picked":["Go for the Eyes","Heatsinks"],"picked":"Chill","floor":1},{"not_picked":["Turbo","Beam Cell"],"picked":"Ball Lightning","floor":3},{"not_picked":["Leap","Gash"],"picked":"Auto Shields","floor":5},{"not_picked":["Core Surge","Barrage","Coolheaded"],"picked":"SKIP","floor":7},{"not_picked":["Compile Driver","Coolheaded","Heatsinks+1"],"picked":"SKIP","floor":10},{"not_picked":["Aggregate","Turbo"],"picked":"Loop+1","floor":13},{"not_picked":["Double Energy","Cold Snap","Compile Driver"],"picked":"SKIP","floor":14},{"not_picked":["Meteor Strike","Hyperbeam"],"picked":"Thunder Strike","floor":16},{"not_picked":["Skim","White Noise","Reprogram+1"],"picked":"SKIP","floor":18},{"not_picked":["Barrage","Hello World+1","Go for the Eyes"],"picked":"SKIP","floor":19},{"not_picked":["Leap","Sweeping Beam","Heatsinks+1"],"picked":"SKIP","floor":23},{"not_picked":["Aggregate","Hyperbeam","Lockon"],"picked":"SKIP","floor":24},{"not_picked":["Cold Snap","Ball Lightning"],"picked":"Chaos","floor":27},{"not_picked":["Genetic Algorithm","Leap"],"picked":"Stack+1","floor":29},{"not_picked":["Recycle","Coolheaded","Steam Power"],"picked":"SKIP","floor":31},{"not_picked":["Gash","Aggregate"],"picked":"BootSequence","floor":32}],"player_experience":924670,"relics_obtained":[{"floor":9,"key":"Frozen Egg 2"},{"floor":11,"key":"Emotion Chip"},{"floor":13,"key":"Regal Pillow"},{"floor":26,"key":"Dream Catcher"}],"event_choices":[{"damage_healed":0,"gold_gain":75,"player_choice":"Gather Gold","damage_taken":11,"max_hp_gain":0,"max_hp_loss":0,"event_name":"World of Goop","floor":2,"gold_loss":0},{"damage_healed":0,"gold_gain":30,"player_choice":"Searched \u00272\u0027 times","damage_taken":0,"max_hp_gain":0,"max_hp_loss":0,"event_name":"Dead Adventurer","floor":11,"gold_loss":0},{"damage_healed":0,"gold_gain":99,"player_choice":"Stole From Cult","damage_taken":0,"max_hp_gain":0,"max_hp_loss":0,"event_name":"Nest","floor":21,"gold_loss":0},{"damage_healed":0,"gold_gain":0,"cards_transformed":["Strike_B","Strike_B"],"player_choice":"Became Test Subject","damage_taken":0,"max_hp_gain":0,"max_hp_loss":0,"event_name":"Drug Dealer","floor":30,"gold_loss":0,"cards_obtained":["Melter","Double Energy"]}],"is_beta":false,"boss_relics":[{"not_picked":["Fusion Hammer","Velvet Choker"],"picked":"Ectoplasm"}],"items_purged_floors":[],"is_endless":false,"potions_floor_spawned":[1,3,5,13,16,19,23,27,29],"killed_by":"Collector","ascension_level":0}