{"gold_per_floor":[110,125,47,64,214,214,249,249,249,249,266,266,281,131,131,208,208,225,225,279,292,310,310,310],"floor_reached":24,"playtime":788,"items_purged":["Strike_B"],"score":353,"play_id":"58ca2db4-5db1-4368-998e-d78f45a1ee0e","local_time":"20190109225109","is_ascension_mode":true,"campfire_choices":[{"data":"Creative AI","floor":6,"key":"SMITH"},{"floor":10,"key":"REST"},{"data":"Defragment","floor":12,"key":"SMITH"},{"floor":15,"key":"REST"},{"floor":23,"key":"REST"}],"neow_cost":"NONE","seed_source_timestamp":395296341759600,"circlet_count":0,"master_deck":["AscendersBane","Defend_B","Defend_B","Defend_B","Defend_B+1","Zap+1","Dualcast","Heatsinks","Ball Lightning","Go for the Eyes","Defragment+1","Creative AI+1","Conserve Battery","Defragment+1","Loop+1","Seek","Tempest","Chaos","Scrape"],"relics":["Cracked Core","Frozen Egg 2","War Paint","Snecko Eye","Bag of Marbles"],"potions_floor_usage":[16,18,18,24],"damage_taken":[{"damage":1,"enemies":"Cultist","floor":1,"turns":3},{"damage":7,"enemies":"Jaw Worm","floor":2,"turns":2},{"damage":0,"enemies":"Small Slimes","floor":4,"turns":2},{"damage":28,"enemies":"Gremlin Nob","floor":7,"turns":5},{"damage":19,"enemies":"Blue Slaver","floor":11,"turns":4},{"damage":11,"enemies":"Exordium Thugs","floor":13,"turns":4},{"damage":24,"enemies":"The Guardian","floor":16,"turns":7},{"damage":0,"enemies":"Chosen","floor":18,"turns":4},{"damage":27,"enemies":"Shell Parasite","floor":21,"turns":5},{"damage":24,"enemies":"Snecko","floor":22,"turns":5},{"damage":28,"enemies":"Book of Stabbing","floor":24,"turns":4}],"seed_played":"-7204942731639960051","potions_obtained":[{"floor":2,"key":"Swift Potion"},{"floor":13,"key":"PowerPotion"},{"floor":16,"key":"Swift Potion"},{"floor":22,"key":"Weak Potion"}],"is_trial":false,"path_per_floor":["M","M","$","M","?","R","E","?","T","R","M","R","M","$","R","B",null,"M","?","T","M","M","R","E"],"character_chosen":"DEFECT","items_purchased":["Defragment","Loop+1"],"campfire_rested":3,"item_purchase_floors":[3,14],"current_hp_per_floor":[63,56,56,56,56,56,28,28,28,49,30,30,19,19,40,16,57,57,57,57,30,6,27,0],"gold":310,"neow_bonus":"TRANSFORM_CARD","is_prod":false,"is_daily":false,"chose_seed":false,"campfire_upgraded":2,"win_rate":0,"timestamp":1547103069,"path_taken":["M","M","?","M","?","R","E","?","T","R","M","R","M","?","R","BOSS","M","?","?","M","M","R","E"],"build_version":"2019-01-03v4","purchased_purges":1,"victory":false,"max_hp_per_floor":[71,71,71,71,71,71,71,71,71,71,71,71,71,71,71,71,71,71,71,71,71,71,71,71],"card_choices":[{"not_picked":["Barrage","Capacitor"],"picked":"Ball Lightning","floor":1},{"not_picked":["Barrage","Turbo"],"picked":"Go for the Eyes","floor":2},{"not_picked":["BootSequence","Coolheaded"],"picked":"Creative AI","floor":4},{"not_picked":["Darkness","Skim","Melter"],"picked":"SKIP","floor":7},{"not_picked":["Sunder","Compile Driver"],"picked":"Conserve Battery","floor":11},{"not_picked":["Self Repair+1","Stack"],"picked":"Defragment+1","floor":13},{"not_picked":["Hyperbeam","Core Surge"],"picked":"Seek","floor":16},{"not_picked":["Ball Lightning","Redo","Compile Driver+1"],"picked":"SKIP","floor":18},{"not_picked":["Rebound","Ball Lightning","Sunder"],"picked":"SKIP","floor":21},{"not_picked":["Conserve Battery","Turbo"],"picked":"Scrape","floor":22}],"player_experience":1048593,"relics_obtained":[{"floor":7,"key":"Frozen Egg 2"},{"floor":9,"key":"War Paint"},{"floor":20,"key":"Bag of Marbles"}],"event_choices":[{"damage_healed":0,"gold_gain":150,"player_choice":"AGREE","damage_taken":0,"max_hp_gain":0,"max_hp_loss":0,"event_name":"Liars Game","floor":5,"gold_loss":0,"cards_obtained":["Doubt"]},{"cards_removed":["Doubt"],"damage_healed":0,"gold_gain":0,"player_choice":"Forget","damage_taken":0,"max_hp_gain":0,"max_hp_loss":0,"event_name":"Living Wall","floor":8,"gold_loss":0},{"damage_healed":0,"gold_gain":0,"cards_transformed":["Strike_B","Strike_B"],"player_choice":"Became Test Subject","damage_taken":0,"max_hp_gain":0,"max_hp_loss":0,"event_name":"Drug Dealer","floor":19,"gold_loss":0,"cards_obtained":["Tempest","Chaos"]}],"is_beta":false,"boss_relics":[{"not_picked":["Runic Dome","Tiny House"],"picked":"Snecko Eye"}],"items_purged_floors":[14],"is_endless":false,"potions_floor_spawned":[2,13,16,22],"killed_by":"Book of Stabbing","ascension_level":16}