{"gold_per_floor":[116,126,126,143,162,162,0,29,82,93,93,93,15,79,79,175,175,175,175,175,175,175,175,175],"floor_reached":24,"playtime":1844,"items_purged":["Strike_G"],"score":592,"play_id":"327feeae-9e40-46ff-9112-7d60a9a6c44d","local_time":"20190210030739","is_ascension_mode":true,"campfire_choices":[{"data":"Sucker Punch","floor":6,"key":"SMITH"},{"data":"Infinite Blades","floor":12,"key":"SMITH"},{"data":"Dagger Spray","floor":15,"key":"SMITH"},{"floor":23,"key":"REST"}],"neow_cost":"NONE","seed_source_timestamp":405253726793500,"circlet_count":0,"master_deck":["AscendersBane","Defend_G","Defend_G","Defend_G","Defend_G","Defend_G","Strike_G","Strike_G","Strike_G","Survivor","Neutralize+1","Cloak And Dagger","Sucker Punch+1","Slice","Dagger Throw","Terror","Caltrops","Infinite Blades+1","Infinite Blades","Well Laid Plans","Dagger Spray+1","A Thousand Cuts","Dodge and Roll+1","Backflip","Ghostly","Ghostly","Ghostly","Dash"],"special_seed":0,"relics":["Ring of the Snake","Pear","Bronze Scales","Golden Idol","Oddly Smooth Stone","Ectoplasm"],"potions_floor_usage":[2,8,14,18,24,24],"damage_taken":[{"damage":4,"enemies":"Small Slimes","floor":1,"turns":7},{"damage":3,"enemies":"Cultist","floor":2,"turns":5},{"damage":0,"enemies":"2 Louse","floor":4,"turns":3},{"damage":7,"enemies":"Large Slime","floor":5,"turns":7},{"damage":20,"enemies":"3 Sentries","floor":8,"turns":12},{"damage":1,"enemies":"2 Fungi Beasts","floor":10,"turns":4},{"damage":29,"enemies":"Gremlin Nob","floor":14,"turns":4},{"damage":1,"enemies":"The Guardian","floor":16,"turns":9},{"damage":17,"enemies":"Spheric Guardian","floor":18,"turns":4},{"damage":30,"enemies":"Chosen","floor":19,"turns":6},{"damage":5,"enemies":"Snake Plant","floor":22,"turns":5},{"damage":22,"enemies":"Gremlin Leader","floor":24,"turns":6}],"seed_played":"707380202799049807","potions_obtained":[{"floor":1,"key":"EssenceOfSteel"},{"floor":4,"key":"EssenceOfSteel"},{"floor":10,"key":"AttackPotion"},{"floor":16,"key":"EssenceOfSteel"},{"floor":18,"key":"SpeedPotion"},{"floor":19,"key":"Explosive Potion"}],"is_trial":false,"path_per_floor":["M","M","?","M","M","R","$","E","T","M","?","R","$","?","R","B",null,"M","M","?","?","M","R","E"],"character_chosen":"THE_SILENT","items_purchased":["Caltrops","Well Laid Plans"],"campfire_rested":1,"item_purchase_floors":[7,13],"current_hp_per_floor":[55,52,52,52,45,45,45,35,35,34,34,34,34,5,5,4,53,36,6,6,6,1,11,0],"gold":175,"neow_bonus":"UPGRADE_CARD","is_prod":false,"is_daily":false,"chose_seed":false,"campfire_upgraded":3,"win_rate":0,"timestamp":1549764459,"path_taken":["M","M","?","M","?","R","?","E","T","M","?","R","$","?","R","BOSS","M","M","?","?","M","R","E"],"build_version":"2019-01-23","purchased_purges":1,"victory":false,"max_hp_per_floor":[66,66,66,66,66,66,66,76,76,76,69,69,69,69,69,69,69,69,69,34,34,34,34,34],"card_choices":[{"not_picked":["Reflex","Concentrate"],"picked":"Cloak And Dagger","floor":1},{"not_picked":["Quick Slash","Cloak And Dagger"],"picked":"Sucker Punch","floor":2},{"not_picked":["Dodge and Roll","Underhanded Strike"],"picked":"Dagger Throw","floor":4},{"not_picked":["Heel Hook","Setup"],"picked":"Terror","floor":5},{"not_picked":["Grand Finale","Acrobatics"],"picked":"Infinite Blades","floor":8},{"not_picked":["Quick Slash","Slice"],"picked":"Infinite Blades","floor":10},{"not_picked":["Outmaneuver","Dagger Throw"],"picked":"Dagger Spray","floor":14},{"not_picked":["Bullet Time","Adrenaline"],"picked":"A Thousand Cuts","floor":16},{"not_picked":["Crippling Poison","Acrobatics"],"picked":"Dodge and Roll+1","floor":18},{"not_picked":["Flying Knee","Deflect"],"picked":"Backflip","floor":19},{"not_picked":["Bane","Acrobatics"],"picked":"Dash","floor":22}],"player_experience":523361,"relics_obtained":[{"floor":8,"key":"Pear"},{"floor":9,"key":"Bronze Scales"},{"floor":14,"key":"Oddly Smooth Stone"}],"event_choices":[{"damage_healed":0,"gold_gain":0,"cards_transformed":["Strike_G"],"player_choice":"Transformed","damage_taken":0,"max_hp_gain":0,"max_hp_loss":0,"event_name":"Transmorgrifier","floor":3,"gold_loss":0,"cards_obtained":["Slice"]},{"damage_healed":0,"gold_gain":0,"player_choice":"Lose Max HP","damage_taken":0,"relics_obtained":["Golden Idol"],"max_hp_gain":0,"max_hp_loss":7,"event_name":"Golden Idol","floor":11,"gold_loss":0},{"damage_healed":0,"gold_gain":30,"player_choice":"Searched \u00272\u0027 times","damage_taken":0,"max_hp_gain":0,"max_hp_loss":0,"event_name":"Dead Adventurer","floor":14,"gold_loss":0},{"damage_healed":0,"gold_gain":0,"player_choice":"Became a Ghost","damage_taken":0,"max_hp_gain":0,"max_hp_loss":35,"event_name":"Ghosts","floor":20,"gold_loss":0,"cards_obtained":["Ghostly","Ghostly","Ghostly"]},{"damage_healed":0,"gold_gain":50,"player_choice":"Stole From Cult","damage_taken":0,"max_hp_gain":0,"max_hp_loss":0,"event_name":"Nest","floor":21,"gold_loss":0}],"is_beta":false,"boss_relics":[{"not_picked":["Runic Pyramid","Busted Crown"],"picked":"Ectoplasm"}],"items_purged_floors":[7],"is_endless":false,"potions_floor_spawned":[1,4,10,16,18,19],"killed_by":"Gremlin Leader","ascension_level":20}