{"gold_per_floor":[116,134,134,144,144,144,161,161,215,215,226,259,259,259,259,358,358,372,372,372,391,472,472,472,472,472,499,499,534,392,411,411,411],"floor_reached":33,"playtime":925,"items_purged":[],"score":281,"play_id":"f7902a68-e7b1-45c9-80ca-2c7dea8db40c","local_time":"20181205141331","is_ascension_mode":false,"campfire_choices":[{"data":"Zap","floor":6.0,"key":"SMITH"},{"data":"Ball Lightning","floor":8.0,"key":"SMITH"},{"data":"Auto Shields","floor":10.0,"key":"SMITH"},{"data":"Rainbow","floor":15.0,"key":"SMITH"},{"data":"Seek","floor":23.0,"key":"SMITH"},{"data":"Conserve Battery","floor":25.0,"key":"SMITH"},{"floor":32,"key":"REST"}],"neow_cost":"NONE","seed_source_timestamp":572495199731123,"circlet_count":0,"master_deck":["Strike_B+1","Strike_B+1","Defend_B","Defend_B","Zap+1","Dualcast+1","Ball Lightning+1","Conserve Battery+1","Auto Shields+1","Rainbow+1","Undo","Seek+1","Undo","Capacitor+1","BootSequence"],"special_seed":0,"relics":["Cracked Core","NeowsBlessing","Boot","PreservedInsect","Lantern","Empty Cage","Kunai","Dream Catcher","Anchor","MawBank","Whetstone"],"potions_floor_usage":[33],"damage_taken":[{"damage":0.0,"enemies":"Jaw Worm","floor":1.0,"turns":1.0},{"damage":0.0,"enemies":"2 Louse","floor":2.0,"turns":1.0},{"damage":0.0,"enemies":"Cultist","floor":4.0,"turns":1.0},{"damage":2.0,"enemies":"3 Louse","floor":7.0,"turns":3.0},{"damage":0.0,"enemies":"Exordium Wildlife","floor":11.0,"turns":3.0},{"damage":1.0,"enemies":"Lagavulin","floor":12.0,"turns":5.0},{"damage":11.0,"enemies":"Slime Boss","floor":16.0,"turns":12.0},{"damage":5.0,"enemies":"3 Byrds","floor":18.0,"turns":4.0},{"damage":0.0,"enemies":"Shell Parasite","floor":21.0,"turns":6.0},{"damage":14.0,"enemies":"Slavers","floor":27.0,"turns":5.0},{"damage":26.0,"enemies":"Gremlin Leader","floor":29.0,"turns":8.0},{"damage":7,"enemies":"3 Cultists","floor":31,"turns":7},{"damage":50,"enemies":"Champ","floor":33,"turns":11}],"seed_played":"-7764135107813510644","potions_obtained":[{"floor":2.0,"key":"Explosive Potion"},{"floor":7.0,"key":"PowerPotion"},{"floor":11.0,"key":"SneckoOil"},{"floor":21.0,"key":"Poison Potion"}],"is_trial":false,"path_per_floor":["M","M","?","M","?","R","M","R","T","R","M","E","?","$","R","B",null,"M","?","$","M","T","R","?","R","T","E","?","E","$","M","R","B"],"character_chosen":"DEFECT","items_purchased":["Whetstone"],"campfire_rested":1,"item_purchase_floors":[30],"current_hp_per_floor":[75,75,68,68,68,68,66,66,66,66,66,65,70,70,70,59,80,75,75,75,75,75,75,75,75,75,61,61,35,35,28,52,2],"gold":411,"neow_bonus":"THREE_ENEMY_KILL","is_prod":false,"is_daily":false,"chose_seed":false,"campfire_upgraded":6,"win_rate":0,"timestamp":1544019211,"path_taken":["M","M","?","M","?","R","M","R","T","R","?","E","?","$","R","BOSS","M","?","$","M","?","R","?","R","T","E","?","E","$","?","R","BOSS"],"build_version":"2018-11-15","purchased_purges":0,"victory":false,"max_hp_per_floor":[75,75,75,75,75,75,75,75,75,75,75,75,80,80,80,80,80,80,80,80,80,80,80,80,80,80,80,80,80,80,80,80,80],"card_choices":[{"not_picked":["Steam Power","Cold Snap"],"picked":"Ball Lightning","floor":1.0},{"not_picked":["Capacitor","Genetic Algorithm"],"picked":"Conserve Battery","floor":2.0},{"not_picked":["Steam Power","Beam Cell"],"picked":"Auto Shields","floor":4.0},{"not_picked":["Rip and Tear","Compile Driver","Gash"],"picked":"SKIP","floor":7.0},{"not_picked":["Compile Driver","Heatsinks"],"picked":"Rainbow","floor":11.0},{"not_picked":["Compile Driver","Darkness","Steam"],"picked":"SKIP","floor":12.0},{"not_picked":["White Noise+1","Lockon"],"picked":"Undo","floor":18.0},{"not_picked":["Conserve Battery+1","Hologram"],"picked":"Capacitor+1","floor":21.0},{"not_picked":["Redo+1","Rip and Tear"],"picked":"BootSequence","floor":27.0},{"not_picked":["Multi-Cast","Coolheaded","Reinforced Body+1"],"picked":"SKIP","floor":29.0},{"not_picked":["Steam","Beam Cell","BootSequence"],"picked":"SKIP","floor":31}],"player_experience":853341,"relics_obtained":[{"floor":9.0,"key":"PreservedInsect"},{"floor":12.0,"key":"Lantern"},{"floor":22.0,"key":"Kunai"},{"floor":26.0,"key":"Dream Catcher"},{"floor":27.0,"key":"Anchor"},{"floor":29.0,"key":"MawBank"}],"event_choices":[{"damage_healed":0.0,"max_hp_gain":0.0,"max_hp_loss":0.0,"gold_gain":0.0,"event_name":"Scrap Ooze","player_choice":"Success","floor":3.0,"gold_loss":0.0,"damage_taken":7.0,"relics_obtained":["Boot"]},{"damage_healed":0.0,"max_hp_gain":0.0,"max_hp_loss":0.0,"gold_gain":0.0,"event_name":"Upgrade Shrine","player_choice":"Upgraded","floor":5.0,"gold_loss":0.0,"damage_taken":0.0,"cards_upgraded":["Dualcast"]},{"damage_healed":0.0,"max_hp_gain":5.0,"max_hp_loss":0.0,"gold_gain":0.0,"event_name":"Big Fish","player_choice":"Donut","floor":13.0,"gold_loss":0.0,"damage_taken":0.0},{"damage_healed":0.0,"max_hp_gain":0.0,"max_hp_loss":0.0,"gold_gain":0.0,"cards_transformed":["Strike_B","Defend_B"],"event_name":"Drug Dealer","player_choice":"Became Test Subject","floor":19.0,"gold_loss":0.0,"damage_taken":0.0,"cards_obtained":["Seek","Undo"]},{"damage_healed":0.0,"max_hp_gain":0.0,"max_hp_loss":0.0,"gold_gain":0.0,"event_name":"Vampires","player_choice":"Ignored","floor":24.0,"gold_loss":0.0,"damage_taken":0.0},{"damage_healed":0.0,"max_hp_gain":0.0,"max_hp_loss":0.0,"gold_gain":0.0,"event_name":"Cursed Tome","player_choice":"Ignored","floor":28.0,"gold_loss":0.0,"damage_taken":0.0}],"is_beta":false,"boss_relics":[{"not_picked":["Runic Dome","Lizard Tail"],"picked":"Empty Cage"}],"items_purged_floors":[],"is_endless":false,"potions_floor_spawned":[2,7,11,12,21],"killed_by":"Champ","ascension_level":0}