{"gold_per_floor":[119,119,24,36,50,50,70,70,148,168,168,198,228,228,228,327,327,344,344,344,363,381,381,381],"floor_reached":24,"playtime":1254,"items_purged":[],"score":245,"play_id":"06fe9678-b49f-4e51-b1cb-84c0333742b8","local_time":"20180713100906","is_ascension_mode":true,"campfire_choices":[{"floor":6,"key":"REST"},{"floor":8,"key":"REST"},{"floor":11,"key":"REST"},{"floor":15,"key":"REST"},{"floor":23,"key":"REST"}],"neow_cost":"FIFTY_PERCENT_DAMAGE","seed_source_timestamp":3872788723193,"circlet_count":0,"master_deck":["Strike_B","Strike_B","Strike_B","Defend_B","Defend_B","Defend_B","Zap","Dualcast","Creative AI+1","Cold Snap","Static Discharge","Ball Lightning","Steam","Beam Cell","Steam Power","Amplify","Self Repair+1","Decay","Amplify","Force Field","Zap","Injury","Turbo+1"],"relics":["Cracked Core","Mummified Hand","Potion Belt","Empty Cage"],"potions_floor_usage":[16],"damage_taken":[{"damage":1,"enemies":"Cultist","floor":1,"turns":3},{"damage":11,"enemies":"Small Slimes","floor":4,"turns":3},{"damage":15,"enemies":"2 Louse","floor":5,"turns":4},{"damage":16,"enemies":"Exordium Wildlife","floor":7,"turns":5},{"damage":6,"enemies":"Looter","floor":10,"turns":3},{"damage":17,"enemies":"3 Sentries","floor":12,"turns":3},{"damage":38,"enemies":"Slime Boss","floor":16,"turns":6},{"damage":19,"enemies":"3 Byrds","floor":18,"turns":2},{"damage":19,"enemies":"Spheric Guardian","floor":21,"turns":4},{"damage":42,"enemies":"Cultist and Chosen","floor":22,"turns":7},{"damage":41,"enemies":"Gremlin Leader","floor":24,"turns":2}],"seed_played":"-434374643372866588","potions_obtained":[{"floor":7,"key":"Dexterity Potion"},{"floor":10,"key":"FearPotion"},{"floor":18,"key":"SpeedPotion"},{"floor":22,"key":"Strength Potion"}],"is_trial":false,"path_per_floor":["M","?","$","M","M","R","M","R","T","M","R","E","?","?","R","B",null,"M","?","?","M","M","R"],"character_chosen":"DEFECT","items_purchased":["Static Discharge","Ball Lightning"],"campfire_rested":5,"item_purchase_floors":[3,3],"current_hp_per_floor":[37,37,37,26,11,33,17,39,39,33,55,38,38,38,60,29,64,52,52,52,43,11,33,0],"gold":381,"neow_bonus":"THREE_RARE_CARDS","is_prod":false,"is_daily":false,"chose_seed":false,"campfire_upgraded":0,"win_rate":0,"timestamp":1531490946,"path_taken":["M","?","$","M","M","R","M","R","T","M","R","E","?","?","R","BOSS","M","?","?","?","M","R","E"],"build_version":"2018-07-12","purchased_purges":0,"victory":false,"max_hp_per_floor":[75,75,75,75,75,75,75,75,75,75,75,75,75,75,75,75,75,75,75,75,75,75,75,75],"card_choices":[{"not_picked":["All For One","Amplify"],"picked":"Creative AI","floor":0},{"not_picked":["Sweeping Beam","Gash"],"picked":"Cold Snap","floor":1},{"not_picked":["Double Energy","Undo"],"picked":"Steam","floor":4},{"not_picked":["Coolheaded","Cold Snap"],"picked":"Beam Cell","floor":5},{"not_picked":["Scrape","Recycle"],"picked":"Steam Power","floor":7},{"not_picked":["Turbo","Rebound"],"picked":"Amplify","floor":10},{"not_picked":["Turbo","Leap"],"picked":"Self Repair","floor":12},{"not_picked":["Fission","Reboot"],"picked":"Amplify","floor":16},{"not_picked":["Hello World","Reinforced Body"],"picked":"Force Field","floor":18},{"not_picked":["Hologram","Cold Snap"],"picked":"Turbo+1","floor":21},{"not_picked":["Cold Snap","FTL","Beam Cell"],"picked":"SKIP","floor":22}],"player_experience":342187,"relics_obtained":[{"floor":9,"key":"Mummified Hand"},{"floor":12,"key":"Potion Belt"}],"event_choices":[{"event_name":"Upgrade Shrine","player_choice":"Upgraded","floor":2,"damage_taken":0},{"event_name":"Dead Adventurer","player_choice":"Searched \u00271\u0027 times","floor":13,"damage_taken":0},{"event_name":"Wheel of Change","player_choice":"Curse","floor":14,"damage_taken":0},{"event_name":"Match and Keep!","player_choice":"1 cards matched","floor":19,"damage_taken":0},{"event_name":"Accursed Blacksmith","player_choice":"Forge","floor":20,"damage_taken":0}],"boss_relics":[{"not_picked":["Sozu","Philosopher\u0027s Stone"],"picked":"Empty Cage"}],"items_purged_floors":[],"is_endless":false,"potions_floor_spawned":[7,10,18,22],"killed_by":"Gremlin Leader","ascension_level":5}