{"gold_per_floor":[114,39,51,62,72,72,105,7,7,26,41,41,141,153,153,256,256,269,280,180,180],"floor_reached":21,"playtime":1464,"items_purged":["Strike_G","Strike_G"],"score":183,"play_id":"203e6459-5123-4e81-a114-f7b625dd1dbb","local_time":"20181007185927","is_ascension_mode":false,"campfire_choices":[{"floor":6,"key":"REST"},{"data":"Noxious Fumes","floor":12,"key":"SMITH"},{"floor":15,"key":"REST"}],"neow_cost":"NONE","seed_source_timestamp":1302720344911913,"circlet_count":0,"master_deck":["Defend_G","Defend_G","Defend_G","Defend_G","Defend_G","Survivor","Neutralize","Expertise","Dagger Throw","Noxious Fumes+1","Dagger Spray","Flying Knee","Burst","Footwork","Dagger Spray","Finisher","Dodge and Roll","Dagger Spray","Prepared","Blade Dance+1","Flying Knee+1","Heel Hook+1","Well Laid Plans"],"relics":["Orrery","Regal Pillow","Matryoshka","Astrolabe"],"potions_floor_usage":[16,16],"damage_taken":[{"damage":2,"enemies":"2 Louse","floor":1,"turns":2},{"damage":4,"enemies":"Cultist","floor":3,"turns":3},{"damage":0,"enemies":"Small Slimes","floor":4,"turns":3},{"damage":15,"enemies":"Looter","floor":5,"turns":3},{"damage":15,"enemies":"Gremlin Nob","floor":7,"turns":5},{"damage":4,"enemies":"2 Fungi Beasts","floor":10,"turns":3},{"damage":8,"enemies":"Blue Slaver","floor":11,"turns":6},{"damage":10,"enemies":"Looter","floor":14,"turns":4},{"damage":3,"enemies":"Slime Boss","floor":16,"turns":10},{"damage":15,"enemies":"Spheric Guardian","floor":18,"turns":5},{"damage":20,"enemies":"2 Thieves","floor":19,"turns":4},{"damage":38,"enemies":"Colosseum Slavers","floor":21,"turns":4}],"seed_played":"-4630002348934164366","potions_obtained":[{"floor":1,"key":"SteroidPotion"},{"floor":4,"key":"Fire Potion"},{"floor":10,"key":"SkillPotion"},{"floor":19,"key":"Dexterity Potion"}],"is_trial":false,"path_per_floor":["M","$","M","M","M","R","E","$","T","M","M","R","?","M","R","B",null,"M","M","$"],"character_chosen":"THE_SILENT","items_purchased":["Footwork","Dagger Spray"],"campfire_rested":2,"item_purchase_floors":[2,8],"current_hp_per_floor":[68,68,64,64,49,70,55,55,55,51,43,43,43,33,69,66,70,55,35,35,0],"gold":180,"neow_bonus":"BOSS_RELIC","is_prod":false,"is_daily":false,"chose_seed":false,"campfire_upgraded":1,"win_rate":0.0,"timestamp":1538909967,"path_taken":["M","$","M","M","M","R","E","$","T","M","M","R","?","M","R","BOSS","M","M","$","?"],"build_version":"2018-10-04v2","purchased_purges":2,"victory":false,"max_hp_per_floor":[70,70,70,70,70,70,70,70,70,70,70,70,70,70,70,70,70,70,70,70,70],"card_choices":[{"not_picked":["Deadly Poison","Slice"],"picked":"Expertise","floor":0},{"not_picked":["Flechettes","Acrobatics"],"picked":"Dagger Throw","floor":0},{"not_picked":["Deadly Poison","Prepared"],"picked":"Noxious Fumes","floor":0},{"not_picked":["Quick Slash","Choke"],"picked":"Dagger Spray","floor":0},{"not_picked":["Blade Dance","Flechettes"],"picked":"Flying Knee","floor":0},{"not_picked":["Prepared","Endless Agony"],"picked":"Burst","floor":1},{"not_picked":["Choke","Flying Knee"],"picked":"Dagger Spray","floor":3},{"not_picked":["Deflect","Blade Dance"],"picked":"Finisher","floor":4},{"not_picked":["Bouncing Flask","All Out Attack"],"picked":"Dodge and Roll","floor":5},{"not_picked":["Poisoned Stab","Blade Dance","Slice"],"picked":"SKIP","floor":7},{"not_picked":["Poisoned Stab","All Out Attack","Venomology"],"picked":"SKIP","floor":10},{"not_picked":["Bouncing Flask","Reflex","Slice"],"picked":"SKIP","floor":11},{"not_picked":["Dash","Masterful Stab"],"picked":"Prepared","floor":14},{"not_picked":["Blade Dance","Dodge and Roll+1"],"picked":"Well Laid Plans","floor":18},{"not_picked":["Prepared","Underhanded Strike","Bouncing Flask"],"picked":"SKIP","floor":19}],"player_experience":4443,"relics_obtained":[{"floor":7,"key":"Regal Pillow"},{"floor":9,"key":"Matryoshka"}],"event_choices":[{"event_name":"Golden Shrine","player_choice":"Pray","floor":13,"damage_taken":0},{"event_name":"Colosseum","player_choice":"Fight","floor":21,"damage_taken":0}],"is_beta":false,"boss_relics":[{"not_picked":["WristBlade","Eternal Feather"],"picked":"Astrolabe"}],"items_purged_floors":[8,20],"is_endless":false,"potions_floor_spawned":[1,4,10,19],"killed_by":"Colosseum Slavers","ascension_level":0}