{"gold_per_floor":[115,115,115,42,52,52,85,95,176,191,224,224,149,166,166,270,270,286,0,19,19,39,73,73,103,103,103],"floor_reached":27,"playtime":1323,"items_purged":["Strike_G"],"score":300,"play_id":"07ab4f15-1b60-4443-83ce-4f63ca5c68e8","local_time":"20181219185545","is_ascension_mode":true,"campfire_choices":[{"data":"A Thousand Cuts","floor":6,"key":"SMITH"},{"floor":12,"key":"REST"},{"floor":15,"key":"REST"},{"floor":24,"key":"REST"}],"neow_cost":"TEN_PERCENT_HP_LOSS","seed_source_timestamp":453171421736219,"circlet_count":0,"master_deck":["Defend_G","Defend_G","Defend_G","Defend_G","Defend_G+1","Strike_G","Survivor","Neutralize","Riddle With Holes","Infinite Blades","Cloak And Dagger","A Thousand Cuts+1","Blur","Backflip","Well Laid Plans","Dagger Spray","Deflect","Dagger Spray","Unload","Backflip","Accuracy","Cloak And Dagger","Crippling Poison","Terror","Dagger Spray"],"relics":["Ring of the Snake","Lantern","Pear","Ninja Scroll","HoveringKite","Kunai","Frozen Egg 2","Art of War","Torii"],"potions_floor_usage":[16,16,16,25,25],"damage_taken":[{"damage":1,"enemies":"Jaw Worm","floor":1,"turns":4},{"damage":4,"enemies":"Cultist","floor":5,"turns":4},{"damage":33,"enemies":"Gremlin Nob","floor":7,"turns":5},{"damage":0,"enemies":"Small Slimes","floor":8,"turns":4},{"damage":2,"enemies":"2 Fungi Beasts","floor":10,"turns":4},{"damage":6,"enemies":"3 Sentries","floor":11,"turns":4},{"damage":0,"enemies":"Blue Slaver","floor":14,"turns":3},{"damage":22,"enemies":"The Guardian","floor":16,"turns":13},{"damage":4,"enemies":"3 Byrds","floor":18,"turns":4},{"damage":20,"enemies":"2 Thieves","floor":20,"turns":3},{"damage":1,"enemies":"Chosen and Byrds","floor":22,"turns":4},{"damage":20,"enemies":"Gremlin Leader","floor":23,"turns":6},{"damage":26,"enemies":"Book of Stabbing","floor":25,"turns":5},{"damage":29,"enemies":"Snecko","floor":27,"turns":4}],"seed_played":"-1945175126510601645","potions_obtained":[{"floor":1,"key":"Poison Potion"},{"floor":7,"key":"AttackPotion"},{"floor":14,"key":"Swift Potion"},{"floor":16,"key":"GhostInAJar"},{"floor":20,"key":"Dexterity Potion"},{"floor":25,"key":"Poison Potion"}],"is_trial":false,"path_per_floor":["M","?","?","$","M","R","E","M","T","M","E","R","$","M","R","B",null,"M","$","M","?","M","E","R","E","T","M"],"character_chosen":"THE_SILENT","items_purchased":["A Thousand Cuts","Accuracy","Kunai"],"campfire_rested":3,"item_purchase_floors":[4,19,19],"current_hp_per_floor":[62,49,49,49,45,45,12,12,22,20,14,35,35,35,56,34,73,69,69,49,49,48,28,49,23,23,0],"gold":103,"neow_bonus":"TRANSFORM_TWO_CARDS","is_prod":false,"is_daily":false,"chose_seed":false,"campfire_upgraded":1,"win_rate":0,"timestamp":1545216945,"path_taken":["M","?","?","$","M","R","E","M","T","?","E","R","$","M","R","BOSS","M","$","?","?","M","E","R","E","T","M"],"build_version":"2018-12-13","purchased_purges":1,"victory":false,"max_hp_per_floor":[63,63,63,63,63,63,63,63,73,73,73,73,73,73,73,73,73,73,73,73,73,73,73,73,73,73,73],"card_choices":[{"not_picked":["All Out Attack","Dagger Throw"],"picked":"Cloak And Dagger","floor":1},{"not_picked":["Deflect","Catalyst"],"picked":"Blur","floor":5},{"not_picked":["Slice","Dash"],"picked":"Backflip","floor":7},{"not_picked":["Catalyst","Blur"],"picked":"Well Laid Plans","floor":8},{"not_picked":["Backstab","Infinite Blades"],"picked":"Dagger Spray","floor":10},{"not_picked":["Deadly Poison","Cloak And Dagger"],"picked":"Deflect","floor":11},{"not_picked":["Underhanded Strike","Infinite Blades"],"picked":"Dagger Spray","floor":14},{"not_picked":["Venomology","Burst"],"picked":"Unload","floor":16},{"not_picked":["Bane","Infinite Blades"],"picked":"Backflip","floor":18},{"not_picked":["Deadly Poison","Dodge and Roll+1"],"picked":"Cloak And Dagger","floor":20},{"not_picked":["Slice","Endless Agony"],"picked":"Crippling Poison","floor":22},{"not_picked":["Poisoned Stab","Bouncing Flask"],"picked":"Terror","floor":23},{"not_picked":["All Out Attack+1","Bane"],"picked":"Dagger Spray","floor":25}],"player_experience":58410,"relics_obtained":[{"floor":7,"key":"Lantern"},{"floor":9,"key":"Pear"},{"floor":11,"key":"Ninja Scroll"},{"floor":23,"key":"Frozen Egg 2"},{"floor":25,"key":"Art of War"},{"floor":26,"key":"Torii"}],"event_choices":[{"damage_healed":0,"gold_gain":0,"player_choice":"Entered Light","damage_taken":13,"max_hp_gain":0,"max_hp_loss":0,"event_name":"Shining Light","floor":2,"gold_loss":0,"cards_upgraded":["Defend_G","Strike_G"]},{"damage_healed":0,"gold_gain":0,"player_choice":"Bought 0 Potions","damage_taken":0,"max_hp_gain":0,"max_hp_loss":0,"event_name":"The Woman in Blue","floor":3,"gold_loss":0},{"cards_removed":["Strike_G"],"damage_healed":0,"gold_gain":0,"player_choice":"Elegance","damage_taken":0,"max_hp_gain":0,"max_hp_loss":0,"event_name":"Back to Basics","floor":21,"gold_loss":0}],"is_beta":false,"boss_relics":[{"not_picked":["Tiny House","Empty Cage"],"picked":"HoveringKite"}],"items_purged_floors":[13],"is_endless":false,"potions_floor_spawned":[1,7,14,16,20,25],"killed_by":"Snecko","ascension_level":3}