{"gold_per_floor":[110,110,110,110,121,121,151,151,174,188,219,219,219,33,33,107,107,122,122,140,190,204,204,231,231,280,280,5,25,56,56,56,134,134,148,148,166,182,182,182,212,212,235,23,52,62,96,126,138,150],"floor_reached":51,"playtime":9049,"items_purged":["Strike_G","Strike_G","Writhe"],"score":1642,"play_id":"8bf780cd-86c8-4f67-9901-7d84b1e5e10c","local_time":"20190206074127","is_ascension_mode":true,"campfire_choices":[{"data":"Neutralize","floor":6,"key":"SMITH"},{"data":"Poisoned Stab","floor":8,"key":"SMITH"},{"data":"Infinite Blades","floor":15,"key":"SMITH"},{"floor":23,"key":"REST"},{"floor":25,"key":"REST"},{"floor":27,"key":"REST"},{"floor":32,"key":"REST"},{"data":"Noxious Fumes","floor":40,"key":"SMITH"},{"data":"Well Laid Plans","floor":42,"key":"SMITH"},{"floor":49,"key":"REST"}],"neow_cost":"NONE","seed_source_timestamp":68955570881700,"circlet_count":0,"master_deck":["AscendersBane","Defend_G","Defend_G","Defend_G","Defend_G+1","Defend_G+1","Strike_G","Strike_G","Survivor","Neutralize+1","Poisoned Stab+1","Deadly Poison+1","Cloak And Dagger+1","Acrobatics+1","Infinite Blades+1","Dodge and Roll+1","Die Die Die","Catalyst+1","Prepared+1","Dodge and Roll+1","Noxious Fumes+1","Blur+1","Backflip+1","Cloak And Dagger+1","Acrobatics+1","Malaise+1","Prepared+1","Well Laid Plans+1","Calculated Gamble+1","Leg Sweep+1","PiercingWail+1","Backflip+1","Calculated Gamble+1","Cloak And Dagger+1","Backflip+1"],"relics":["Ring of the Snake","NeowsBlessing","Toxic Egg 2","Bag of Preparation","Art of War","Lantern","Sozu","Tough Bandages","Dream Catcher","Bronze Scales","Cursed Key","Bag of Marbles","Strawberry","Mummified Hand","MawBank"],"potions_floor_usage":[11,16,16],"damage_taken":[{"damage":0,"enemies":"Jaw Worm","floor":1,"turns":1},{"damage":0,"enemies":"Small Slimes","floor":5,"turns":1},{"damage":0,"enemies":"Gremlin Nob","floor":7,"turns":1},{"damage":0,"enemies":"2 Louse","floor":10,"turns":2},{"damage":9,"enemies":"Lagavulin","floor":11,"turns":5},{"damage":9,"enemies":"Hexaghost","floor":16,"turns":9},{"damage":0,"enemies":"Spheric Guardian","floor":18,"turns":5},{"damage":9,"enemies":"2 Thieves","floor":20,"turns":4},{"damage":23,"enemies":"Shelled Parasite and Fungi","floor":22,"turns":6},{"damage":36,"enemies":"Slavers","floor":24,"turns":7},{"damage":0,"enemies":"Centurion and Healer","floor":29,"turns":6},{"damage":2,"enemies":"Book of Stabbing","floor":30,"turns":6},{"damage":0,"enemies":"Champ","floor":33,"turns":10},{"damage":0,"enemies":"3 Darklings","floor":35,"turns":6},{"damage":0,"enemies":"Orb Walker","floor":37,"turns":4},{"damage":0,"enemies":"Spire Growth","floor":38,"turns":5},{"damage":1,"enemies":"Nemesis","floor":41,"turns":9},{"damage":23,"enemies":"Reptomancer","floor":45,"turns":9},{"damage":0,"enemies":"Transient","floor":46,"turns":6},{"damage":6,"enemies":"Giant Head","floor":47,"turns":9},{"damage":0,"enemies":"3 Darklings","floor":48,"turns":4},{"damage":3,"enemies":"Awakened One","floor":50,"turns":27}],"seed_played":"-7105937380519839735","potions_obtained":[{"floor":1,"key":"GamblersBrew"},{"floor":10,"key":"PowerPotion"},{"floor":11,"key":"Ancient Potion"}],"is_trial":false,"path_per_floor":["M","?","?","T","M","R","E","R","T","M","E","?","?","$","R","B",null,"M","?","M","?","M","R","E","R","T","R","$","M","E","?","R","B",null,"M","?","M","M","?","R","E","R","T","$","E","M","E","M","R","B",null],"character_chosen":"THE_SILENT","items_purchased":["Fire Potion","Dodge and Roll+1","Noxious Fumes","Blur+1","Backflip+1","Leg Sweep+1"],"campfire_rested":5,"item_purchase_floors":[14,14,28,28,28,44],"current_hp_per_floor":[59,59,59,59,59,59,59,59,59,59,50,30,52,52,52,43,60,60,60,51,45,22,41,5,24,24,43,43,43,41,35,54,54,63,63,63,63,63,63,63,62,62,69,69,46,46,40,40,61,58],"gold":162,"neow_bonus":"THREE_ENEMY_KILL","is_prod":false,"is_daily":false,"chose_seed":false,"campfire_upgraded":5,"win_rate":0,"timestamp":1549435287,"path_taken":["M","?","?","?","M","R","E","R","T","M","E","?","?","?","R","BOSS","M","?","?","?","M","R","E","R","T","R","?","M","E","?","R","BOSS","M","?","M","M","?","R","E","R","T","$","E","M","E","M","R","BOSS"],"build_version":"2019-01-23","purchased_purges":3,"victory":true,"max_hp_per_floor":[66,66,66,66,66,66,66,66,66,66,66,66,66,66,66,66,66,66,66,66,66,66,66,66,66,66,66,66,66,66,66,66,66,66,66,66,66,66,63,63,63,63,70,70,70,70,70,70,70,70],"card_choices":[{"not_picked":["Choke","Outmaneuver"],"picked":"Poisoned Stab","floor":1},{"not_picked":["Choke","Reflex+1"],"picked":"Deadly Poison+1","floor":5},{"not_picked":["Poisoned Stab","Deadly Poison+1"],"picked":"Cloak And Dagger+1","floor":7},{"not_picked":["Slice","Quick Slash"],"picked":"Acrobatics+1","floor":10},{"not_picked":["Deflect+1","Slice"],"picked":"Infinite Blades","floor":11},{"not_picked":["Grand Finale","Glass Knife"],"picked":"Die Die Die","floor":16},{"not_picked":["Blade Dance+1","Prepared+1"],"picked":"Catalyst+1","floor":18},{"not_picked":["Bane","Outmaneuver+1"],"picked":"Prepared+1","floor":20},{"not_picked":["Sucker Punch","Bane","Flying Knee"],"picked":"SKIP","floor":22},{"not_picked":["Skewer","Outmaneuver+1","Quick Slash"],"picked":"SKIP","floor":24},{"not_picked":["Tactician+1","Deadly Poison+1"],"picked":"Dodge and Roll+1","floor":27},{"not_picked":["Underhanded Strike","Dodge and Roll+1"],"picked":"Cloak And Dagger+1","floor":29},{"not_picked":["Deadly Poison+1","Masterful Stab","Underhanded Strike"],"picked":"SKIP","floor":30},{"not_picked":["Flechettes","Outmaneuver+1"],"picked":"Acrobatics+1","floor":32},{"not_picked":["Corpse Explosion+1","Wraith Form v2"],"picked":"Malaise+1","floor":33},{"not_picked":["Deadly Poison+1","All Out Attack"],"picked":"Prepared+1","floor":35},{"not_picked":["Flying Knee","A Thousand Cuts"],"picked":"Well Laid Plans","floor":37},{"not_picked":["Quick Slash","Underhanded Strike+1"],"picked":"Calculated Gamble+1","floor":38},{"not_picked":["All Out Attack","Dagger Throw","Flying Knee"],"picked":"SKIP","floor":41},{"not_picked":["Acrobatics+1","Outmaneuver+1"],"picked":"PiercingWail+1","floor":45},{"not_picked":["Bouncing Flask+1","Prepared+1"],"picked":"Backflip+1","floor":46},{"not_picked":["Deflect+1","Finisher"],"picked":"Calculated Gamble+1","floor":47},{"not_picked":["Sucker Punch","Caltrops"],"picked":"Cloak And Dagger+1","floor":48},{"not_picked":["Underhanded Strike","Doppelganger+1"],"picked":"Backflip+1","floor":49}],"player_experience":420274,"relics_obtained":[{"floor":4,"key":"Toxic Egg 2"},{"floor":7,"key":"Bag of Preparation"},{"floor":9,"key":"Art of War"},{"floor":11,"key":"Lantern"},{"floor":24,"key":"Tough Bandages"},{"floor":26,"key":"Dream Catcher"},{"floor":30,"key":"Bronze Scales"},{"floor":41,"key":"Bag of Marbles"},{"floor":43,"key":"Strawberry"},{"floor":45,"key":"Mummified Hand"},{"floor":47,"key":"MawBank"}],"event_choices":[{"cards_removed":["Strike_G"],"damage_healed":0,"gold_gain":0,"player_choice":"Forget","damage_taken":0,"max_hp_gain":0,"max_hp_loss":0,"event_name":"Living Wall","floor":2,"gold_loss":0},{"damage_healed":0,"gold_gain":0,"player_choice":"Ignored","damage_taken":0,"max_hp_gain":0,"max_hp_loss":0,"event_name":"Liars Game","floor":3,"gold_loss":0},{"damage_healed":0,"gold_gain":0,"player_choice":"Entered Light","damage_taken":20,"max_hp_gain":0,"max_hp_loss":0,"event_name":"Shining Light","floor":12,"gold_loss":0,"cards_upgraded":["Defend_G","Defend_G"]},{"damage_healed":22,"gold_gain":0,"player_choice":"Banana","damage_taken":0,"max_hp_gain":0,"max_hp_loss":0,"event_name":"Big Fish","floor":13,"gold_loss":0},{"damage_healed":0,"gold_gain":0,"player_choice":"Got Potions","damage_taken":0,"max_hp_gain":0,"max_hp_loss":0,"event_name":"Lab","floor":19,"gold_loss":0},{"damage_healed":0,"gold_gain":50,"player_choice":"Touch","damage_taken":6,"max_hp_gain":0,"max_hp_loss":0,"event_name":"FaceTrader","floor":21,"gold_loss":0},{"damage_healed":0,"gold_gain":0,"player_choice":"","damage_taken":6,"max_hp_gain":0,"max_hp_loss":0,"event_name":"Knowing Skull","floor":31,"potions_obtained":[],"gold_loss":0,"cards_obtained":[]},{"damage_healed":0,"gold_gain":0,"player_choice":"Ignored","damage_taken":0,"max_hp_gain":0,"max_hp_loss":0,"event_name":"Mysterious Sphere","floor":36,"gold_loss":0},{"damage_healed":0,"gold_gain":0,"player_choice":"Max HP","damage_taken":0,"max_hp_gain":0,"max_hp_loss":3,"event_name":"Winding Halls","floor":39,"gold_loss":0}],"is_beta":false,"boss_relics":[{"not_picked":["Lizard Tail","HoveringKite"],"picked":"Sozu"},{"not_picked":["Eternal Feather","Runic Pyramid"],"picked":"Cursed Key"}],"items_purged_floors":[14,28,44],"is_endless":false,"potions_floor_spawned":[1,10,11,22,29,30,33,35,37,38,48],"ascension_level":19}