{"gold_per_floor":[216,216,231,254,254,290,290,290,290,290,314,337,337,350,350,350],"floor_reached":16,"playtime":624,"items_purged":[],"score":117,"play_id":"e1ce11cd-c85a-40c4-8311-30ddfe184878","local_time":"20190103235602","is_ascension_mode":true,"campfire_choices":[{"data":"Armaments","floor":7,"key":"SMITH"},{"data":"Bash","floor":10,"key":"SMITH"},{"floor":15,"key":"REST"}],"neow_cost":"NONE","seed_source_timestamp":1518254015946510,"circlet_count":0,"master_deck":["Strike_R","Strike_R","Strike_R","Strike_R+1","Strike_R+1","Defend_R","Defend_R","Defend_R","Defend_R","Bash+1","Pommel Strike","Armaments+1","Headbutt","Anger"],"relics":["Burning Blood","Golden Idol","Dodecahedron","Paper Frog","Whetstone"],"potions_floor_usage":[6,16,16],"damage_taken":[{"damage":16,"enemies":"Small Slimes","floor":1,"turns":4},{"damage":8,"enemies":"Jaw Worm","floor":3,"turns":5},{"damage":0,"enemies":"2 Louse","floor":4,"turns":4},{"damage":18,"enemies":"Gremlin Nob","floor":6,"turns":4},{"damage":5,"enemies":"Large Slime","floor":11,"turns":5},{"damage":21,"enemies":"Gremlin Gang","floor":12,"turns":6},{"damage":5,"enemies":"3 Louse","floor":14,"turns":3},{"damage":59,"enemies":"The Guardian","floor":16,"turns":14}],"seed_played":"-5339346149828042790","potions_obtained":[{"floor":4,"key":"PowerPotion"},{"floor":11,"key":"AttackPotion"},{"floor":14,"key":"BloodPotion"}],"is_trial":false,"path_per_floor":["M","?","M","M","?","E","R","$","T","R","M","M","?","M","R","B"],"character_chosen":"IRONCLAD","items_purchased":[],"campfire_rested":1,"item_purchase_floors":[],"current_hp_per_floor":[70,50,48,54,51,39,39,39,39,39,40,25,25,26,50,0],"gold":350,"neow_bonus":"HUNDRED_GOLD","is_prod":false,"is_daily":false,"chose_seed":false,"campfire_upgraded":2,"win_rate":0,"timestamp":1546588562,"path_taken":["M","?","M","M","?","E","R","$","T","R","M","M","?","M","R","BOSS"],"build_version":"2019-01-03v3","purchased_purges":0,"victory":false,"max_hp_per_floor":[80,80,80,80,80,80,80,80,80,80,80,80,80,80,80,80],"card_choices":[{"not_picked":["Havoc","Inflame"],"picked":"Pommel Strike","floor":1},{"not_picked":["Evolve","Rupture"],"picked":"Armaments","floor":3},{"not_picked":["Entrench","Warcry","Blood for Blood"],"picked":"SKIP","floor":4},{"not_picked":["Feel No Pain","Exhume","Reckless Charge"],"picked":"SKIP","floor":6},{"not_picked":["Rage","Entrench"],"picked":"Headbutt","floor":11},{"not_picked":["Headbutt","Clash"],"picked":"Anger","floor":12},{"not_picked":["Dropkick","Perfected Strike","Flex"],"picked":"SKIP","floor":14}],"player_experience":330488,"relics_obtained":[{"floor":6,"key":"Paper Frog"},{"floor":9,"key":"Whetstone"}],"event_choices":[{"damage_healed":0,"gold_gain":0,"player_choice":"Take Damage","damage_taken":20,"relics_obtained":["Golden Idol"],"max_hp_gain":0,"max_hp_loss":0,"event_name":"Golden Idol","floor":2,"gold_loss":0},{"damage_healed":0,"gold_gain":0,"player_choice":"Success","damage_taken":3,"relics_obtained":["Dodecahedron"],"max_hp_gain":0,"max_hp_loss":0,"event_name":"Scrap Ooze","floor":5,"gold_loss":0},{"damage_healed":0,"gold_gain":0,"player_choice":"Ignored","damage_taken":0,"max_hp_gain":0,"max_hp_loss":0,"event_name":"Liars Game","floor":13,"gold_loss":0}],"is_beta":false,"boss_relics":[],"items_purged_floors":[],"is_endless":false,"potions_floor_spawned":[4,11,14],"killed_by":"The Guardian","ascension_level":3}