{"gold_per_floor":[361,379,48,48,72,72,104,115,115,115,15,90,90,103,103,206,206,223,50,150,1,20,20,53,53,53,66,66],"floor_reached":28,"playtime":998,"items_purged":["Strike_G","Strike_G","Strike_G"],"score":269,"play_id":"b9dec7b7-0bd4-403e-b94a-450fb283c8b0","local_time":"20181220021355","is_ascension_mode":true,"campfire_choices":[{"floor":6,"key":"REST"},{"floor":10,"key":"REST"},{"data":"Noxious Fumes","floor":13,"key":"SMITH"},{"floor":15,"key":"REST"},{"data":"Mayhem","floor":23,"key":"SMITH"},{"data":"Footwork","floor":25,"key":"SMITH"}],"neow_cost":"PERCENT_DAMAGE","seed_source_timestamp":479789452939404,"circlet_count":0,"master_deck":["Defend_G","Defend_G","Defend_G","Defend_G","Defend_G","Strike_G","Survivor","Neutralize","Noxious Fumes+1","Mayhem+1","Footwork+1","Dagger Spray","Dagger Throw","Envenom","Flying Knee","Dodge and Roll","Bane+1","Backflip","Doubt","Backflip"],"relics":["Ring of the Snake","Vajra","Question Card","Ornamental Fan","Cursed Key","Oddly Smooth Stone","Mummified Hand","Matryoshka"],"potions_floor_usage":[],"damage_taken":[{"damage":0,"enemies":"2 Louse","floor":1,"turns":4},{"damage":3,"enemies":"Jaw Worm","floor":2,"turns":4},{"damage":39,"enemies":"Gremlin Nob","floor":7,"turns":6},{"damage":0,"enemies":"Cultist","floor":8,"turns":4},{"damage":12,"enemies":"Exordium Wildlife","floor":14,"turns":5},{"damage":31,"enemies":"The Guardian","floor":16,"turns":11},{"damage":15,"enemies":"Shell Parasite","floor":18,"turns":6},{"damage":11,"enemies":"Spheric Guardian","floor":22,"turns":7},{"damage":7,"enemies":"Book of Stabbing","floor":24,"turns":7},{"damage":0,"enemies":"Centurion and Healer","floor":27,"turns":6},{"damage":49,"enemies":"Gremlin Leader","floor":28,"turns":6}],"seed_played":"-4203775013099089374","potions_obtained":[{"floor":8,"key":"LiquidBronze"},{"floor":16,"key":"Poison Potion"},{"floor":24,"key":"Regen Potion"}],"is_trial":false,"path_per_floor":["M","M","$","?","T","R","E","M","T","R","$","?","R","M","R","B",null,"M","$","?","$","M","R","E","R","T","M","E"],"character_chosen":"THE_SILENT","items_purchased":["Mayhem","Footwork","Dodge and Roll","Oddly Smooth Stone"],"campfire_rested":3,"item_purchase_floors":[3,3,19,21],"current_hp_per_floor":[49,46,46,39,39,60,21,21,21,42,42,35,35,23,44,13,70,55,55,55,55,44,44,37,37,37,37,0],"gold":66,"neow_bonus":"TWO_FIFTY_GOLD","is_prod":false,"is_daily":false,"chose_seed":false,"campfire_upgraded":3,"win_rate":0,"timestamp":1545243235,"path_taken":["M","M","$","?","?","R","E","M","T","R","$","?","R","M","R","BOSS","M","?","?","$","M","R","E","R","T","M","E"],"build_version":"2018-12-13","purchased_purges":3,"victory":false,"max_hp_per_floor":[70,70,70,70,70,70,70,70,70,70,70,70,70,70,70,70,70,70,70,70,70,70,70,70,70,70,70,70],"card_choices":[{"not_picked":["Dagger Throw","Skewer"],"picked":"Noxious Fumes","floor":1},{"not_picked":["Cloak And Dagger","Infinite Blades","Poisoned Stab"],"picked":"SKIP","floor":2},{"not_picked":["Riddle With Holes","Phantasmal Killer","Masterful Stab"],"picked":"SKIP","floor":7},{"not_picked":["Deadly Poison","Quick Slash","Sucker Punch"],"picked":"Dagger Spray","floor":8},{"not_picked":["Poisoned Stab","Concentrate","Heel Hook"],"picked":"Dagger Throw","floor":14},{"not_picked":["Die Die Die","Night Terror","Venomology"],"picked":"Envenom","floor":16},{"not_picked":["Heel Hook+1","Dash","Underhanded Strike"],"picked":"Flying Knee","floor":18},{"not_picked":["Endless Agony","Deadly Poison","Outmaneuver"],"picked":"Bane+1","floor":22},{"not_picked":["Setup","Die Die Die","Dagger Throw"],"picked":"Backflip","floor":24},{"not_picked":["PiercingWail","Acrobatics","Flechettes"],"picked":"Backflip","floor":27}],"player_experience":66003,"relics_obtained":[{"floor":5,"key":"Vajra"},{"floor":7,"key":"Question Card"},{"floor":9,"key":"Ornamental Fan"},{"floor":24,"key":"Mummified Hand"},{"floor":26,"key":"Matryoshka"}],"event_choices":[{"cards_removed":["Strike_G"],"damage_healed":0,"gold_gain":0,"player_choice":"Card Removal","damage_taken":7,"max_hp_gain":0,"max_hp_loss":0,"event_name":"Golden Wing","floor":4,"gold_loss":0},{"damage_healed":0,"gold_gain":75,"player_choice":"Touch","damage_taken":7,"max_hp_gain":0,"max_hp_loss":0,"event_name":"FaceTrader","floor":12,"gold_loss":0},{"damage_healed":0,"gold_gain":100,"player_choice":"Pray","damage_taken":0,"max_hp_gain":0,"max_hp_loss":0,"event_name":"Golden Shrine","floor":20,"gold_loss":0}],"is_beta":false,"boss_relics":[{"not_picked":["HoveringKite","Snecko Eye"],"picked":"Cursed Key"}],"items_purged_floors":[3,11,19],"is_endless":false,"potions_floor_spawned":[8,16,24],"killed_by":"Gremlin Leader","ascension_level":3}