{"gold_per_floor":[119,119,119,130,130,130,149,149,206,225,225,237,237,256,256,358,358,371,157,168,168,186,186,285,285,285,314,334,362,372,386,386,487,487,506,506,520,539,559,592,592,605,629,629,177,177,31,42,42,42],"floor_reached":51,"playtime":1509,"items_purged":["Defend_B"],"score":741,"play_id":"e15938c5-507a-457c-9931-f2d7bf2c5148","local_time":"20181219215156","is_ascension_mode":false,"campfire_choices":[{"data":"Dualcast","floor":6.0,"key":"SMITH"},{"data":"Zap","floor":8.0,"key":"SMITH"},{"data":"Defragment","floor":11.0,"key":"SMITH"},{"data":"Ball Lightning","floor":13.0,"key":"SMITH"},{"data":"Tempest","floor":15.0,"key":"SMITH"},{"data":"Defragment","floor":23.0,"key":"SMITH"},{"data":"Capacitor","floor":25.0,"key":"SMITH"},{"floor":32.0,"key":"REST"},{"data":"Thunder Strike","floor":41,"key":"SMITH"},{"data":"Electrodynamics","floor":44,"key":"SMITH"},{"floor":49,"key":"REST"}],"neow_cost":"NONE","seed_source_timestamp":0,"circlet_count":0,"master_deck":["Strike_B+1","Defend_B","Defend_B","Zap+1","Dualcast+1","Conserve Battery","Defragment+1","Ball Lightning+1","Tempest+1","Electrodynamics+1","Defragment+1","Capacitor+1","Chill+1","Barrage+1","Thunder Strike+1","White Noise+1","Double Energy+1","Double Energy+1","Ball Lightning+1","Glacier+1","Cold Snap+1","Conserve Battery+1","Capacitor","Electrodynamics"],"special_seed":0,"relics":["FrozenCore","Tiny Chest","Bag of Preparation","Letter Opener","Red Mask","Regal Pillow","Astrolabe","Orichalcum","Blood Vial","Strawberry","Lantern","Whetstone"],"potions_floor_usage":[40,40,50,50,50],"damage_taken":[{"damage":4.0,"enemies":"Jaw Worm","floor":1.0,"turns":5.0},{"damage":1.0,"enemies":"Cultist","floor":4.0,"turns":3.0},{"damage":0.0,"enemies":"2 Louse","floor":7.0,"turns":2.0},{"damage":5.0,"enemies":"Looter","floor":10.0,"turns":3.0},{"damage":8.0,"enemies":"3 Louse","floor":12.0,"turns":4.0},{"damage":4.0,"enemies":"Exordium Thugs","floor":14.0,"turns":4.0},{"damage":18.0,"enemies":"Slime Boss","floor":16.0,"turns":8.0},{"damage":1.0,"enemies":"Shell Parasite","floor":18.0,"turns":4.0},{"damage":13.0,"enemies":"2 Thieves","floor":20.0,"turns":3.0},{"damage":14.0,"enemies":"Snake Plant","floor":22.0,"turns":4.0},{"damage":0.0,"enemies":"Masked Bandits","floor":27.0,"turns":3.0},{"damage":2.0,"enemies":"Shelled Parasite and Fungi","floor":28.0,"turns":4.0},{"damage":0.0,"enemies":"Gremlin Leader","floor":29.0,"turns":5.0},{"damage":0.0,"enemies":"Snecko","floor":30.0,"turns":4.0},{"damage":2.0,"enemies":"Centurion and Healer","floor":31.0,"turns":4.0},{"damage":20.0,"enemies":"Champ","floor":33.0,"turns":9.0},{"damage":6,"enemies":"Orb Walker","floor":35,"turns":2},{"damage":8,"enemies":"3 Darklings","floor":37,"turns":4},{"damage":10,"enemies":"Spire Growth","floor":38,"turns":4},{"damage":0,"enemies":"4 Shapes","floor":39,"turns":4},{"damage":0,"enemies":"Reptomancer","floor":40,"turns":4},{"damage":11,"enemies":"3 Darklings","floor":42,"turns":4},{"damage":9,"enemies":"Spire Growth","floor":48,"turns":5},{"damage":64,"enemies":"Awakened One","floor":50,"turns":11}],"seed_played":"-2627887721693546713","potions_obtained":[{"floor":7.0,"key":"Swift Potion"},{"floor":10.0,"key":"SteroidPotion"},{"floor":16.0,"key":"Swift Potion"},{"floor":22.0,"key":"Swift Potion"},{"floor":42,"key":"Swift Potion"},{"floor":48,"key":"SteroidPotion"}],"is_trial":false,"path_per_floor":["M","$","?","M","$","R","M","R","T","M","R","M","R","M","R","B",null,"M","$","M","$","M","R","?","R","T","?","M","E","M","M","R","B",null,"M","$","M","M","M","E","R","M","T","R","$","?","$","M","R","B",null],"character_chosen":"DEFECT","items_purchased":["Capacitor","Bag of Preparation","Capacitor","Strawberry","Lantern","Whetstone"],"campfire_rested":2,"item_purchase_floors":[19,19,45,45,45,47],"current_hp_per_floor":[78,78,78,77,77,77,77,77,77,72,72,64,64,60,60,42,82,81,81,68,68,54,54,54,54,54,54,52,52,52,50,82,62,82,76,76,68,58,58,58,58,47,47,47,54,54,54,47,88,25],"gold":42,"neow_bonus":"TEN_PERCENT_HP_BONUS","is_prod":false,"is_daily":false,"chose_seed":false,"campfire_upgraded":9,"win_rate":0,"timestamp":1545256316,"path_taken":["M","$","?","M","?","R","M","R","T","M","R","?","R","M","R","BOSS","M","$","M","$","M","R","?","R","T","?","M","E","M","M","R","BOSS","M","$","M","M","M","E","R","M","T","R","$","?","?","M","R","BOSS"],"build_version":"2018-12-13","purchased_purges":1,"victory":true,"max_hp_per_floor":[82,82,82,82,82,82,82,82,82,82,82,82,82,82,82,82,82,82,82,82,82,82,82,82,82,82,82,82,82,82,82,82,82,82,82,82,82,82,82,82,82,82,82,82,89,89,89,89,89,89],"card_choices":[{"not_picked":["Leap","Hologram"],"picked":"Conserve Battery","floor":1.0},{"not_picked":["Redo","Beam Cell","Steam Power"],"picked":"SKIP","floor":4.0},{"not_picked":["Storm","Lockon","Beam Cell"],"picked":"SKIP","floor":7.0},{"not_picked":["Go for the Eyes","BootSequence"],"picked":"Defragment","floor":10.0},{"not_picked":["Tempest","Steam"],"picked":"Ball Lightning","floor":12.0},{"not_picked":["Leap","Gash","Tempest"],"picked":"SKIP","floor":14.0},{"not_picked":["Leap","Gash"],"picked":"Tempest","floor":14.0},{"not_picked":["Core Surge","Buffer"],"picked":"Electrodynamics","floor":16.0},{"not_picked":["Scrape","Chill"],"picked":"Defragment","floor":18.0},{"not_picked":["Turbo","White Noise","Ball Lightning"],"picked":"SKIP","floor":20.0},{"not_picked":["Steam","Buffer"],"picked":"Chill+1","floor":22.0},{"not_picked":["Hologram","Coolheaded"],"picked":"Barrage+1","floor":28.0},{"not_picked":["Hologram","FTL","Steam"],"picked":"SKIP","floor":29.0},{"not_picked":["Loop","Sunder","Cold Snap"],"picked":"SKIP","floor":30.0},{"not_picked":["Sunder+1","Storm+1","Turbo"],"picked":"SKIP","floor":31.0},{"not_picked":["Hyperbeam","Amplify"],"picked":"Thunder Strike","floor":33.0},{"not_picked":["Double Energy","Barrage+1"],"picked":"Ball Lightning","floor":35},{"not_picked":["Barrage+1","Genetic Algorithm","BootSequence"],"picked":"SKIP","floor":37},{"not_picked":["Turbo","Conserve Battery+1"],"picked":"Glacier+1","floor":38},{"not_picked":["Streamline","Ball Lightning"],"picked":"Cold Snap+1","floor":39},{"not_picked":["Storm","Barrage+1"],"picked":"Conserve Battery+1","floor":40},{"not_picked":["Ball Lightning","Reprogram+1","Compile Driver+1"],"picked":"SKIP","floor":42},{"not_picked":["Hologram+1","Go for the Eyes"],"picked":"Electrodynamics","floor":48}],"player_experience":895041,"relics_obtained":[{"floor":9.0,"key":"Tiny Chest"},{"floor":26.0,"key":"Letter Opener"},{"floor":27.0,"key":"Red Mask"},{"floor":29.0,"key":"Regal Pillow"},{"floor":40,"key":"Orichalcum"},{"floor":43,"key":"Blood Vial"}],"event_choices":[{"cards_removed":["Defend_B"],"damage_healed":0.0,"max_hp_gain":0.0,"max_hp_loss":0.0,"gold_gain":0.0,"event_name":"Purifier","player_choice":"Purged","floor":3.0,"gold_loss":0.0,"damage_taken":0.0},{"damage_healed":0.0,"max_hp_gain":0.0,"max_hp_loss":0.0,"gold_gain":99.0,"event_name":"Nest","player_choice":"Stole From Cult","floor":24.0,"gold_loss":0.0,"damage_taken":0.0},{"damage_healed":0.0,"max_hp_gain":0.0,"max_hp_loss":0.0,"gold_gain":0.0,"event_name":"Masked Bandits","player_choice":"Fought Bandits","floor":27.0,"gold_loss":0.0,"damage_taken":0.0},{"damage_healed":0,"gold_gain":0,"player_choice":"0 cards matched","damage_taken":0,"max_hp_gain":0,"max_hp_loss":0,"event_name":"Match and Keep!","floor":46,"gold_loss":0,"cards_obtained":[]}],"is_beta":false,"boss_relics":[{"not_picked":["Runic Pyramid","White Beast Statue"],"picked":"FrozenCore"},{"not_picked":["Orrery","Pandora\u0027s Box"],"picked":"Astrolabe"}],"items_purged_floors":[45],"is_endless":false,"potions_floor_spawned":[7,10,16,20,22,27,38,42,48],"ascension_level":0}