{"gold_per_floor":[17,17,34,52,71,106,32,32,32,32,49,68,68,48,48,125,125,137,154,165,181,181,193,240,276,288,313,325,350,362,403,415,427],"floor_reached":33,"playtime":2054,"items_purged":[],"score":585,"play_id":"0764f8f2-b639-4063-870a-7295c1a217f9","local_time":"20190128231531","is_ascension_mode":true,"campfire_choices":[{"data":"1","floor":8.0,"key":"LIFT"},{"data":"2","floor":10.0,"key":"LIFT"},{"data":"3","floor":13.0,"key":"LIFT"},{"data":"Searing Blow+1","floor":15.0,"key":"SMITH"},{"data":"Offering","floor":23,"key":"SMITH"},{"floor":32,"key":"REST"}],"neow_cost":"NO_GOLD","seed_source_timestamp":127992340987361,"circlet_count":0,"master_deck":["AscendersBane","Strike_R","Strike_R","Strike_R","Strike_R","Strike_R","Defend_R","Defend_R","Defend_R+1","Defend_R+1","Bash","Whirlwind","Second Wind","Carnage","Perfected Strike","Rage","Reaper+1","Searing Blow+2","Offering+1","Iron Wave+1","Sword Boomerang+1","Hemokinesis+1","Hemokinesis+1","Immolate+1","Pummel+1","Anger+1","RitualDagger+1","Clash+1"],"special_seed":0,"relics":["Black Blood","Incense Burner","CultistMask","Girya","Molten Egg 2","MawBank","Mummified Hand","War Paint","Gremlin Horn","Lantern"],"potions_floor_usage":[24,28,31,33],"damage_taken":[{"damage":10.0,"enemies":"Small Slimes","floor":1.0,"turns":4.0},{"damage":0.0,"enemies":"Cultist","floor":3.0,"turns":3.0},{"damage":13.0,"enemies":"Jaw Worm","floor":4.0,"turns":4.0},{"damage":1.0,"enemies":"Red Slaver","floor":5.0,"turns":3.0},{"damage":45.0,"enemies":"Lagavulin","floor":6.0,"turns":8.0},{"damage":1.0,"enemies":"Exordium Thugs","floor":11.0,"turns":3.0},{"damage":0.0,"enemies":"2 Fungi Beasts","floor":12.0,"turns":2.0},{"damage":67.0,"enemies":"Hexaghost","floor":16.0,"turns":13.0},{"damage":5.0,"enemies":"3 Byrds","floor":18.0,"turns":6.0},{"damage":14.0,"enemies":"Shell Parasite","floor":19.0,"turns":5.0},{"damage":46.0,"enemies":"Centurion and Healer","floor":20.0,"turns":6.0},{"damage":6.0,"enemies":"Snake Plant","floor":21.0,"turns":2.0},{"damage":31,"enemies":"Book of Stabbing","floor":24,"turns":4},{"damage":38,"enemies":"Snecko","floor":27,"turns":5},{"damage":0,"enemies":"Slavers","floor":28,"turns":1},{"damage":6,"enemies":"3 Cultists","floor":29,"turns":2},{"damage":1,"enemies":"Gremlin Leader","floor":31,"turns":3},{"damage":110,"enemies":"Champ","floor":33,"turns":12}],"seed_played":"-2468546787834771132","potions_obtained":[{"floor":3.0,"key":"SkillPotion"},{"floor":11.0,"key":"Strength Potion"},{"floor":14.0,"key":"SmokeBomb"},{"floor":20.0,"key":"FearPotion"},{"floor":29,"key":"Regen Potion"},{"floor":31,"key":"Regen Potion"}],"is_trial":false,"path_per_floor":["M","?","M","M","M","E","$","R","T","R","M","M","R","?","R","B",null,"M","M","M","M","T","R","E","T","T","M","E","M","?","E","R","B"],"character_chosen":"IRONCLAD","items_purchased":["BloodPotion"],"campfire_rested":1,"item_purchase_floors":[7],"current_hp_per_floor":[64,64,70,63,68,29,29,29,29,29,41,61,61,61,61,10,59,75,71,50,54,54,54,33,33,33,13,23,27,21,51,73,0],"gold":427,"neow_bonus":"ONE_RARE_RELIC","is_prod":false,"is_daily":false,"chose_seed":false,"campfire_upgraded":2,"win_rate":0,"timestamp":1548684931,"path_taken":["M","?","M","M","M","E","$","R","T","R","?","M","R","?","R","BOSS","M","M","M","M","?","R","E","?","T","M","E","M","?","E","R","BOSS"],"build_version":"2019-01-23","purchased_purges":0,"victory":false,"max_hp_per_floor":[75,75,75,75,75,75,75,75,75,75,75,75,75,75,75,75,75,75,75,75,75,75,75,75,75,75,75,75,75,75,75,75,75],"card_choices":[{"not_picked":["Thunderclap","Headbutt"],"picked":"Whirlwind","floor":1.0},{"not_picked":["Anger","Disarm"],"picked":"Second Wind","floor":3.0},{"not_picked":["Headbutt","Power Through"],"picked":"Carnage","floor":4.0},{"not_picked":["Heavy Blade","Thunderclap"],"picked":"Perfected Strike","floor":5.0},{"not_picked":["Body Slam","Havoc"],"picked":"Rage","floor":6.0},{"not_picked":["Uppercut+1","Headbutt+1"],"picked":"Reaper+1","floor":11.0},{"not_picked":["Iron Wave+1","Warcry"],"picked":"Searing Blow+1","floor":12.0},{"not_picked":["Impervious","Berserk"],"picked":"Offering","floor":16.0},{"not_picked":["Havoc","Twin Strike+1"],"picked":"Iron Wave+1","floor":18.0},{"not_picked":["Dual Wield","Ghostly Armor"],"picked":"Sword Boomerang+1","floor":19.0},{"not_picked":["Battle Trance","Shrug It Off"],"picked":"Hemokinesis+1","floor":20.0},{"not_picked":["Heavy Blade+1","Entrench"],"picked":"Hemokinesis+1","floor":21},{"not_picked":["True Grit","Perfected Strike+1"],"picked":"Immolate+1","floor":24},{"not_picked":["Inflame","Reckless Charge+1"],"picked":"Pummel+1","floor":27},{"not_picked":["Searing Blow+1","Thunderclap+1"],"picked":"Anger+1","floor":29},{"not_picked":["Searing Blow+1","Ghostly Armor"],"picked":"Clash+1","floor":31}],"player_experience":968744,"relics_obtained":[{"floor":6.0,"key":"Girya"},{"floor":9.0,"key":"Molten Egg 2"},{"floor":22,"key":"MawBank"},{"floor":24,"key":"Mummified Hand"},{"floor":25,"key":"War Paint"},{"floor":26,"key":"Gremlin Horn"},{"floor":31,"key":"Lantern"}],"event_choices":[{"damage_healed":0.0,"max_hp_gain":0.0,"max_hp_loss":0.0,"gold_gain":0.0,"event_name":"FaceTrader","player_choice":"Trade","floor":2.0,"gold_loss":0.0,"damage_taken":0.0,"relics_obtained":["CultistMask"]},{"damage_healed":0.0,"max_hp_gain":0.0,"max_hp_loss":0.0,"gold_gain":0.0,"event_name":"The Woman in Blue","player_choice":"Bought 1 Potion","floor":14.0,"gold_loss":0.0,"damage_taken":0.0},{"damage_healed":0,"gold_gain":0,"player_choice":"Joined the Cult","damage_taken":6,"max_hp_gain":0,"max_hp_loss":0,"event_name":"Nest","floor":30,"gold_loss":0,"cards_obtained":["RitualDagger"]}],"is_beta":false,"boss_relics":[{"not_picked":["Sozu","Cursed Key"],"picked":"Black Blood"}],"items_purged_floors":[],"is_endless":false,"potions_floor_spawned":[3,11,20,21,28,29,31],"killed_by":"Champ","ascension_level":15}