{"gold_per_floor":[109,128,53,3,3,3,32,32,78,78,111,121,151,151,151,251,251,271,271,305,317,335,335],"floor_reached":23,"playtime":1364,"items_purged":["Defend_B"],"score":238,"play_id":"178025cb-6bd5-4989-a367-fde5f3b8356b","local_time":"20180708192643","is_ascension_mode":true,"campfire_choices":[{"data":"White Noise","floor":6,"key":"SMITH"},{"floor":8,"key":"REST"},{"data":"Dualcast","floor":10,"key":"SMITH"},{"floor":15,"key":"REST"}],"neow_cost":"NONE","seed_source_timestamp":33599198728856,"circlet_count":0,"master_deck":["Strike_B","Strike_B","Strike_B","Defend_B+1","Defend_B+1","Zap+1","Dualcast+1","White Noise+1","Ball Lightning","Ball Lightning","Beam Cell","Go for the Eyes","Gash","Amplify","Redo","Ball Lightning","Beam Cell","Hologram"],"relics":["Cracked Core","War Paint","Orichalcum","Kunai","DataDisk","Fusion Hammer","Red Mask"],"potions_floor_usage":[20,20,23],"damage_taken":[{"damage":3,"enemies":"2 Louse","floor":1,"turns":3},{"damage":19,"enemies":"Small Slimes","floor":2,"turns":4},{"damage":20,"enemies":"Lagavulin","floor":7,"turns":5},{"damage":7,"enemies":"3 Sentries","floor":11,"turns":5},{"damage":0,"enemies":"Jaw Worm","floor":12,"turns":2},{"damage":7,"enemies":"Gremlin Nob","floor":13,"turns":3},{"damage":9,"enemies":"Slime Boss","floor":16,"turns":6},{"damage":0,"enemies":"3 Byrds","floor":18,"turns":4},{"damage":40,"floor":20,"turns":4},{"damage":0,"enemies":"Chosen","floor":21,"turns":3},{"damage":10,"enemies":"Centurion and Healer","floor":22,"turns":5},{"damage":34,"enemies":"Slavers","floor":23,"turns":3}],"seed_played":"-4794466038335869559","potions_obtained":[{"floor":11,"key":"Regen Potion"},{"floor":12,"key":"FocusPotion"},{"floor":16,"key":"SteroidPotion"},{"floor":22,"key":"AttackPotion"}],"is_trial":false,"path_per_floor":["M","M","$","?","?","R","E","R","T","R","E","M","E","?","R","B",null,"M","?","?","M","M"],"character_chosen":"DEFECT","items_purchased":[],"campfire_rested":2,"item_purchase_floors":[],"current_hp_per_floor":[72,53,53,53,75,75,62,75,75,75,68,68,61,61,75,66,75,75,75,40,40,30,0],"gold":335,"neow_bonus":"UPGRADE_CARD","is_prod":false,"is_daily":false,"chose_seed":false,"campfire_upgraded":2,"win_rate":0,"timestamp":1531092403,"path_taken":["M","M","$","?","?","R","E","R","T","R","E","M","E","?","R","BOSS","M","?","?","?","M","E"],"build_version":"2018-07-05","purchased_purges":1,"victory":false,"max_hp_per_floor":[75,75,75,75,75,75,75,75,75,75,75,75,75,75,75,75,75,75,75,75,75,75,75],"card_choices":[{"not_picked":["Leap","Beam Cell"],"picked":"White Noise","floor":1},{"not_picked":["Leap","Capacitor"],"picked":"Ball Lightning","floor":2},{"not_picked":["Sunder","Storm"],"picked":"Ball Lightning","floor":7},{"not_picked":["Compile Driver","Meteor Strike"],"picked":"Beam Cell","floor":11},{"not_picked":["Glacier","Steam"],"picked":"Go for the Eyes","floor":12},{"not_picked":["Streamline","Capacitor","Steam"],"picked":"SKIP","floor":13},{"not_picked":["Buffer","Meteor Strike"],"picked":"Amplify","floor":16},{"not_picked":["Streamline","Rebound"],"picked":"Redo","floor":18},{"not_picked":["Reprogram","Doom and Gloom+1"],"picked":"Beam Cell","floor":20},{"not_picked":["Barrage+1","Cold Snap+1","Coolheaded"],"picked":"SKIP","floor":21},{"not_picked":["Scrape","Stack"],"picked":"Hologram","floor":22}],"player_experience":316675,"relics_obtained":[{"floor":7,"key":"War Paint"},{"floor":9,"key":"Orichalcum"},{"floor":11,"key":"Kunai"},{"floor":13,"key":"DataDisk"},{"floor":20,"key":"Red Mask"}],"event_choices":[{"event_name":"The Cleric","player_choice":"Card Removal","floor":4,"damage_taken":0},{"event_name":"Big Fish","player_choice":"Banana","floor":5,"damage_taken":0},{"event_name":"Living Wall","player_choice":"Change","floor":14,"damage_taken":0},{"event_name":"The Library","player_choice":"Read","floor":19,"damage_taken":0},{"event_name":"Masked Bandits","player_choice":"Fought over 271 gold","floor":20,"damage_taken":0}],"boss_relics":[{"not_picked":["Sozu","White Beast Statue"],"picked":"Fusion Hammer"}],"items_purged_floors":[3],"is_endless":false,"potions_floor_spawned":[11,12,16,22],"killed_by":"Slavers","ascension_level":3}