{"gold_per_floor":[111,2,21,21,21,53,53,70,70,81,91,102,102,2,2,79,79,92,7,25,38,38,38,65,65,65,7,7,25,25,40,40,111,111,125,136,136,151,26,26,45,45,99,111,121,121,121],"floor_reached":47,"playtime":2219,"items_purged":["Strike_B","Regret","Strike_B"],"score":855,"play_id":"781b325e-0f47-43e7-933b-abd02238f6b9","local_time":"20190210191928","is_ascension_mode":true,"campfire_choices":[{"data":"Zap","floor":7,"key":"SMITH"},{"data":"Recycle","floor":13,"key":"SMITH"},{"data":"Dualcast","floor":15,"key":"SMITH"},{"data":"Electrodynamics","floor":23,"key":"SMITH"},{"data":"Strike_B","floor":25,"key":"PURGE"},{"data":"Strike_B","floor":30,"key":"PURGE"},{"floor":32,"key":"REST"},{"data":"Steam","floor":40,"key":"SMITH"},{"data":"Coolheaded","floor":42,"key":"SMITH"},{"floor":46,"key":"REST"}],"neow_cost":"NONE","seed_source_timestamp":110110131562281,"circlet_count":0,"master_deck":["AscendersBane","Defend_B","Defend_B","Defend_B","Defend_B","Zap+1","Dualcast+1","Doom and Gloom","Compile Driver","Go for the Eyes","Recycle+1","FTL","Cold Snap","Electrodynamics+1","Steam+1","Coolheaded+1","Steam+1","Leap+1","Ball Lightning","Parasite","Leap"],"relics":["Cracked Core","NeowsBlessing","Thread and Needle","Mango","Sozu","Bronze Scales","Peace Pipe","Darkstone Periapt","Boot","Nuclear Battery"],"potions_floor_usage":[16,33],"damage_taken":[{"damage":0,"enemies":"Cultist","floor":1,"turns":1},{"damage":0,"enemies":"Small Slimes","floor":3,"turns":1},{"damage":0,"enemies":"3 Sentries","floor":6,"turns":1},{"damage":3,"enemies":"2 Louse","floor":8,"turns":2},{"damage":17,"enemies":"Exordium Thugs","floor":10,"turns":5},{"damage":3,"enemies":"Blue Slaver","floor":11,"turns":3},{"damage":4,"enemies":"Looter","floor":12,"turns":3},{"damage":27,"enemies":"The Guardian","floor":16,"turns":9},{"damage":0,"enemies":"Spheric Guardian","floor":18,"turns":3},{"damage":0,"enemies":"3 Byrds","floor":20,"turns":2},{"damage":1,"enemies":"Snecko","floor":21,"turns":4},{"damage":20,"enemies":"Gremlin Leader","floor":24,"turns":6},{"damage":0,"enemies":"Cultist and Chosen","floor":29,"turns":4},{"damage":0,"enemies":"Chosen and Byrds","floor":31,"turns":3},{"damage":71,"enemies":"Champ","floor":33,"turns":14},{"damage":17,"enemies":"3 Darklings","floor":35,"turns":4},{"damage":0,"enemies":"3 Shapes","floor":36,"turns":2},{"damage":3,"enemies":"Sphere and 2 Shapes","floor":38,"turns":4},{"damage":2,"enemies":"4 Shapes","floor":41,"turns":3},{"damage":23,"enemies":"Writhing Mass","floor":44,"turns":8},{"damage":10,"enemies":"Sphere and 2 Shapes","floor":45,"turns":4},{"damage":55,"enemies":"Nemesis","floor":47,"turns":9}],"seed_played":"253193511572724131","potions_obtained":[{"floor":1,"key":"LiquidBronze"},{"floor":10,"key":"GamblersBrew"},{"floor":11,"key":"SteroidPotion"},{"floor":16,"key":"Regen Potion"}],"is_trial":false,"path_per_floor":["M","$","M","?","?","E","R","M","T","M","M","M","R","$","R","B",null,"M","?","M","M","?","R","E","R","T","?","$","M","R","M","R","B",null,"M","M","$","M","$","R","M","R","T","M","M","R","E"],"character_chosen":"DEFECT","items_purchased":["Doom and Gloom"],"campfire_rested":2,"item_purchase_floors":[2],"current_hp_per_floor":[64,64,64,69,69,69,69,66,80,63,60,56,56,56,56,29,75,75,75,75,74,74,74,54,54,54,54,54,54,54,54,81,25,74,57,57,57,54,54,54,52,52,52,35,25,53,0],"gold":121,"neow_bonus":"THREE_ENEMY_KILL","is_prod":false,"is_daily":false,"chose_seed":false,"campfire_upgraded":6,"win_rate":0,"timestamp":1549847968,"path_taken":["M","?","M","?","?","E","R","M","T","M","M","M","R","$","R","BOSS","M","?","M","M","?","R","E","R","T","?","$","M","R","M","R","BOSS","M","M","$","M","$","R","M","R","T","?","M","R","E"],"build_version":"2019-01-23","purchased_purges":3,"victory":false,"max_hp_per_floor":[71,71,71,76,76,76,76,76,90,90,90,90,90,90,90,90,90,90,90,90,90,90,90,90,90,90,90,90,90,90,90,90,90,90,90,90,90,90,90,90,90,90,90,96,96,96,96],"card_choices":[{"not_picked":["Melter","Tempest","Barrage"],"picked":"SKIP","floor":1},{"not_picked":["Barrage","Darkness","Stack"],"picked":"SKIP","floor":3},{"not_picked":["White Noise","Compile Driver"],"picked":"Go for the Eyes","floor":6},{"not_picked":["Meteor Strike","Loop"],"picked":"Recycle","floor":8},{"not_picked":["Steam Power","Leap"],"picked":"FTL","floor":10},{"not_picked":["Conserve Battery","Barrage","Cold Snap"],"picked":"SKIP","floor":11},{"not_picked":["Conserve Battery","Barrage"],"picked":"Cold Snap","floor":11},{"not_picked":["Loop","Rebound","Consume"],"picked":"SKIP","floor":12},{"not_picked":["Amplify","Seek"],"picked":"Electrodynamics","floor":16},{"not_picked":["Beam Cell","Streamline","BootSequence"],"picked":"SKIP","floor":18},{"not_picked":["Barrage","Hologram"],"picked":"Steam","floor":20},{"not_picked":["Cold Snap","Barrage+1","Darkness+1"],"picked":"SKIP","floor":21},{"not_picked":["Barrage","Rip and Tear","Heatsinks"],"picked":"SKIP","floor":24},{"not_picked":["Conserve Battery","Electrodynamics","Auto Shields"],"picked":"SKIP","floor":29},{"not_picked":["Sweeping Beam+1","Turbo","Static Discharge"],"picked":"SKIP","floor":31},{"not_picked":["White Noise","Steam"],"picked":"Coolheaded","floor":35},{"not_picked":["Gash","Go for the Eyes"],"picked":"Steam+1","floor":36},{"not_picked":["Stack","Tempest"],"picked":"Leap+1","floor":38},{"not_picked":["Recycle+1","Stack+1"],"picked":"Ball Lightning","floor":41},{"not_picked":["FTL","Blizzard","Conserve Battery"],"picked":"SKIP","floor":44},{"not_picked":["Turbo","Blizzard"],"picked":"Leap","floor":45}],"player_experience":846276,"relics_obtained":[{"floor":6,"key":"Thread and Needle"},{"floor":9,"key":"Mango"},{"floor":24,"key":"Peace Pipe"},{"floor":26,"key":"Darkstone Periapt"}],"event_choices":[{"damage_healed":0,"gold_gain":0,"player_choice":"Donut","damage_taken":0,"max_hp_gain":5,"max_hp_loss":0,"event_name":"Big Fish","floor":4,"gold_loss":0},{"damage_healed":0,"gold_gain":0,"player_choice":"2 cards matched","damage_taken":0,"max_hp_gain":0,"max_hp_loss":0,"event_name":"Match and Keep!","floor":5,"gold_loss":0,"cards_obtained":["Regret","Compile Driver"]},{"damage_healed":0,"gold_gain":0,"player_choice":"Obtained Relic","damage_taken":0,"relics_obtained":["Bronze Scales"],"max_hp_gain":0,"max_hp_loss":0,"event_name":"Addict","floor":19,"gold_loss":85},{"damage_healed":0,"gold_gain":0,"player_choice":"Ignored","damage_taken":0,"max_hp_gain":0,"max_hp_loss":0,"event_name":"Ghosts","floor":22,"gold_loss":0},{"damage_healed":0,"gold_gain":0,"player_choice":"Paid Gold","damage_taken":0,"relics_obtained":["Boot"],"max_hp_gain":0,"max_hp_loss":0,"event_name":"WeMeetAgain","floor":27,"gold_loss":58}],"is_beta":false,"boss_relics":[{"not_picked":["White Beast Statue","Coffee Dripper"],"picked":"Sozu"},{"not_picked":["Cursed Key","FrozenCore"],"picked":"Nuclear Battery"}],"items_purged_floors":[2,14,39],"is_endless":false,"potions_floor_spawned":[1,10,11,16,18,21,38],"killed_by":"Nemesis","ascension_level":15}