{"gold_per_floor":[109,121,121,121,140,140,180,180,210,56,56,56,100,114,114,207,207,228,228,128,128,147,147,147],"floor_reached":24,"playtime":719,"items_purged":["Strike_B","Strike_B"],"score":364,"play_id":"56cd833f-dccf-4060-abf0-ea523a07d949","local_time":"20190120153433","is_ascension_mode":true,"campfire_choices":[{"data":"Zap","floor":6,"key":"SMITH"},{"data":"Capacitor","floor":12,"key":"SMITH"},{"floor":15,"key":"REST"},{"floor":23,"key":"REST"}],"neow_cost":"NONE","seed_source_timestamp":923205786987900,"circlet_count":0,"master_deck":["AscendersBane","Strike_B","Strike_B","Defend_B","Defend_B","Defend_B","Defend_B","Zap+1","Dualcast","Capacitor+1","Gash","Injury","Coolheaded","Zap+1","Leap","Storm","Static Discharge","Buffer","Gash","Echo Form","Ball Lightning","Go for the Eyes","Static Discharge","Gash+1","Ball Lightning+1"],"relics":["Cracked Core","Golden Idol","Question Card","Bronze Scales","Tiny Chest","Prayer Wheel","Strawberry","Runic Pyramid","Molten Egg 2"],"potions_floor_usage":[7,13,22],"damage_taken":[{"damage":2,"enemies":"Jaw Worm","floor":1,"turns":3},{"damage":4,"enemies":"2 Louse","floor":2,"turns":3},{"damage":3,"enemies":"Cultist","floor":5,"turns":4},{"damage":30,"enemies":"Gremlin Nob","floor":7,"turns":4},{"damage":25,"enemies":"Lagavulin","floor":13,"turns":7},{"damage":5,"enemies":"2 Fungi Beasts","floor":14,"turns":3},{"damage":25,"enemies":"Hexaghost","floor":16,"turns":8},{"damage":18,"enemies":"Chosen","floor":18,"turns":5},{"damage":19,"enemies":"Spheric Guardian","floor":22,"turns":4},{"damage":53,"enemies":"Book of Stabbing","floor":24,"turns":4}],"seed_played":"6661423050795797429","potions_obtained":[{"floor":5,"key":"FearPotion"},{"floor":7,"key":"GamblersBrew"},{"floor":14,"key":"Ancient Potion"},{"floor":18,"key":"EssenceOfSteel"},{"floor":22,"key":"SteroidPotion"}],"is_trial":false,"path_per_floor":["M","M","?","?","M","R","E","?","T","$","?","R","E","M","R","B",null,"M","?","$","T","M","R","E"],"character_chosen":"DEFECT","items_purchased":["Regen Potion"],"campfire_rested":2,"item_purchase_floors":[10],"current_hp_per_floor":[62,58,58,58,55,55,25,20,20,20,20,20,17,12,35,10,61,43,43,43,43,24,47,0],"gold":147,"neow_bonus":"UPGRADE_CARD","is_prod":false,"is_daily":false,"chose_seed":false,"campfire_upgraded":2,"win_rate":0,"timestamp":1548027273,"path_taken":["M","M","?","?","?","R","E","?","T","?","?","R","E","M","R","BOSS","M","?","$","?","?","R","E"],"build_version":"2019-01-17v2","purchased_purges":2,"victory":false,"max_hp_per_floor":[71,71,71,71,71,71,71,71,71,71,71,71,78,78,78,78,78,78,78,78,78,78,78,78],"card_choices":[{"not_picked":["Turbo","Auto Shields"],"picked":"Capacitor","floor":1},{"not_picked":["Stack","Reinforced Body"],"picked":"Gash","floor":2},{"not_picked":["Force Field","Consume"],"picked":"Leap","floor":5},{"not_picked":["Redo","Beam Cell"],"picked":"Storm","floor":7},{"not_picked":["Fusion","Blizzard","Cold Snap"],"picked":"Static Discharge","floor":13},{"not_picked":["Coolheaded","Hologram","Beam Cell"],"picked":"Buffer","floor":14},{"not_picked":["Blizzard","Tempest","Melter"],"picked":"Gash","floor":14},{"not_picked":["Hyperbeam","Biased Cognition","Multi-Cast"],"picked":"Echo Form","floor":16},{"not_picked":["Consume+1","Compile Driver","Melter"],"picked":"Ball Lightning","floor":18},{"not_picked":["Hello World","Sunder","Steam"],"picked":"Go for the Eyes","floor":18},{"not_picked":["Sweeping Beam+1","Compile Driver+1","Biased Cognition"],"picked":"Gash+1","floor":22},{"not_picked":["Static Discharge+1","Doom and Gloom+1","Turbo"],"picked":"Ball Lightning+1","floor":22}],"player_experience":1138353,"relics_obtained":[{"floor":7,"key":"Question Card"},{"floor":9,"key":"Tiny Chest"},{"floor":13,"key":"Strawberry"},{"floor":21,"key":"Molten Egg 2"}],"event_choices":[{"damage_healed":0,"gold_gain":0,"player_choice":"Take Wound","damage_taken":0,"relics_obtained":["Golden Idol"],"max_hp_gain":0,"max_hp_loss":0,"event_name":"Golden Idol","floor":3,"gold_loss":0,"cards_obtained":["Injury"]},{"damage_healed":0,"gold_gain":0,"player_choice":"2 cards matched","damage_taken":0,"max_hp_gain":0,"max_hp_loss":0,"event_name":"Match and Keep!","floor":4,"gold_loss":0,"cards_obtained":["Coolheaded","Zap"]},{"damage_healed":0,"gold_gain":0,"player_choice":"Success","damage_taken":5,"relics_obtained":["Bronze Scales"],"max_hp_gain":0,"max_hp_loss":0,"event_name":"Scrap Ooze","floor":8,"gold_loss":0},{"damage_healed":0,"gold_gain":0,"player_choice":"Searched \u00272\u0027 times","damage_taken":0,"relics_obtained":["Prayer Wheel"],"max_hp_gain":0,"max_hp_loss":0,"event_name":"Dead Adventurer","floor":11,"gold_loss":0},{"damage_healed":0,"gold_gain":0,"player_choice":"1 cards matched","damage_taken":0,"max_hp_gain":0,"max_hp_loss":0,"event_name":"Match and Keep!","floor":19,"gold_loss":0,"cards_obtained":["Static Discharge"]}],"is_beta":false,"boss_relics":[{"not_picked":["Empty Cage","Black Star"],"picked":"Runic Pyramid"}],"items_purged_floors":[10,20],"is_endless":false,"potions_floor_spawned":[5,7,14,18,22],"killed_by":"Book of Stabbing","ascension_level":16}