{"gold_per_floor":[110,128,128,128,142,142,181,200,200,215,215,245,258,299,299,418,418,439,462,462,482,33,33,74,89,89,107,107,140,165,65,65,188,188,211,232,232,232,99,99,139,139,162,182,196,236,236,37,37,37,37,37,1,39,39],"floor_reached":55,"playtime":6811,"items_purged":["Strike_B","Strike_B","Dualcast+1"],"score":1139,"play_id":"d23ee119-ed2a-4ada-8126-83e4e38aa382","local_time":"20190102185116","is_ascension_mode":true,"campfire_choices":[{"data":"Dualcast","floor":6.0,"key":"SMITH"},{"floor":11.0,"key":"REST"},{"data":"Ball Lightning","floor":15.0,"key":"SMITH"},{"data":"Rebound","floor":23.0,"key":"SMITH"},{"floor":32,"key":"REST"},{"data":"Go for the Eyes","floor":40,"key":"SMITH"},{"floor":42,"key":"RECALL"},{"data":"Compile Driver","floor":47,"key":"SMITH"},{"floor":49,"key":"REST"},{"data":"Defend_B","floor":52,"key":"SMITH"}],"neow_cost":"NONE","seed_source_timestamp":0,"circlet_count":0,"master_deck":["Defend_B","Defend_B+1","Defend_B+1","Zap+1","Rebound+1","Ball Lightning+1","Coolheaded+1","Leap+1","Coolheaded+1","Leap+1","Fission+1","Hologram+1","Chaos+1","Defragment+1","Coolheaded+1","Fusion+1","Go for the Eyes+1","Auto Shields+1","Biased Cognition+1","Conserve Battery+1","Fission+1","Hyperbeam+1","Redo+1","Compile Driver+1","Darkness+1","Hologram+1","Creative AI+1","Coolheaded+1","Glacier+1","Capacitor+1","Core Surge"],"special_seed":0,"relics":["Cracked Core","Golden Idol","Toxic Egg 2","Meat on the Bone","Dodecahedron","Frozen Egg 2","Inserter","PreservedInsect","Bronze Scales","Mercury Hourglass","Cables","Blood Vial","Astrolabe","Ornamental Fan","Gremlin Horn","Boot"],"potions_floor_usage":[33,33,44,50,55,55,55],"damage_taken":[{"damage":6.0,"enemies":"Cultist","floor":1.0,"turns":3.0},{"damage":3.0,"enemies":"Jaw Worm","floor":2.0,"turns":4.0},{"damage":0.0,"enemies":"Small Slimes","floor":5.0,"turns":2.0},{"damage":30.0,"enemies":"3 Sentries","floor":7.0,"turns":5.0},{"damage":6.0,"enemies":"Blue Slaver","floor":8.0,"turns":3.0},{"damage":0.0,"enemies":"Looter","floor":10.0,"turns":3.0},{"damage":1.0,"enemies":"3 Louse","floor":13.0,"turns":2.0},{"damage":0.0,"enemies":"Lagavulin","floor":14.0,"turns":7.0},{"damage":5.0,"enemies":"Hexaghost","floor":16.0,"turns":10.0},{"damage":4.0,"enemies":"Chosen","floor":18.0,"turns":5.0},{"damage":0.0,"enemies":"3 Byrds","floor":19.0,"turns":3.0},{"damage":4.0,"enemies":"Snake Plant","floor":21.0,"turns":5.0},{"damage":2.0,"enemies":"Book of Stabbing","floor":24.0,"turns":4.0},{"damage":0,"enemies":"Snecko","floor":25,"turns":5},{"damage":6,"enemies":"Shelled Parasite and Fungi","floor":27,"turns":5},{"damage":15,"enemies":"Slavers","floor":29,"turns":5},{"damage":9,"enemies":"Centurion and Healer","floor":30,"turns":5},{"damage":28,"enemies":"Collector","floor":33,"turns":10},{"damage":0,"enemies":"Orb Walker","floor":35,"turns":3},{"damage":0,"enemies":"3 Shapes","floor":36,"turns":4},{"damage":15,"enemies":"Giant Head","floor":41,"turns":9},{"damage":17,"enemies":"Jaw Worm Horde","floor":44,"turns":3},{"damage":0,"enemies":"Spire Growth","floor":45,"turns":5},{"damage":5,"enemies":"Nemesis","floor":46,"turns":5},{"damage":0,"enemies":"Time Eater","floor":50,"turns":15},{"damage":0,"enemies":"Shield and Spear","floor":54,"turns":4},{"damage":68,"enemies":"The Heart","floor":55,"turns":9}],"seed_played":"-5803209040737657130","potions_obtained":[{"floor":0.0,"key":"Regen Potion"},{"floor":0.0,"key":"GamblersBrew"},{"floor":0.0,"key":"SmokeBomb"},{"floor":5.0,"key":"Strength Potion"},{"floor":8.0,"key":"LiquidBronze"},{"floor":10.0,"key":"Dexterity Potion"},{"floor":18.0,"key":"GamblersBrew"},{"floor":25,"key":"LiquidBronze"},{"floor":27,"key":"Dexterity Potion"},{"floor":36,"key":"Dexterity Potion"},{"floor":44,"key":"LiquidBronze"},{"floor":54,"key":"Dexterity Potion"}],"is_trial":false,"path_per_floor":["M","M","?","?","M","R","E","M","T","M","R","?","M","E","R","B",null,"M","M","?","M","$","R","E","M","T","M","?","E","M","$","R","B",null,"M","M","?","?","$","R","E","R","T","M","M","E","R","$","R","B",null,"R","$","E","B"],"character_chosen":"DEFECT","items_purchased":["Defragment+1","PreservedInsect","Bronze Scales","Darkness+1","Swift Potion","Glacier+1","Capacitor+1"],"campfire_rested":3,"item_purchase_floors":[22,22,22,39,39,48,53],"current_hp_per_floor":[62,71,69,55,55,55,25,19,19,31,51,51,50,50,50,45,63,59,59,59,55,55,55,53,53,53,47,47,44,37,37,57,43,63,65,67,66,66,66,66,51,51,51,36,38,35,35,35,54,56,64,64,64,66,0],"gold":39,"neow_bonus":"THREE_SMALL_POTIONS","is_prod":false,"is_daily":false,"chose_seed":false,"campfire_upgraded":6,"win_rate":0,"timestamp":1546483876,"path_taken":["M","M","?","?","M","R","E","M","T","M","R","?","M","E","R","BOSS","M","M","?","M","$","R","E","M","T","M","?","E","M","$","R","BOSS","M","M","?","?","$","R","E","R","T","M","M","E","R","$","R","BOSS","R","$","E","BOSS"],"build_version":"2018-12-20","purchased_purges":3,"victory":false,"max_hp_per_floor":[75,75,69,69,69,69,69,69,69,69,69,69,69,69,69,69,69,69,69,69,69,69,69,69,69,69,69,69,69,69,69,69,69,69,69,69,66,66,66,66,66,66,66,66,66,66,66,66,66,66,66,66,66,66,66],"card_choices":[{"not_picked":["Machine Learning","Hologram"],"picked":"Rebound","floor":1.0},{"not_picked":["Barrage","Rebound","Tempest"],"picked":"SKIP","floor":2.0},{"not_picked":["Gash","Conserve Battery"],"picked":"Ball Lightning","floor":5.0},{"not_picked":["Steam","Electrodynamics"],"picked":"Coolheaded","floor":7.0},{"not_picked":["Sweeping Beam","Sunder"],"picked":"Leap+1","floor":8.0},{"not_picked":["Turbo+1","Heatsinks"],"picked":"Coolheaded+1","floor":10.0},{"not_picked":["Redo+1","Rebound","Turbo+1"],"picked":"SKIP","floor":13.0},{"not_picked":["Go for the Eyes","Heatsinks"],"picked":"Leap+1","floor":14.0},{"not_picked":["Amplify+1","Thunder Strike"],"picked":"Fission+1","floor":16.0},{"not_picked":["Gash","Cold Snap+1"],"picked":"Hologram+1","floor":18.0},{"not_picked":["Streamline+1","Coolheaded+1"],"picked":"Chaos+1","floor":19.0},{"not_picked":["Gash","Stack+1","Meteor Strike"],"picked":"SKIP","floor":21.0},{"not_picked":["Capacitor+1","Hologram+1"],"picked":"Coolheaded+1","floor":24.0},{"not_picked":["Stack+1","Coolheaded+1"],"picked":"Fusion+1","floor":25},{"not_picked":["Streamline+1","Sweeping Beam+1"],"picked":"Barrage+1","floor":27},{"not_picked":["Redo+1","Beam Cell+1"],"picked":"Go for the Eyes","floor":29},{"not_picked":["Beam Cell","Cold Snap"],"picked":"Auto Shields+1","floor":30},{"not_picked":["Thunder Strike","Multi-Cast+1"],"picked":"Biased Cognition+1","floor":33},{"not_picked":["Barrage+1","Beam Cell+1"],"picked":"Redo+1","floor":35},{"not_picked":["Cold Snap","Turbo+1"],"picked":"Compile Driver","floor":36},{"not_picked":["Force Field+1","Darkness+1"],"picked":"Hologram+1","floor":41},{"not_picked":["Scrape","Stack+1"],"picked":"Creative AI+1","floor":44},{"not_picked":["Redo+1","Gash+1"],"picked":"Coolheaded+1","floor":45},{"not_picked":["Gash+1","Conserve Battery+1","Double Energy+1"],"picked":"SKIP","floor":46},{"not_picked":["Hyperbeam","Self Repair+1"],"picked":"Core Surge","floor":54}],"player_experience":314232,"relics_obtained":[{"floor":7.0,"key":"Toxic Egg 2"},{"floor":9.0,"key":"Meat on the Bone"},{"floor":14.0,"key":"Frozen Egg 2"},{"floor":24.0,"key":"Mercury Hourglass"},{"floor":26,"key":"Cables"},{"floor":29,"key":"Blood Vial"},{"floor":41,"key":"Ornamental Fan"},{"floor":46,"key":"Gremlin Horn"},{"floor":54,"key":"Boot"}],"event_choices":[{"damage_healed":0.0,"max_hp_gain":0.0,"max_hp_loss":6.0,"gold_gain":0.0,"event_name":"Golden Idol","player_choice":"Lose Max HP","floor":3.0,"gold_loss":0.0,"damage_taken":0.0,"relics_obtained":["Golden Idol"]},{"damage_healed":0.0,"max_hp_gain":0.0,"max_hp_loss":0.0,"gold_gain":0.0,"event_name":"Shining Light","player_choice":"Entered Light","floor":4.0,"gold_loss":0.0,"damage_taken":14.0,"cards_upgraded":["Zap","Defend_B"]},{"damage_healed":0.0,"max_hp_gain":0.0,"max_hp_loss":0.0,"gold_gain":30.0,"event_name":"Dead Adventurer","player_choice":"Searched \u00273\u0027 times","floor":12.0,"gold_loss":0.0,"damage_taken":0.0,"relics_obtained":["Dodecahedron"]},{"damage_healed":0.0,"max_hp_gain":0.0,"max_hp_loss":0.0,"gold_gain":0.0,"event_name":"Ghosts","player_choice":"Ignored","floor":20.0,"gold_loss":0.0,"damage_taken":0.0},{"damage_healed":0,"gold_gain":0,"player_choice":"Ignored","damage_taken":0,"max_hp_gain":0,"max_hp_loss":0,"event_name":"The Mausoleum","floor":28,"gold_loss":0},{"damage_healed":0,"gold_gain":0,"player_choice":"Max HP","damage_taken":0,"max_hp_gain":0,"max_hp_loss":3,"event_name":"Winding Halls","floor":37,"gold_loss":0},{"cards_removed":["Barrage"],"damage_healed":0,"gold_gain":0,"player_choice":"Removed Attack","damage_taken":0,"max_hp_gain":0,"max_hp_loss":0,"event_name":"Falling","floor":38,"gold_loss":0}],"is_beta":false,"boss_relics":[{"not_picked":["White Beast Statue","Eternal Feather"],"picked":"Inserter"},{"not_picked":["Velvet Choker","Tiny House"],"picked":"Astrolabe"}],"items_purged_floors":[22,31,48],"is_endless":false,"potions_floor_spawned":[5,8,10,18,25,27,36,44,54],"killed_by":"The Heart","ascension_level":6}