{"gold_per_floor":[115,125,145,159,176,210,210,238,261,275,275,310,325,337,337,440,440,440,19,19,19,19,19,19,19,19,19,19,19,19,19,19,19,19,19,19,19,19,19,19,19,19,19,19,19,19,19,19,19,19],"floor_reached":51,"playtime":3608,"items_purged":["Strike_R"],"score":1240,"play_id":"692bc33a-a0ec-4ae7-8aab-952e77b8f792","local_time":"20190113231944","is_ascension_mode":true,"campfire_choices":[{"data":"Bash","floor":7.0,"key":"SMITH"},{"data":"Immolate","floor":15.0,"key":"SMITH"},{"data":"Armaments","floor":25.0,"key":"SMITH"},{"data":"Body Slam","floor":28.0,"key":"SMITH"},{"data":"True Grit","floor":32.0,"key":"SMITH"},{"data":"Battle Trance","floor":41.0,"key":"SMITH"},{"data":"Demon Form","floor":47,"key":"SMITH"},{"data":"Metallicize","floor":49,"key":"SMITH"}],"neow_cost":"NONE","seed_source_timestamp":305597783944708,"circlet_count":0,"master_deck":["AscendersBane","Defend_R","Defend_R","Defend_R","Defend_R","Bash+1","Burning Pact","Anger","Cleave","Battle Trance+1","Clothesline","Immolate+1","Shockwave","Armaments+1","Headbutt","Impervious","Feel No Pain","Impervious","True Grit+1","Twin Strike","Spot Weakness","Body Slam+1","True Grit","Intimidate+1","Demon Form+1","Shockwave+1","Metallicize+1","Flame Barrier+1","Havoc+1","Uppercut","Shrug It Off","Shrug It Off"],"special_seed":0,"relics":["Burning Blood","Bag of Preparation","Ginger","Boot","Strawberry","Ectoplasm","Happy Flower","Juzu Bracelet","Anchor","Meat on the Bone","Omamori","Empty Cage","Magic Flower","PreservedInsect","Self Forming Clay","Art of War","Mummified Hand"],"potions_floor_usage":[50],"damage_taken":[{"damage":20.0,"enemies":"Jaw Worm","floor":1.0,"turns":6.0},{"damage":0.0,"enemies":"Cultist","floor":2.0,"turns":4.0},{"damage":12.0,"enemies":"Small Slimes","floor":3.0,"turns":4.0},{"damage":5.0,"enemies":"2 Fungi Beasts","floor":4.0,"turns":3.0},{"damage":7.0,"enemies":"Blue Slaver","floor":5.0,"turns":4.0},{"damage":30.0,"enemies":"3 Sentries","floor":6.0,"turns":6.0},{"damage":20.0,"enemies":"Lagavulin","floor":8.0,"turns":5.0},{"damage":0.0,"enemies":"Lots of Slimes","floor":10.0,"turns":1.0},{"damage":13.0,"enemies":"Gremlin Nob","floor":12.0,"turns":3.0},{"damage":1.0,"enemies":"Looter","floor":13.0,"turns":3.0},{"damage":9.0,"enemies":"Exordium Thugs","floor":14.0,"turns":3.0},{"damage":29.0,"enemies":"Slime Boss","floor":16.0,"turns":7.0},{"damage":0.0,"enemies":"Spheric Guardian","floor":18.0,"turns":4.0},{"damage":1.0,"enemies":"3 Byrds","floor":20.0,"turns":4.0},{"damage":1.0,"enemies":"Snecko","floor":22.0,"turns":4.0},{"damage":5.0,"enemies":"Gremlin Leader","floor":23.0,"turns":4.0},{"damage":18.0,"enemies":"Sentry and Sphere","floor":24.0,"turns":5.0},{"damage":20.0,"enemies":"Slavers","floor":27.0,"turns":3.0},{"damage":0.0,"enemies":"3 Cultists","floor":29.0,"turns":2.0},{"damage":7.0,"enemies":"Centurion and Healer","floor":30.0,"turns":4.0},{"damage":0.0,"enemies":"Gremlin Leader","floor":31.0,"turns":4.0},{"damage":49.0,"enemies":"Automaton","floor":33.0,"turns":10.0},{"damage":13.0,"enemies":"3 Darklings","floor":35.0,"turns":4.0},{"damage":0.0,"enemies":"3 Shapes","floor":36.0,"turns":4.0},{"damage":13.0,"enemies":"Mind Bloom Boss Battle","floor":37.0,"turns":10.0},{"damage":0.0,"enemies":"3 Darklings","floor":38.0,"turns":3.0},{"damage":44.0,"enemies":"Reptomancer","floor":40.0,"turns":5.0},{"damage":30.0,"enemies":"Nemesis","floor":42.0,"turns":7.0},{"damage":29,"enemies":"Spire Growth","floor":44,"turns":6},{"damage":11,"enemies":"Sphere and 2 Shapes","floor":45,"turns":7},{"damage":12,"enemies":"Maw","floor":46,"turns":7},{"damage":31,"enemies":"Reptomancer","floor":48,"turns":7},{"damage":65,"enemies":"Donu and Deca","floor":50,"turns":11}],"seed_played":"8827409870139102114","potions_obtained":[{"floor":1.0,"key":"Energy Potion"},{"floor":5.0,"key":"Poison Potion"},{"floor":6.0,"key":"Poison Potion"},{"floor":10.0,"key":"LiquidBronze"},{"floor":13.0,"key":"BloodPotion"},{"floor":16.0,"key":"Energy Potion"},{"floor":18.0,"key":"EssenceOfSteel"},{"floor":22.0,"key":"Strength Potion"},{"floor":23.0,"key":"Regen Potion"},{"floor":30.0,"key":"SpeedPotion"},{"floor":33.0,"key":"Ancient Potion"},{"floor":37.0,"key":"Poison Potion"},{"floor":42.0,"key":"FearPotion"},{"floor":45,"key":"SkillPotion"}],"is_trial":false,"path_per_floor":["M","M","M","M","M","E","R","E","T","M","$","E","M","M","R","B",null,"M","$","M","?","M","E","M","R","T","E","R","M","M","E","R","B",null,"M","M","?","M","?","E","R","E","T","M","M","M","R","E","R","B",null],"character_chosen":"IRONCLAD","items_purchased":["Happy Flower","Feel No Pain","Impervious","True Grit"],"campfire_rested":0,"item_purchase_floors":[19,19,19,19],"current_hp_per_floor":[58,64,58,59,58,34,34,20,20,26,26,26,31,36,36,13,69,75,75,80,80,85,86,74,74,74,69,69,75,74,80,80,49,78,71,77,70,79,79,62,62,59,59,57,55,70,70,66,66,28],"gold":19,"neow_bonus":"TRANSFORM_CARD","is_prod":false,"is_daily":false,"chose_seed":false,"campfire_upgraded":8,"win_rate":0,"timestamp":1547450384,"path_taken":["M","M","M","M","M","E","R","E","T","M","$","E","M","M","R","BOSS","M","$","M","?","?","E","M","R","T","E","R","M","M","E","R","BOSS","M","M","?","M","?","E","R","E","T","M","M","M","R","E","R","BOSS"],"build_version":"2019-01-10","purchased_purges":1,"victory":true,"max_hp_per_floor":[80,80,80,80,80,80,80,80,80,80,80,87,87,87,87,87,87,87,87,87,87,87,87,87,87,87,87,87,87,87,87,87,87,87,87,87,87,87,87,87,87,87,87,87,87,87,87,87,87,87],"card_choices":[{"not_picked":["Corruption","Thunderclap"],"picked":"Anger","floor":1.0},{"not_picked":["Feel No Pain","Body Slam"],"picked":"Cleave","floor":2.0},{"not_picked":["Power Through","Shrug It Off"],"picked":"Battle Trance","floor":3.0},{"not_picked":["Anger","Flex"],"picked":"Clothesline","floor":4.0},{"not_picked":["Body Slam","Sever Soul","Clothesline"],"picked":"SKIP","floor":5.0},{"not_picked":["Clothesline","True Grit"],"picked":"Immolate","floor":6.0},{"not_picked":["Warcry","Hemokinesis","Body Slam"],"picked":"SKIP","floor":8.0},{"not_picked":["Pommel Strike","Clothesline"],"picked":"Shockwave","floor":10.0},{"not_picked":["Bloodletting","Havoc"],"picked":"Armaments","floor":12.0},{"not_picked":["Thunderclap","Bloodletting"],"picked":"Headbutt","floor":13.0},{"not_picked":["Heavy Blade","Evolve","Clash"],"picked":"SKIP","floor":14.0},{"not_picked":["Demon Form","Reaper"],"picked":"Impervious","floor":16.0},{"not_picked":["Flex","Rampage","Sentinel+1"],"picked":"SKIP","floor":18.0},{"not_picked":["Shockwave","Clash"],"picked":"Twin Strike","floor":20.0},{"not_picked":["Fire Breathing","Flex+1"],"picked":"Spot Weakness","floor":22.0},{"not_picked":["Blood for Blood","Rupture"],"picked":"Sword Boomerang","floor":23.0},{"not_picked":["Combust","Dual Wield","Rampage+1"],"picked":"SKIP","floor":24.0},{"not_picked":["Pommel Strike","Perfected Strike"],"picked":"Body Slam","floor":27.0},{"not_picked":["Bloodletting","Flex","Reckless Charge+1"],"picked":"SKIP","floor":29.0},{"not_picked":["Cleave","Berserk"],"picked":"True Grit","floor":30.0},{"not_picked":["Warcry","Rampage+1"],"picked":"Intimidate+1","floor":31.0},{"not_picked":["Juggernaut","Feed"],"picked":"Demon Form","floor":33.0},{"not_picked":["Thunderclap+1","Fire Breathing+1"],"picked":"Shockwave+1","floor":35.0},{"not_picked":["Flex","Body Slam"],"picked":"Metallicize","floor":36.0},{"not_picked":["Body Slam+1","Warcry"],"picked":"Flame Barrier+1","floor":37.0},{"not_picked":["Rage+1","Shockwave+1"],"picked":"Havoc+1","floor":38.0},{"not_picked":["Carnage","Body Slam+1","Havoc"],"picked":"SKIP","floor":40.0},{"not_picked":["Havoc","Armaments"],"picked":"Uppercut","floor":42.0},{"not_picked":["Twin Strike","Evolve"],"picked":"Shrug It Off","floor":44},{"not_picked":["Perfected Strike","Power Through+1"],"picked":"Shrug It Off","floor":45},{"not_picked":["Berserk","Wild Strike","Thunderclap"],"picked":"SKIP","floor":46},{"not_picked":["Power Through","Sever Soul+1","Second Wind"],"picked":"SKIP","floor":48}],"player_experience":404219,"relics_obtained":[{"floor":6.0,"key":"Bag of Preparation"},{"floor":8.0,"key":"Ginger"},{"floor":9.0,"key":"Boot"},{"floor":12.0,"key":"Strawberry"},{"floor":23.0,"key":"Juzu Bracelet"},{"floor":26.0,"key":"Anchor"},{"floor":27.0,"key":"Meat on the Bone"},{"floor":31.0,"key":"Omamori"},{"floor":37.0,"key":"Magic Flower"},{"floor":40.0,"key":"PreservedInsect"},{"floor":42.0,"key":"Self Forming Clay"},{"floor":43.0,"key":"Art of War"},{"floor":48,"key":"Mummified Hand"}],"event_choices":[{"cards_removed":["Strike_R"],"damage_healed":0.0,"max_hp_gain":0.0,"max_hp_loss":0.0,"gold_gain":0.0,"event_name":"Purifier","player_choice":"Purged","floor":21.0,"gold_loss":0.0,"damage_taken":0.0},{"damage_healed":0.0,"max_hp_gain":0.0,"max_hp_loss":0.0,"gold_gain":0.0,"event_name":"MindBloom","player_choice":"Fight","floor":37.0,"gold_loss":0.0,"damage_taken":0.0},{"cards_removed":["Sword Boomerang"],"damage_healed":0.0,"max_hp_gain":0.0,"max_hp_loss":0.0,"gold_gain":0.0,"event_name":"Falling","player_choice":"Removed Attack","floor":39.0,"gold_loss":0.0,"damage_taken":0.0}],"is_beta":false,"boss_relics":[{"not_picked":["Busted Crown","Calling Bell"],"picked":"Ectoplasm"},{"not_picked":["Tiny House","Orrery"],"picked":"Empty Cage"}],"items_purged_floors":[19],"is_endless":false,"potions_floor_spawned":[1,5,6,10,13,16,18,22,23,30,31,33,37,42,45,46],"ascension_level":11}