{"gold_per_floor":[111,33,43,55,55,89,89,104,129,129,129,140,157,169,169,240,240,260,59,159,189,212,224,261,273,365,29,29,44,59,74,74,147,147,157,157],"floor_reached":36,"playtime":2148,"items_purged":[],"score":738,"play_id":"3d0c06f7-0cce-4a48-a5b0-730fa397e5ca","local_time":"20190207143139","is_ascension_mode":true,"campfire_choices":[{"data":"Defragment","floor":7,"key":"SMITH"},{"floor":10,"key":"REST"},{"data":"Redo","floor":15,"key":"SMITH"},{"floor":23,"key":"REST"},{"floor":25,"key":"REST"},{"data":"Dualcast","floor":32,"key":"SMITH"}],"neow_cost":"NONE","seed_source_timestamp":1264291933565900,"circlet_count":0,"master_deck":["AscendersBane","Strike_B","Strike_B","Strike_B","Defend_B+1","Defend_B+1","Defend_B","Zap","Dualcast+1","Redo+1","Cold Snap","Sunder","Darkness","Go for the Eyes","Defragment+1","Conserve Battery","Loop","Cold Snap","Coolheaded","Buffer","Doom and Gloom","Writhe","Leap","Glacier","Go for the Eyes+1","Loop","Self Repair","Hologram","Creative AI","Hologram"],"relics":["Cracked Core","Pen Nib","Happy Flower","Lizard Tail","Runic Capacitor","Mango","Molten Egg 2","Tiny Chest","MawBank","Mercury Hourglass","Meat on the Bone","Cables","Runic Pyramid"],"potions_floor_usage":[20,20,29,31,33,36],"damage_taken":[{"damage":3,"enemies":"2 Louse","floor":1,"turns":3},{"damage":5,"enemies":"Jaw Worm","floor":3,"turns":4},{"damage":0,"enemies":"Small Slimes","floor":4,"turns":2},{"damage":18,"enemies":"Lagavulin","floor":6,"turns":6},{"damage":5,"enemies":"Gremlin Gang","floor":8,"turns":4},{"damage":1,"enemies":"Looter","floor":12,"turns":3},{"damage":0,"enemies":"Red Slaver","floor":13,"turns":3},{"damage":3,"enemies":"Blue Slaver","floor":14,"turns":3},{"damage":0,"enemies":"Slime Boss","floor":16,"turns":5},{"damage":0,"enemies":"Chosen","floor":18,"turns":7},{"damage":22,"enemies":"Colosseum Slavers","floor":20,"turns":3},{"damage":36,"enemies":"Colosseum Nobs","floor":20,"turns":6},{"damage":68,"enemies":"Slavers","floor":24,"turns":6},{"damage":5,"enemies":"Shell Parasite","floor":29,"turns":6},{"damage":5,"enemies":"Cultist and Chosen","floor":30,"turns":6},{"damage":12,"enemies":"Snecko","floor":31,"turns":6},{"damage":28,"enemies":"Automaton","floor":33,"turns":10},{"damage":8,"enemies":"3 Shapes","floor":35,"turns":7},{"damage":72,"enemies":"3 Darklings","floor":36,"turns":4}],"seed_played":"3934506834221813317","potions_obtained":[{"floor":3,"key":"GamblersBrew"},{"floor":8,"key":"Explosive Potion"},{"floor":12,"key":"Energy Potion"},{"floor":24,"key":"Poison Potion"},{"floor":28,"key":"Swift Potion"},{"floor":28,"key":"Regen Potion"},{"floor":30,"key":"AttackPotion"},{"floor":33,"key":"Energy Potion"},{"floor":35,"key":"Strength Potion"}],"is_trial":false,"path_per_floor":["M","$","M","M","?","E","R","M","T","R","?","M","M","M","R","B",null,"M","$","?","?","T","R","E","R","T","$","?","M","M","M","R","B",null,"M","M"],"character_chosen":"DEFECT","items_purchased":["Sunder","Runic Capacitor","Cables","Glacier","Go for the Eyes+1"],"campfire_rested":3,"item_purchase_floors":[2,19,27,27,27],"current_hp_per_floor":[61,61,56,56,42,24,24,19,19,40,40,39,39,36,36,36,62,62,62,18,18,18,43,20,45,45,45,45,55,50,50,50,34,72,71,0],"gold":157,"neow_bonus":"TRANSFORM_CARD","is_prod":false,"is_daily":false,"chose_seed":false,"campfire_upgraded":3,"win_rate":0,"timestamp":1549549899,"path_taken":["M","$","M","M","?","E","R","M","T","R","?","M","M","M","R","BOSS","M","$","?","?","?","R","E","R","T","$","?","M","M","?","R","BOSS","M","M"],"build_version":"2019-01-23","purchased_purges":0,"victory":false,"max_hp_per_floor":[71,71,71,71,71,71,71,71,71,71,71,71,71,71,71,71,71,71,71,85,85,85,85,85,85,85,85,85,85,85,85,85,85,85,85,85],"card_choices":[{"not_picked":["Steam","FTL"],"picked":"Cold Snap","floor":1},{"not_picked":["Reprogram","Static Discharge"],"picked":"Darkness","floor":3},{"not_picked":["Streamline","Cold Snap"],"picked":"Go for the Eyes","floor":4},{"not_picked":["Doom and Gloom","Lockon"],"picked":"Defragment","floor":6},{"not_picked":["Rainbow","Compile Driver"],"picked":"Conserve Battery","floor":8},{"not_picked":["Glacier","Melter"],"picked":"Loop","floor":12},{"not_picked":["Consume","Self Repair"],"picked":"Cold Snap","floor":13},{"not_picked":["Storm","Barrage"],"picked":"Coolheaded","floor":14},{"not_picked":["Amplify","All For One"],"picked":"Buffer","floor":16},{"not_picked":["Streamline","BootSequence"],"picked":"Doom and Gloom","floor":18},{"not_picked":["Beam Cell+1","Double Energy"],"picked":"Leap","floor":24},{"not_picked":["Sunder+1","FTL+1"],"picked":"Loop","floor":29},{"not_picked":["Turbo","Blizzard+1"],"picked":"Self Repair","floor":30},{"not_picked":["Self Repair","Rebound+1"],"picked":"Hologram","floor":31},{"not_picked":["Machine Learning","Buffer"],"picked":"Creative AI","floor":33},{"not_picked":["Go for the Eyes+1","Coolheaded+1"],"picked":"Hologram","floor":35}],"player_experience":258121,"relics_obtained":[{"floor":6,"key":"Pen Nib"},{"floor":9,"key":"Happy Flower"},{"floor":20,"key":"Mango"},{"floor":20,"key":"Molten Egg 2"},{"floor":22,"key":"MawBank"},{"floor":24,"key":"Mercury Hourglass"},{"floor":26,"key":"Meat on the Bone"}],"event_choices":[{"damage_healed":0,"gold_gain":0,"player_choice":"Entered Light","damage_taken":14,"max_hp_gain":0,"max_hp_loss":0,"event_name":"Shining Light","floor":5,"gold_loss":0,"cards_upgraded":["Defend_B","Defend_B"]},{"cards_removed":["Defend_B"],"damage_healed":0,"gold_gain":0,"player_choice":"Forget","damage_taken":0,"max_hp_gain":0,"max_hp_loss":0,"event_name":"Living Wall","floor":11,"gold_loss":0},{"damage_healed":0,"gold_gain":0,"player_choice":"Fight","damage_taken":0,"max_hp_gain":0,"max_hp_loss":0,"event_name":"Colosseum","floor":20,"gold_loss":0},{"damage_healed":0,"gold_gain":0,"player_choice":"Fought Nobs","damage_taken":0,"max_hp_gain":0,"max_hp_loss":0,"event_name":"Colosseum","floor":20,"gold_loss":0},{"damage_healed":0,"gold_gain":0,"player_choice":"Opened","damage_taken":0,"relics_obtained":["Tiny Chest"],"max_hp_gain":0,"max_hp_loss":0,"event_name":"The Mausoleum","floor":21,"gold_loss":0,"cards_obtained":["Writhe"]},{"damage_healed":0,"gold_gain":0,"player_choice":"Got Potions","damage_taken":0,"max_hp_gain":0,"max_hp_loss":0,"event_name":"Lab","floor":28,"gold_loss":0}],"is_beta":false,"boss_relics":[{"not_picked":["Cursed Key","Philosopher\u0027s Stone"],"picked":"Lizard Tail"},{"not_picked":["Calling Bell","Orrery"],"picked":"Runic Pyramid"}],"items_purged_floors":[],"is_endless":false,"potions_floor_spawned":[3,8,12,14,20,24,30,33,35],"killed_by":"3 Darklings","ascension_level":14}