{"gold_per_floor":[212,228,228,239,257,257,112,112,194,194,194,144,164,175,175,278,278,258,128,144,162,162,162,162,162,208,220,246,288,219,244,244,342,342,356,356,356,356,367,367,379,379,404,404,417,435,402,32,32,32],"floor_reached":51,"playtime":1760,"items_purged":[],"score":700,"play_id":"26eba2ca-e8a0-4e3d-80e0-05e3c33e917b","local_time":"20190103192907","is_ascension_mode":false,"campfire_choices":[{"data":"Dualcast","floor":6.0,"key":"SMITH"},{"data":"Strike_B","floor":8.0,"key":"SMITH"},{"data":"Strike_B","floor":11.0,"key":"SMITH"},{"data":"Defragment","floor":15.0,"key":"SMITH"},{"floor":24.0,"key":"REST"},{"data":"Conserve Battery","floor":27.0,"key":"SMITH"},{"floor":32,"key":"REST"},{"data":"Echo Form","floor":40,"key":"SMITH"},{"data":"Chill","floor":42,"key":"SMITH"},{"floor":44,"key":"REST"},{"data":"Defragment","floor":49,"key":"SMITH"}],"neow_cost":"NONE","seed_source_timestamp":862046620655340,"circlet_count":0,"master_deck":["Strike_B+1","Strike_B+1","Defend_B+1","Defend_B+1","Zap+1","Dualcast+1","Chill+1","Conserve Battery+1","Defragment+1","Thunder Strike+1","Blizzard+1","Cold Snap+1","Sunder+1","Ball Lightning+1","Go for the Eyes+1","Hologram+1","Coolheaded+1","Blizzard+1","Ball Lightning+1","White Noise+1","Echo Form+1","Undo+1","Defragment+1","Rebound+1","Jack Of All Trades"],"special_seed":0,"relics":["Cracked Core","War Paint","Molten Egg 2","Empty Cage","MawBank","Strawberry","Boot","Inserter","FaceOfCleric","Centennial Puzzle","Kunai"],"potions_floor_usage":[39,39,41,50],"damage_taken":[{"damage":0.0,"enemies":"Small Slimes","floor":1.0,"turns":2.0},{"damage":0.0,"enemies":"Cultist","floor":2.0,"turns":3.0},{"damage":0.0,"enemies":"2 Louse","floor":4.0,"turns":3.0},{"damage":1.0,"enemies":"2 Fungi Beasts","floor":5.0,"turns":4.0},{"damage":0.0,"enemies":"Large Slime","floor":13.0,"turns":6.0},{"damage":0.0,"enemies":"3 Louse","floor":14.0,"turns":3.0},{"damage":30.0,"enemies":"Slime Boss","floor":16.0,"turns":11.0},{"damage":7.0,"enemies":"2 Thieves","floor":18.0,"turns":4.0},{"damage":0.0,"enemies":"Chosen","floor":20.0,"turns":4.0},{"damage":13.0,"enemies":"Centurion and Healer","floor":21.0,"turns":6.0},{"damage":0.0,"enemies":"3 Cultists","floor":28.0,"turns":4.0},{"damage":18.0,"enemies":"Slavers","floor":29.0,"turns":7.0},{"damage":20,"enemies":"Gremlin Leader","floor":31,"turns":6},{"damage":18,"enemies":"Collector","floor":33,"turns":9},{"damage":0,"enemies":"3 Shapes","floor":35,"turns":5},{"damage":9,"enemies":"3 Darklings","floor":39,"turns":6},{"damage":5,"enemies":"Transient","floor":41,"turns":5},{"damage":25,"enemies":"Writhing Mass","floor":45,"turns":7},{"damage":4,"enemies":"Maw","floor":46,"turns":9},{"damage":7,"enemies":"Time Eater","floor":50,"turns":13}],"seed_played":"3676688484355919018","potions_obtained":[{"floor":2.0,"key":"SkillPotion"},{"floor":4.0,"key":"FairyPotion"},{"floor":16.0,"key":"Block Potion"},{"floor":21.0,"key":"Swift Potion"},{"floor":29.0,"key":"Energy Potion"},{"floor":45,"key":"Block Potion"},{"floor":46,"key":"SteroidPotion"}],"is_trial":false,"path_per_floor":["M","M","?","M","M","R","$","R","T","?","R","$","M","M","R","B",null,"M","$","M","M","?","?","R","?","T","R","M","E","$","E","R","B",null,"M","?","?","?","M","R","M","R","T","R","M","M","$","$","R","B",null],"character_chosen":"DEFECT","items_purchased":["War Paint","Conserve Battery","Cold Snap+1","Sunder+1","Blizzard+1","Ball Lightning+1","Defragment","Rebound+1","Kunai","Jack Of All Trades"],"campfire_rested":3,"item_purchase_floors":[7,12,19,19,30,30,47,48,48,48],"current_hp_per_floor":[75,75,75,75,74,74,74,74,74,74,74,74,74,74,74,44,75,68,68,68,55,41,41,65,65,65,65,65,54,54,34,60,42,87,87,87,87,87,79,79,75,75,75,89,65,62,62,62,62,56],"gold":32,"neow_bonus":"HUNDRED_GOLD","is_prod":false,"is_daily":false,"chose_seed":false,"campfire_upgraded":8,"win_rate":0,"timestamp":1546543747,"path_taken":["M","M","?","M","?","R","$","R","T","?","R","?","M","M","R","BOSS","M","$","M","M","?","?","R","?","T","R","M","E","$","E","R","BOSS","M","?","?","?","M","R","M","R","T","R","?","M","?","$","R","BOSS"],"build_version":"2018-12-20","purchased_purges":0,"victory":true,"max_hp_per_floor":[75,75,75,75,75,75,75,75,75,75,75,75,75,75,75,75,75,75,75,75,75,80,80,80,80,80,80,80,87,87,87,87,87,87,87,87,87,87,88,88,89,89,89,89,90,91,91,91,91,92],"card_choices":[{"not_picked":["Compile Driver","Turbo"],"picked":"Chill","floor":1.0},{"not_picked":["Fusion","Beam Cell","Storm"],"picked":"SKIP","floor":2.0},{"not_picked":["Turbo","Streamline","Aggregate"],"picked":"SKIP","floor":4.0},{"not_picked":["Consume","Capacitor"],"picked":"BootSequence","floor":5.0},{"not_picked":["Aggregate","Cold Snap+1"],"picked":"Defragment","floor":13.0},{"not_picked":["Gash+1","Beam Cell+1","Stack"],"picked":"SKIP","floor":14.0},{"not_picked":["Buffer","Reboot"],"picked":"Thunder Strike+1","floor":16.0},{"not_picked":["Reinforced Body+1","Streamline+1"],"picked":"Blizzard+1","floor":18.0},{"not_picked":["Streamline+1","Stack"],"picked":"Ball Lightning+1","floor":20.0},{"not_picked":["Reprogram","Hello World"],"picked":"Go for the Eyes+1","floor":21.0},{"not_picked":["Sunder+1","Go for the Eyes+1"],"picked":"Hologram+1","floor":28.0},{"not_picked":["Sunder+1","Biased Cognition"],"picked":"Coolheaded+1","floor":29.0},{"not_picked":["Loop","Fission"],"picked":"White Noise+1","floor":31},{"not_picked":["Biased Cognition","Seek"],"picked":"Echo Form","floor":33},{"not_picked":["Stack","Reinforced Body+1","Scrape+1"],"picked":"SKIP","floor":35},{"not_picked":["Gash+1","Reinforced Body","Aggregate"],"picked":"SKIP","floor":39},{"not_picked":["Redo+1","Force Field","Self Repair"],"picked":"SKIP","floor":41},{"not_picked":["Static Discharge","Conserve Battery"],"picked":"Undo+1","floor":45},{"not_picked":["Stack+1","Redo+1","Leap+1"],"picked":"SKIP","floor":46}],"player_experience":939562,"relics_obtained":[{"floor":9.0,"key":"Molten Egg 2"},{"floor":26.0,"key":"MawBank"},{"floor":29.0,"key":"Strawberry"},{"floor":31,"key":"Boot"},{"floor":43,"key":"Centennial Puzzle"}],"event_choices":[{"cards_removed":["Defend_B"],"damage_healed":0.0,"max_hp_gain":0.0,"max_hp_loss":0.0,"gold_gain":0.0,"event_name":"Bonfire Elementals","player_choice":"Offered Basic","floor":3.0,"gold_loss":0.0,"damage_taken":0.0},{"cards_removed":["Strike_B"],"damage_healed":0.0,"max_hp_gain":0.0,"max_hp_loss":0.0,"gold_gain":0.0,"event_name":"Purifier","player_choice":"Purged","floor":10.0,"gold_loss":0.0,"damage_taken":0.0},{"damage_healed":0.0,"max_hp_gain":5.0,"max_hp_loss":0.0,"gold_gain":0.0,"event_name":"Forgotten Altar","player_choice":"Shed Blood","floor":22.0,"gold_loss":0.0,"damage_taken":19.0},{"damage_healed":0.0,"max_hp_gain":0.0,"max_hp_loss":0.0,"gold_gain":0.0,"event_name":"Ghosts","player_choice":"Ignored","floor":23.0,"gold_loss":0.0,"damage_taken":0.0},{"damage_healed":0.0,"max_hp_gain":0.0,"max_hp_loss":0.0,"gold_gain":0.0,"event_name":"Back to Basics","player_choice":"Simplicity","floor":25.0,"gold_loss":0.0,"damage_taken":0.0,"cards_upgraded":["Defend_B"]},{"damage_healed":0,"gold_gain":0,"player_choice":"Ignored","damage_taken":0,"max_hp_gain":0,"max_hp_loss":0,"event_name":"Tomb of Lord Red Mask","floor":36,"gold_loss":0},{"cards_removed":["BootSequence"],"damage_healed":0,"gold_gain":0,"player_choice":"Removed Skill","damage_taken":0,"max_hp_gain":0,"max_hp_loss":0,"event_name":"Falling","floor":37,"gold_loss":0},{"damage_healed":0,"gold_gain":0,"player_choice":"Trade","damage_taken":0,"relics_obtained":["FaceOfCleric"],"max_hp_gain":0,"max_hp_loss":0,"event_name":"FaceTrader","floor":38,"gold_loss":0}],"is_beta":false,"boss_relics":[{"not_picked":["Runic Pyramid","Fusion Hammer"],"picked":"Empty Cage"},{"not_picked":["Philosopher\u0027s Stone","FrozenCore"],"picked":"Inserter"}],"items_purged_floors":[],"is_endless":false,"potions_floor_spawned":[2,4,16,20,21,28,29,35,45,46],"ascension_level":0}