{"gold_per_floor":[114,114,29,29,43,43,55,119,167,167,167,181,208,243,243,320,320,332,332,144,94,194,194],"floor_reached":23,"playtime":751,"items_purged":["Strike_B"],"score":376,"play_id":"bf42f790-80b2-40da-86c1-d7342efa0382","local_time":"20190130001322","is_ascension_mode":true,"campfire_choices":[{"data":"Zap","floor":6,"key":"SMITH"},{"floor":15,"key":"REST"}],"neow_cost":"PERCENT_DAMAGE","seed_source_timestamp":439810819077000,"circlet_count":0,"master_deck":["AscendersBane","Strike_B","Strike_B","Defend_B","Defend_B+1","Defend_B+1","Defend_B","Zap+1","Dualcast","Ball Lightning","Capacitor","Loop","FTL","Buffer","Defragment","Go for the Eyes","Ball Lightning","Biased Cognition","Hologram","BootSequence"],"relics":["Cracked Core","Mango","Tiny Chest","Orichalcum","Pear","War Paint","Vajra","Philosopher\u0027s Stone","Pocketwatch","Frozen Egg 2"],"potions_floor_usage":[12,12,22,22,23],"damage_taken":[{"damage":13,"enemies":"Jaw Worm","floor":1,"turns":4},{"damage":4,"enemies":"Small Slimes","floor":5,"turns":3},{"damage":1,"enemies":"Cultist","floor":7,"turns":3},{"damage":45,"enemies":"3 Sentries","floor":8,"turns":7},{"damage":3,"enemies":"Exordium Thugs","floor":12,"turns":3},{"damage":16,"enemies":"Gremlin Nob","floor":14,"turns":5},{"damage":29,"enemies":"The Guardian","floor":16,"turns":9},{"damage":11,"enemies":"Shell Parasite","floor":18,"turns":5},{"damage":15,"enemies":"Colosseum Slavers","floor":22,"turns":4},{"damage":32,"enemies":"Colosseum Nobs","floor":22,"turns":4},{"damage":19,"enemies":"Gremlin Leader","floor":23,"turns":3}],"seed_played":"-1053316373817435573","potions_obtained":[{"floor":1,"key":"LiquidBronze"},{"floor":4,"key":"Strength Potion"},{"floor":8,"key":"Energy Potion"},{"floor":22,"key":"Poison Potion"}],"is_trial":false,"path_per_floor":["M","?","$","?","M","R","M","E","T","T","?","M","T","E","R","B",null,"M","?","$","$","?","E"],"character_chosen":"DEFECT","items_purchased":["Capacitor","Block Potion","Strength Potion","Hologram"],"campfire_rested":1,"item_purchase_floors":[3,20,20,21],"current_hp_per_floor":[47,75,75,75,71,71,70,25,25,35,35,32,32,16,44,15,75,64,64,64,64,17,0],"gold":194,"neow_bonus":"ONE_RARE_RELIC","is_prod":false,"is_daily":false,"chose_seed":false,"campfire_upgraded":1,"win_rate":0,"timestamp":1548836002,"path_taken":["M","?","$","?","?","R","M","E","T","?","?","?","?","E","R","BOSS","M","?","?","$","?","E"],"build_version":"2019-01-23","purchased_purges":1,"victory":false,"max_hp_per_floor":[85,85,85,85,85,85,85,85,85,95,95,95,95,95,95,95,95,95,95,95,95,95,95],"card_choices":[{"not_picked":["Loop","Beam Cell"],"picked":"Ball Lightning","floor":1},{"not_picked":["Ball Lightning","Steam Power"],"picked":"Loop","floor":5},{"not_picked":["Lockon","Steam Power"],"picked":"FTL","floor":7},{"not_picked":["Consume","Reprogram"],"picked":"Buffer","floor":8},{"not_picked":["Hologram","Compile Driver"],"picked":"Go for the Eyes","floor":12},{"not_picked":["Steam Power","Beam Cell"],"picked":"Ball Lightning","floor":14},{"not_picked":["Amplify","All For One"],"picked":"Biased Cognition","floor":16},{"not_picked":["Capacitor","Barrage","Stack"],"picked":"SKIP","floor":18},{"not_picked":["Turbo","Static Discharge"],"picked":"BootSequence","floor":22}],"player_experience":1210958,"relics_obtained":[{"floor":8,"key":"Tiny Chest"},{"floor":9,"key":"Orichalcum"},{"floor":10,"key":"Pear"},{"floor":13,"key":"War Paint"},{"floor":14,"key":"Vajra"},{"floor":22,"key":"Pocketwatch"},{"floor":22,"key":"Frozen Egg 2"}],"event_choices":[{"damage_healed":28,"gold_gain":0,"player_choice":"Banana","damage_taken":0,"max_hp_gain":0,"max_hp_loss":0,"event_name":"Big Fish","floor":2,"gold_loss":0},{"damage_healed":0,"gold_gain":0,"player_choice":"Got Potions","damage_taken":0,"max_hp_gain":0,"max_hp_loss":0,"event_name":"Lab","floor":4,"gold_loss":0},{"damage_healed":0,"gold_gain":0,"player_choice":"1 cards matched","damage_taken":0,"max_hp_gain":0,"max_hp_loss":0,"event_name":"Match and Keep!","floor":11,"gold_loss":0,"cards_obtained":["Defragment"]},{"cards_removed":["Strike_B"],"damage_healed":0,"gold_gain":0,"player_choice":"Offered Basic","damage_taken":0,"max_hp_gain":0,"max_hp_loss":0,"event_name":"Bonfire Elementals","floor":19,"gold_loss":0},{"damage_healed":0,"gold_gain":0,"player_choice":"Fight","damage_taken":0,"max_hp_gain":0,"max_hp_loss":0,"event_name":"Colosseum","floor":22,"gold_loss":0},{"damage_healed":0,"gold_gain":0,"player_choice":"Fought Nobs","damage_taken":0,"max_hp_gain":0,"max_hp_loss":0,"event_name":"Colosseum","floor":22,"gold_loss":0}],"is_beta":false,"boss_relics":[{"not_picked":["Pandora\u0027s Box","Nuclear Battery"],"picked":"Philosopher\u0027s Stone"}],"items_purged_floors":[20],"is_endless":false,"potions_floor_spawned":[1,7,8,22,22],"killed_by":"Gremlin Leader","ascension_level":16}