{"gold_per_floor":[114,289,304,304,2316,2316,2351,2351,2351,2406,2422,2422,2422,2466,2466,2566,2566,2583,2602,1449,1460,1476,1509,1509,1554,1628,1628,1673,505,505,505,505,628,628,648,661,688,731,84,110,127,155,182,216,226,16,68,83,83,83],"floor_reached":51,"playtime":3459,"items_purged":["Writhe","Pain"],"score":867,"play_id":"f8766380-6626-4de4-8812-be6840e2c358","local_time":"20190210181844","is_ascension_mode":false,"campfire_choices":[{"data":"Go for the Eyes","floor":6,"key":"SMITH"},{"data":"Scrape","floor":8,"key":"SMITH"},{"floor":12,"key":"REST"},{"data":"Conserve Battery","floor":15,"key":"SMITH"},{"data":"Self Repair","floor":24,"key":"SMITH"},{"data":"Conserve Battery","floor":27,"key":"SMITH"},{"data":"Loop","floor":32,"key":"SMITH"},{"data":"Hello World","floor":49,"key":"SMITH"}],"neow_cost":"NONE","seed_source_timestamp":150708526790700,"circlet_count":0,"master_deck":["Strike_B+1","Strike_B+1","Strike_B","Strike_B","Defend_B","Defend_B","Defend_B+1","Defend_B","Zap+1","Dualcast","Beam Cell","Storm","BootSequence","HandOfGreed+1","Blind","Go for the Eyes+1","Scrape+1","Steam","Hello World+1","Stack+1","Leap","Conserve Battery+1","Ball Lightning","Core Surge","Redo+1","Coolheaded+1","Chrysalis","Flash of Steel","Heatsinks","Conserve Battery+1","Amplify","Cold Snap","Beam Cell","Genetic Algorithm+1","Hologram+1","Self Repair+1","Double Energy+1","Hologram+1","Violence+1","Panacea","Melter","Recycle","Loop+1","Rip and Tear","Necronomicurse","Creative AI","Injury","Doom and Gloom","Turbo","Chaos+1","Bandage Up","Turbo","Melter","Compile Driver","Steam Power","Tempest","Thunder Strike","Compile Driver+1","Streamline+1","Capacitor","Finesse","Reinforced Body","White Noise","Consume+1","Beam Cell+1"],"relics":["Cracked Core","Bronze Scales","Dodecahedron","MealTicket","Smiling Mask","Lantern","Whetstone","Nuclear Battery","Potion Belt","Thread and Needle","Kunai","Bottled Tornado","War Paint","Letter Opener","Necronomicon","Calling Bell","Orichalcum","Pantograph","Calipers","Boot","Happy Flower","Bottled Flame","Prayer Wheel","Anchor","Strawberry","Oddly Smooth Stone","Unceasing Top"],"potions_floor_usage":[7,7,16,19,21,21,22,22,23,33,33,33,33,33,33,40,41,42,50,50,50],"damage_taken":[{"damage":8,"enemies":"2 Louse","floor":1,"turns":2},{"damage":4,"enemies":"Small Slimes","floor":3,"turns":3},{"damage":26,"enemies":"Lagavulin","floor":7,"turns":6},{"damage":12,"enemies":"3 Sentries","floor":10,"turns":5},{"damage":1,"enemies":"Cultist","floor":11,"turns":3},{"damage":0,"enemies":"2 Fungi Beasts","floor":14,"turns":3},{"damage":2,"enemies":"Hexaghost","floor":16,"turns":8},{"damage":0,"enemies":"Shell Parasite","floor":18,"turns":4},{"damage":0,"enemies":"3 Byrds","floor":19,"turns":3},{"damage":0,"enemies":"Snake Plant","floor":21,"turns":2},{"damage":2,"enemies":"Centurion and Healer","floor":22,"turns":6},{"damage":29,"enemies":"Gremlin Leader","floor":23,"turns":9},{"damage":0,"enemies":"Cultist and Chosen","floor":25,"turns":6},{"damage":18,"enemies":"3 Cultists","floor":28,"turns":6},{"damage":43,"enemies":"Champ","floor":33,"turns":10},{"damage":6,"enemies":"Orb Walker","floor":35,"turns":3},{"damage":28,"enemies":"3 Shapes","floor":36,"turns":4},{"damage":13,"enemies":"Writhing Mass","floor":38,"turns":6},{"damage":66,"enemies":"Reptomancer","floor":40,"turns":6},{"damage":10,"enemies":"Maw","floor":41,"turns":7},{"damage":48,"enemies":"Nemesis","floor":42,"turns":9},{"damage":23,"enemies":"Reptomancer","floor":44,"turns":6},{"damage":6,"enemies":"Sphere and 2 Shapes","floor":45,"turns":4},{"damage":13,"enemies":"2 Orb Walkers","floor":47,"turns":5},{"damage":0,"enemies":"4 Shapes","floor":48,"turns":4},{"damage":37,"enemies":"Awakened One","floor":50,"turns":11}],"seed_played":"-3468799902777100244","potions_obtained":[{"floor":1,"key":"Weak Potion"},{"floor":3,"key":"Explosive Potion"},{"floor":14,"key":"SkillPotion"},{"floor":18,"key":"AttackPotion"},{"floor":19,"key":"AttackPotion"},{"floor":38,"key":"SkillPotion"},{"floor":40,"key":"AttackPotion"},{"floor":41,"key":"Poison Potion"},{"floor":47,"key":"SpeedPotion"},{"floor":48,"key":"AttackPotion"}],"is_trial":false,"path_per_floor":["M","?","M","?","$","R","E","R","T","E","M","R","?","M","R","B",null,"M","M","$","M","M","E","R","M","T","R","M","$","?","?","R","B",null,"M","M","T","M","$","E","M","E","T","E","M","$","?","M","R","B",null],"character_chosen":"DEFECT","items_purchased":["BootSequence","Bronze Scales","Dodecahedron","MealTicket","HandOfGreed","Blind","Go for the Eyes","Scrape","Steam","Hello World","Explosive Potion","Potion Belt","Thread and Needle","Chrysalis","Flash of Steel","Heatsinks","Conserve Battery","Amplify","Cold Snap","Beam Cell","AttackPotion","Swift Potion","FocusPotion","War Paint","Letter Opener","Violence","Panacea","Melter","Recycle","Loop","Rip and Tear","AttackPotion","EntropicBrew","Ancient Potion","Bandage Up","Happy Flower","Bottled Flame","Turbo","Melter","Finesse","Reinforced Body"],"campfire_rested":1,"item_purchase_floors":[5,5,5,5,5,5,5,5,5,5,5,20,20,20,20,20,20,20,20,20,20,20,20,29,29,29,29,29,29,29,29,29,29,29,39,39,39,39,39,46,46],"current_hp_per_floor":[74,74,70,63,63,63,37,37,37,25,24,82,66,66,66,64,82,82,82,82,82,80,51,51,82,82,82,82,82,66,66,66,82,82,82,82,82,82,82,82,82,36,89,89,89,89,89,89,89,89],"gold":83,"neow_bonus":"TEN_PERCENT_HP_BONUS","is_prod":false,"is_daily":false,"chose_seed":false,"campfire_upgraded":7,"win_rate":0,"timestamp":1549793924,"path_taken":["M","?","M","?","$","R","E","R","T","E","M","R","?","M","R","BOSS","M","M","$","M","M","E","R","M","T","R","M","$","?","?","R","BOSS","M","M","?","M","$","E","M","E","T","E","M","$","?","M","R","BOSS"],"build_version":"2019-01-23","purchased_purges":2,"victory":true,"max_hp_per_floor":[82,82,82,82,82,82,82,82,82,82,82,82,82,82,82,82,82,82,82,82,82,82,82,82,82,82,82,82,82,82,82,82,82,82,82,82,82,82,82,82,82,82,89,89,89,89,89,89,89,89],"card_choices":[{"not_picked":["Hello World","Coolheaded"],"picked":"Beam Cell","floor":1},{"not_picked":["Coolheaded","Cold Snap"],"picked":"Storm","floor":3},{"not_picked":["Blizzard","Beam Cell"],"picked":"Stack","floor":7},{"not_picked":["Barrage","Ball Lightning"],"picked":"Leap","floor":10},{"not_picked":["Stack","Chill"],"picked":"Conserve Battery","floor":11},{"not_picked":["Barrage","Steam"],"picked":"Ball Lightning","floor":14},{"not_picked":["Amplify","Fission"],"picked":"Core Surge","floor":16},{"not_picked":["Barrage","Sunder"],"picked":"Redo+1","floor":18},{"not_picked":["Stack","Beam Cell+1"],"picked":"Coolheaded+1","floor":19},{"not_picked":["Tempest","Sweeping Beam"],"picked":"Genetic Algorithm+1","floor":21},{"not_picked":["Auto Shields","Heatsinks+1"],"picked":"Hologram+1","floor":22},{"not_picked":["Rebound+1","Barrage+1"],"picked":"Self Repair","floor":23},{"not_picked":["Rebound","Turbo"],"picked":"Double Energy+1","floor":25},{"not_picked":["Steam","Glacier"],"picked":"Hologram+1","floor":28},{"not_picked":["Amplify","Multi-Cast"],"picked":"Creative AI","floor":33},{"not_picked":["Storm","Gash+1"],"picked":"Doom and Gloom","floor":35},{"not_picked":["Coolheaded+1","Stack"],"picked":"Turbo","floor":36},{"not_picked":["Reprogram+1","Go for the Eyes+1"],"picked":"Chaos+1","floor":38},{"not_picked":["Steam","Hologram+1"],"picked":"Compile Driver","floor":40},{"not_picked":["Barrage","Beam Cell+1"],"picked":"Steam Power","floor":41},{"not_picked":["Melter","Darkness"],"picked":"Tempest","floor":41},{"not_picked":["Beam Cell+1","Chaos"],"picked":"Thunder Strike","floor":42},{"not_picked":["Beam Cell","Hologram+1"],"picked":"Compile Driver+1","floor":44},{"not_picked":["Conserve Battery","Rebound+1"],"picked":"Streamline+1","floor":45},{"not_picked":["Go for the Eyes+1","Buffer"],"picked":"Capacitor","floor":45},{"not_picked":["Hologram","Stack+1"],"picked":"White Noise","floor":47},{"not_picked":["Compile Driver+1","Cold Snap"],"picked":"Consume+1","floor":48},{"not_picked":["Self Repair+1","Go for the Eyes+1"],"picked":"Beam Cell+1","floor":48}],"player_experience":47029,"relics_obtained":[{"floor":7,"key":"Smiling Mask"},{"floor":9,"key":"Lantern"},{"floor":10,"key":"Whetstone"},{"floor":23,"key":"Kunai"},{"floor":26,"key":"Bottled Tornado"},{"floor":30,"key":"Necronomicon"},{"floor":34,"key":"Orichalcum"},{"floor":34,"key":"Pantograph"},{"floor":34,"key":"Calipers"},{"floor":37,"key":"Boot"},{"floor":40,"key":"Prayer Wheel"},{"floor":42,"key":"Anchor"},{"floor":43,"key":"Strawberry"},{"floor":44,"key":"Oddly Smooth Stone"},{"floor":47,"key":"Unceasing Top"}],"event_choices":[{"damage_healed":0,"gold_gain":175,"player_choice":"AGREE","damage_taken":0,"max_hp_gain":0,"max_hp_loss":0,"event_name":"Liars Game","floor":2,"gold_loss":0,"cards_obtained":["Doubt"]},{"cards_removed":["Doubt"],"damage_healed":0,"gold_gain":0,"player_choice":"Card Removal","damage_taken":7,"max_hp_gain":0,"max_hp_loss":0,"event_name":"Golden Wing","floor":4,"gold_loss":0},{"damage_healed":0,"gold_gain":0,"player_choice":"Entered Light","damage_taken":16,"max_hp_gain":0,"max_hp_loss":0,"event_name":"Shining Light","floor":13,"gold_loss":0,"cards_upgraded":["Strike_B","Stack"]},{"damage_healed":0,"gold_gain":0,"player_choice":"Obtained Book","damage_taken":16,"max_hp_gain":0,"max_hp_loss":0,"event_name":"Cursed Tome","floor":30,"gold_loss":0},{"damage_healed":0,"gold_gain":0,"player_choice":"Upgraded","damage_taken":0,"max_hp_gain":0,"max_hp_loss":0,"event_name":"Upgrade Shrine","floor":31,"gold_loss":0,"cards_upgraded":["Violence"]},{"damage_healed":0,"gold_gain":0,"player_choice":"Fight","damage_taken":0,"max_hp_gain":0,"max_hp_loss":0,"event_name":"Mysterious Sphere","floor":47,"gold_loss":0}],"is_beta":false,"boss_relics":[{"not_picked":["Astrolabe","Velvet Choker"],"picked":"Nuclear Battery"},{"not_picked":["Inserter","Runic Dome"],"picked":"Calling Bell"}],"items_purged_floors":[39,46],"is_endless":false,"potions_floor_spawned":[1,3,14,18,19,38,40,41,47,48],"ascension_level":0}