{"gold_per_floor":[112,112,112,112,144,190,202,214,306,318,340,382,408,451,463,549,561,554,580,592,604,531,543,566,503,539,551,573,684,709,736,748,760],"floor_reached":33,"playtime":1560,"items_purged":[],"score":479,"play_id":"2727058b-ce81-4481-8b6c-1cd29ff7417b","local_time":"20190210161831","is_ascension_mode":true,"campfire_choices":[{"data":"Armaments","floor":7,"key":"SMITH"},{"data":"Metallicize","floor":10,"key":"SMITH"},{"data":"Juggernaut","floor":15,"key":"SMITH"},{"floor":23,"key":"REST"},{"floor":27,"key":"REST"},{"floor":32,"key":"REST"}],"neow_cost":"NONE","seed_source_timestamp":1112281748843013,"circlet_count":0,"master_deck":["AscendersBane","Strike_R","Strike_R","Strike_R+1","Strike_R","Defend_R+1","Defend_R","Defend_R","Defend_R","Bash","Shrug It Off","Metallicize+1","Armaments+1","Shrug It Off","Juggernaut+1","Inflame","Feel No Pain","Juggernaut","Body Slam","Infernal Blade+1","Metallicize","Whirlwind","Body Slam","Shrug It Off"],"relics":["Black Blood","NeowsBlessing","MawBank","Charon\u0027s Ashes","Bottled Tornado","Blue Candle","Question Card","Enchiridion","Happy Flower","Vajra"],"potions_floor_usage":[16,16,30,30],"damage_taken":[{"damage":0,"enemies":"2 Louse","floor":1,"turns":1},{"damage":0,"enemies":"Small Slimes","floor":5,"turns":1},{"damage":0,"enemies":"Gremlin Nob","floor":6,"turns":1},{"damage":3,"enemies":"Jaw Worm","floor":11,"turns":4},{"damage":9,"enemies":"3 Sentries","floor":12,"turns":8},{"damage":11,"enemies":"Lots of Slimes","floor":13,"turns":4},{"damage":8,"enemies":"Lagavulin","floor":14,"turns":9},{"damage":30,"enemies":"The Guardian","floor":16,"turns":9},{"damage":28,"enemies":"2 Thieves","floor":18,"turns":5},{"damage":8,"enemies":"Chosen","floor":19,"turns":5},{"damage":31,"enemies":"Centurion and Healer","floor":24,"turns":5},{"damage":32,"enemies":"Snake Plant","floor":28,"turns":4},{"damage":31,"enemies":"Snecko","floor":30,"turns":6},{"damage":18,"enemies":"Shelled Parasite and Fungi","floor":31,"turns":9},{"damage":41,"enemies":"Collector","floor":33,"turns":5}],"seed_played":"-1230017474704237445","potions_obtained":[{"floor":5,"key":"Energy Potion"},{"floor":6,"key":"Poison Potion"},{"floor":11,"key":"Poison Potion"},{"floor":24,"key":"SteroidPotion"},{"floor":28,"key":"Regen Potion"},{"floor":30,"key":"Poison Potion"}],"is_trial":false,"path_per_floor":["M","?","$","?","M","E","R","$","T","R","M","E","M","E","R","B",null,"M","M","?","?","?","R","M","?","T","R","M","?","M","M","R","B"],"character_chosen":"IRONCLAD","items_purchased":[],"campfire_rested":3,"item_purchase_floors":[],"current_hp_per_floor":[78,62,62,37,43,49,49,49,49,49,52,49,44,42,42,18,65,47,49,34,18,18,43,22,22,22,47,25,25,19,11,36,0],"gold":760,"neow_bonus":"THREE_ENEMY_KILL","is_prod":false,"is_daily":false,"chose_seed":false,"campfire_upgraded":3,"win_rate":0,"timestamp":1549837111,"path_taken":["M","?","$","?","M","E","R","$","T","R","M","E","M","E","R","BOSS","M","M","?","?","?","R","M","?","T","R","M","?","M","?","R","BOSS"],"build_version":"2019-01-23","purchased_purges":0,"victory":false,"max_hp_per_floor":[80,80,80,80,80,80,80,80,80,80,80,80,80,80,80,80,80,80,80,85,85,85,85,85,85,85,85,85,85,85,85,85,85],"card_choices":[{"not_picked":["Iron Wave","Infernal Blade"],"picked":"Shrug It Off","floor":1},{"not_picked":["Flex","Iron Wave"],"picked":"Metallicize","floor":5},{"not_picked":["Twin Strike","Infernal Blade"],"picked":"Armaments","floor":6},{"not_picked":["Wild Strike","Cleave"],"picked":"Shrug It Off","floor":11},{"not_picked":["Heavy Blade","Dropkick"],"picked":"Juggernaut","floor":12},{"not_picked":["Sword Boomerang","Wild Strike"],"picked":"Inflame","floor":13},{"not_picked":["Carnage","Infernal Blade"],"picked":"Feel No Pain","floor":14},{"not_picked":["Fiend Fire","Bludgeon","Brutality"],"picked":"Juggernaut","floor":16},{"not_picked":["Sever Soul","Wild Strike","Pommel Strike"],"picked":"Body Slam","floor":18},{"not_picked":["Anger","Spot Weakness","Battle Trance"],"picked":"Infernal Blade+1","floor":19},{"not_picked":["Sever Soul","Shrug It Off","Pommel Strike"],"picked":"Metallicize","floor":24},{"not_picked":["Sever Soul","Headbutt","Dark Embrace"],"picked":"Whirlwind","floor":28},{"not_picked":["Pummel","Pommel Strike","Sword Boomerang"],"picked":"Body Slam","floor":30},{"not_picked":["Twin Strike","Wild Strike+1","Ghostly Armor"],"picked":"Shrug It Off","floor":31}],"player_experience":549820,"relics_obtained":[{"floor":6,"key":"Charon\u0027s Ashes"},{"floor":9,"key":"Bottled Tornado"},{"floor":12,"key":"Blue Candle"},{"floor":14,"key":"Question Card"},{"floor":21,"key":"Enchiridion"},{"floor":26,"key":"Vajra"}],"event_choices":[{"damage_healed":0,"gold_gain":0,"player_choice":"Entered Light","damage_taken":16,"max_hp_gain":0,"max_hp_loss":0,"event_name":"Shining Light","floor":2,"gold_loss":0,"cards_upgraded":["Strike_R","Defend_R"]},{"damage_healed":0,"gold_gain":0,"player_choice":"Success","damage_taken":25,"relics_obtained":["MawBank"],"max_hp_gain":0,"max_hp_loss":0,"event_name":"Scrap Ooze","floor":4,"gold_loss":0},{"damage_healed":0,"gold_gain":0,"player_choice":"Shed Blood","damage_taken":20,"max_hp_gain":5,"max_hp_loss":0,"event_name":"Forgotten Altar","floor":20,"gold_loss":0},{"damage_healed":0,"gold_gain":0,"player_choice":"Obtained Book","damage_taken":16,"max_hp_gain":0,"max_hp_loss":0,"event_name":"Cursed Tome","floor":21,"gold_loss":0},{"damage_healed":0,"gold_gain":0,"player_choice":"Obtained Relic","damage_taken":0,"relics_obtained":["Happy Flower"],"max_hp_gain":0,"max_hp_loss":0,"event_name":"Addict","floor":22,"gold_loss":85},{"cards_removed":["Strike_R"],"damage_healed":0,"gold_gain":0,"player_choice":"Gave Gold","damage_taken":0,"max_hp_gain":0,"max_hp_loss":0,"event_name":"Beggar","floor":25,"gold_loss":75},{"damage_healed":0,"gold_gain":99,"player_choice":"Stole From Cult","damage_taken":0,"max_hp_gain":0,"max_hp_loss":0,"event_name":"Nest","floor":29,"gold_loss":0}],"is_beta":false,"boss_relics":[{"not_picked":["Ectoplasm","Sozu"],"picked":"Black Blood"}],"items_purged_floors":[],"is_endless":false,"potions_floor_spawned":[5,6,11,24,28,30],"killed_by":"Collector","ascension_level":13}