{"gold_per_floor":[364,289,289,300,27,54,73,92,92,92,92,92,92,92,92,223,223,246,246,246,260,260,260,300,315,362,362,389,408,129,129,129,260,260,280,303,132,145,145,145,21,21,21,21,21,62,76,76,76,76],"floor_reached":51,"playtime":1400,"items_purged":["Shame","Defend_B"],"score":764,"play_id":"aa219805-f618-47e4-a6a4-9da6bc52345d","local_time":"20181121002714","is_ascension_mode":false,"campfire_choices":[{"data":"Defragment","floor":10.0,"key":"SMITH"},{"data":"Zap","floor":13.0,"key":"SMITH"},{"data":"Go for the Eyes","floor":15.0,"key":"SMITH"},{"floor":23,"key":"REST"},{"floor":27,"key":"REST"},{"floor":32,"key":"REST"},{"data":"Buffer","floor":40,"key":"SMITH"},{"data":"Capacitor","floor":42,"key":"SMITH"},{"data":"Loop","floor":45,"key":"SMITH"},{"floor":49,"key":"REST"}],"neow_cost":"CURSE","seed_source_timestamp":272412100010040,"circlet_count":0,"master_deck":["Defend_B","Zap+1","Dualcast+1","Coolheaded","Defragment+1","Go for the Eyes+1","Echo Form","Ball Lightning+1","Loop+1","Buffer+1","Barrage+1","Coolheaded+1","Defragment+1","Capacitor+1","Electrodynamics","Darkness+1","Auto Shields","BootSequence","Melter+1"],"special_seed":0,"relics":["Cracked Core","Runic Capacitor","Smiling Mask","Mercury Hourglass","Golden Idol","Nuclear Battery","Peace Pipe","Bag of Marbles","Ancient Tea Set","DollysMirror","Empty Cage","Pear","Frozen Egg 2"],"potions_floor_usage":[24,24,37,50,50,50],"damage_taken":[{"damage":10.0,"enemies":"Jaw Worm","floor":1.0,"turns":5.0},{"damage":0.0,"enemies":"2 Louse","floor":4.0,"turns":3.0},{"damage":21.0,"enemies":"3 Sentries","floor":6.0,"turns":9.0},{"damage":5.0,"enemies":"Small Slimes","floor":7.0,"turns":4.0},{"damage":2.0,"enemies":"Looter","floor":8.0,"turns":3.0},{"damage":0.0,"enemies":"Slime Boss","floor":16.0,"turns":7.0},{"damage":10.0,"enemies":"Chosen","floor":18.0,"turns":4.0},{"damage":19,"enemies":"2 Thieves","floor":21,"turns":3},{"damage":21,"enemies":"Slavers","floor":24,"turns":5},{"damage":20,"enemies":"Centurion and Healer","floor":25,"turns":6},{"damage":0,"enemies":"Snecko","floor":29,"turns":4},{"damage":9,"enemies":"Collector","floor":33,"turns":7},{"damage":1,"enemies":"Orb Walker","floor":35,"turns":3},{"damage":16,"enemies":"3 Darklings","floor":36,"turns":5},{"damage":11,"enemies":"Writhing Mass","floor":38,"turns":4},{"damage":1,"enemies":"Giant Head","floor":46,"turns":7},{"damage":0,"enemies":"Sphere and 2 Shapes","floor":47,"turns":4},{"damage":51,"enemies":"Donu and Deca","floor":50,"turns":7}],"seed_played":"-6647059628968177178","potions_obtained":[{"floor":4.0,"key":"EssenceOfSteel"},{"floor":6.0,"key":"Fire Potion"},{"floor":21,"key":"Swift Potion"},{"floor":29,"key":"GamblersBrew"},{"floor":36,"key":"SkillPotion"},{"floor":47,"key":"Regen Potion"}],"is_trial":false,"path_per_floor":["M","$","?","M","$","E","M","M","T","R","?","?","R","?","R","B",null,"M","?","?","M","?","R","E","M","T","R","T","M","$","?","R","B",null,"M","M","$","M","?","R","$","R","T","?","R","E","M","?","R","B",null],"character_chosen":"DEFECT","items_purchased":["Defragment","Runic Capacitor","DollysMirror","Capacitor","FocusPotion","Fruit Juice","Auto Shields"],"campfire_rested":4,"item_purchase_floors":[5,5,30,30,37,37,41],"current_hp_per_floor":[65,65,65,65,65,44,39,37,37,37,19,12,12,5,5,5,75,65,65,65,46,46,68,47,27,27,49,49,49,49,35,59,50,80,79,63,68,57,57,57,57,57,67,67,67,66,66,66,94,58],"gold":76,"neow_bonus":"TWO_FIFTY_GOLD","is_prod":false,"is_daily":false,"chose_seed":false,"campfire_upgraded":6,"win_rate":0,"timestamp":1542760034,"path_taken":["M","$","?","M","$","E","M","M","T","R","?","?","R","?","R","BOSS","M","?","?","M","?","R","E","M","T","R","?","?","$","?","R","BOSS","M","M","$","M","?","R","$","R","T","?","R","E","M","?","R","BOSS"],"build_version":"2018-11-15","purchased_purges":2,"victory":true,"max_hp_per_floor":[75,75,75,75,75,75,75,75,75,75,75,75,75,75,75,75,75,75,75,75,75,75,75,75,75,75,75,75,75,75,80,80,80,80,80,80,85,85,85,85,85,85,95,95,95,95,95,95,95,95],"card_choices":[{"not_picked":["Stack","Recycle","Reinforced Body"],"picked":"SKIP","floor":1.0},{"not_picked":["Barrage","Rebound"],"picked":"Coolheaded","floor":4.0},{"not_picked":["Sweeping Beam","Turbo","Rebound"],"picked":"SKIP","floor":6.0},{"not_picked":["Hello World","White Noise"],"picked":"Go for the Eyes","floor":7.0},{"not_picked":["Gash","Streamline","Stack"],"picked":"SKIP","floor":8.0},{"not_picked":["Meteor Strike","Core Surge"],"picked":"Echo Form","floor":16.0},{"not_picked":["Beam Cell","Stack"],"picked":"Ball Lightning+1","floor":18.0},{"not_picked":["Lockon","Loop"],"picked":"Barrage+1","floor":21},{"not_picked":["Gash","Hyperbeam"],"picked":"Beam Cell+1","floor":24},{"not_picked":["Doom and Gloom","Loop","Recycle"],"picked":"SKIP","floor":25},{"not_picked":["Leap+1","Compile Driver"],"picked":"Coolheaded+1","floor":29},{"not_picked":["Core Surge","Fission"],"picked":"Electrodynamics","floor":33},{"not_picked":["Recycle+1","Doom and Gloom","Go for the Eyes+1"],"picked":"SKIP","floor":35},{"not_picked":["Sweeping Beam+1","Reinforced Body"],"picked":"Darkness+1","floor":36},{"not_picked":["Rebound","Compile Driver+1","Genetic Algorithm+1"],"picked":"SKIP","floor":38},{"not_picked":["Reinforced Body","Fusion"],"picked":"BootSequence","floor":46},{"not_picked":["Hello World+1","Doom and Gloom"],"picked":"Melter+1","floor":47}],"player_experience":806952,"relics_obtained":[{"floor":6.0,"key":"Smiling Mask"},{"floor":9.0,"key":"Mercury Hourglass"},{"floor":24,"key":"Peace Pipe"},{"floor":26,"key":"Bag of Marbles"},{"floor":28,"key":"Ancient Tea Set"},{"floor":43,"key":"Pear"},{"floor":46,"key":"Frozen Egg 2"}],"event_choices":[{"damage_healed":0.0,"max_hp_gain":0.0,"max_hp_loss":0.0,"gold_gain":0.0,"event_name":"Living Wall","player_choice":"Grow","floor":3.0,"gold_loss":0.0,"damage_taken":0.0,"cards_upgraded":["Dualcast"]},{"damage_healed":0.0,"max_hp_gain":0.0,"max_hp_loss":0.0,"gold_gain":0.0,"event_name":"Golden Idol","player_choice":"Take Damage","floor":11.0,"gold_loss":0.0,"damage_taken":18.0,"relics_obtained":["Golden Idol"]},{"cards_removed":["Strike_B"],"damage_healed":0.0,"max_hp_gain":0.0,"max_hp_loss":0.0,"gold_gain":0.0,"event_name":"Golden Wing","player_choice":"Card Removal","floor":12.0,"gold_loss":0.0,"damage_taken":7.0},{"damage_healed":0.0,"max_hp_gain":0.0,"max_hp_loss":0.0,"gold_gain":0.0,"event_name":"Scrap Ooze","player_choice":"Fled","floor":14.0,"gold_loss":0.0,"damage_taken":7.0},{"damage_healed":0.0,"max_hp_gain":0.0,"max_hp_loss":0.0,"gold_gain":0.0,"cards_transformed":["Defend_B","Strike_B"],"event_name":"Drug Dealer","player_choice":"Became Test Subject","floor":19.0,"gold_loss":0.0,"damage_taken":0.0,"cards_obtained":["Loop","Buffer"]},{"damage_healed":0,"gold_gain":0,"player_choice":"Ignored","damage_taken":0,"max_hp_gain":0,"max_hp_loss":0,"event_name":"Beggar","floor":22,"gold_loss":0},{"damage_healed":0,"gold_gain":0,"player_choice":"Shed Blood","damage_taken":19,"max_hp_gain":5,"max_hp_loss":0,"event_name":"Forgotten Altar","floor":31,"gold_loss":0},{"damage_healed":0,"gold_gain":0,"player_choice":"Ignored","damage_taken":0,"max_hp_gain":0,"max_hp_loss":0,"event_name":"Tomb of Lord Red Mask","floor":39,"gold_loss":0},{"cards_removed":["Beam Cell"],"damage_healed":0,"gold_gain":0,"player_choice":"Removed Attack","damage_taken":0,"max_hp_gain":0,"max_hp_loss":0,"event_name":"Falling","floor":44,"gold_loss":0},{"cards_removed":["Defend_B"],"damage_healed":0,"gold_gain":0,"player_choice":"Card Removal","damage_taken":0,"max_hp_gain":0,"max_hp_loss":0,"event_name":"Wheel of Change","floor":48,"gold_loss":0}],"is_beta":false,"boss_relics":[{"not_picked":["Lizard Tail","Runic Pyramid"],"picked":"Nuclear Battery"},{"not_picked":["Busted Crown","Philosopher\u0027s Stone"],"picked":"Empty Cage"}],"items_purged_floors":[2,41],"is_endless":false,"potions_floor_spawned":[4,6,21,29,36,47],"ascension_level":0}