{"gold_per_floor":[111,131,131,51,51,51,51,89,112,187,187,187,228,249,249,348,348,367,282,282,282,188,188],"floor_reached":23,"playtime":660,"items_purged":[],"score":347,"play_id":"b7bd254a-c163-427c-90f1-0d8365e83b0c","local_time":"20190120155419","is_ascension_mode":true,"campfire_choices":[{"data":"Defragment","floor":6,"key":"SMITH"},{"floor":11,"key":"REST"},{"data":"Loop","floor":15,"key":"SMITH"}],"neow_cost":"NONE","seed_source_timestamp":924452055120100,"circlet_count":0,"master_deck":["AscendersBane","Zap","Dualcast","Loop+1","Sweeping Beam","Defragment+1","Core Surge","Self Repair","Hyperbeam","Scrape","Creative AI+1","Electrodynamics","Defragment","Fission","Hologram","Madness"],"relics":["Cracked Core","Golden Idol","Pear","Juzu Bracelet","Pen Nib","Pandora\u0027s Box","Gambling Chip"],"potions_floor_usage":[13,13,16,23],"damage_taken":[{"damage":7,"enemies":"Jaw Worm","floor":1,"turns":3},{"damage":1,"enemies":"2 Louse","floor":2,"turns":2},{"damage":24,"enemies":"Lagavulin","floor":8,"turns":6},{"damage":9,"enemies":"3 Sentries","floor":13,"turns":6},{"damage":1,"enemies":"Cultist","floor":14,"turns":4},{"damage":23,"enemies":"The Guardian","floor":16,"turns":10},{"damage":45,"enemies":"Shell Parasite","floor":18,"turns":4},{"damage":28,"enemies":"Book of Stabbing","floor":23,"turns":2}],"seed_played":"3514046096270437059","potions_obtained":[{"floor":1,"key":"Energy Potion"},{"floor":8,"key":"Block Potion"},{"floor":14,"key":"Swift Potion"},{"floor":18,"key":"FocusPotion"}],"is_trial":false,"path_per_floor":["M","M","?","$","?","R","T","E","T","?","R","?","E","M","R","B",null,"M","?","?","?","$","E"],"character_chosen":"DEFECT","items_purchased":["Defragment","Madness"],"campfire_rested":1,"item_purchase_floors":[4,22],"current_hp_per_floor":[64,63,63,63,42,42,52,28,28,17,41,41,32,31,31,15,65,27,27,27,27,27,0],"gold":188,"neow_bonus":"TEN_PERCENT_HP_BONUS","is_prod":false,"is_daily":false,"chose_seed":false,"campfire_upgraded":2,"win_rate":0,"timestamp":1548028459,"path_taken":["M","M","?","$","?","R","?","E","T","?","R","?","E","M","R","BOSS","M","?","?","?","$","E"],"build_version":"2019-01-17v2","purchased_purges":0,"victory":false,"max_hp_per_floor":[78,78,71,71,71,71,81,81,81,81,81,81,81,81,81,81,81,81,81,81,81,81,81],"card_choices":[{"not_picked":["Chill","Hologram"],"picked":"Loop","floor":1},{"not_picked":["Compile Driver","Hologram"],"picked":"Sweeping Beam","floor":2},{"not_picked":["Beam Cell","Blizzard"],"picked":"Core Surge","floor":8},{"not_picked":["Doom and Gloom","Genetic Algorithm","Aggregate"],"picked":"SKIP","floor":13},{"not_picked":["Cold Snap","Tempest"],"picked":"Self Repair","floor":14},{"not_picked":["All For One","Core Surge"],"picked":"Hyperbeam","floor":16},{"not_picked":["Compile Driver","Force Field","Beam Cell+1"],"picked":"SKIP","floor":18}],"player_experience":1139262,"relics_obtained":[{"floor":7,"key":"Pear"},{"floor":8,"key":"Juzu Bracelet"},{"floor":13,"key":"Pen Nib"}],"event_choices":[{"damage_healed":0,"gold_gain":0,"player_choice":"Lose Max HP","damage_taken":0,"relics_obtained":["Golden Idol"],"max_hp_gain":0,"max_hp_loss":7,"event_name":"Golden Idol","floor":3,"gold_loss":0},{"damage_healed":0,"gold_gain":0,"player_choice":"Entered Light","damage_taken":21,"max_hp_gain":0,"max_hp_loss":0,"event_name":"Shining Light","floor":5,"gold_loss":0,"cards_upgraded":["Defend_B","Defend_B"]},{"damage_healed":0,"gold_gain":75,"player_choice":"Gather Gold","damage_taken":11,"max_hp_gain":0,"max_hp_loss":0,"event_name":"World of Goop","floor":10,"gold_loss":0},{"cards_removed":["Strike_B"],"damage_healed":0,"gold_gain":0,"player_choice":"Purged","damage_taken":0,"max_hp_gain":0,"max_hp_loss":0,"event_name":"Purifier","floor":12,"gold_loss":0},{"damage_healed":0,"gold_gain":0,"player_choice":"Obtained Relic","damage_taken":0,"relics_obtained":["Gambling Chip"],"max_hp_gain":0,"max_hp_loss":0,"event_name":"Addict","floor":19,"gold_loss":85},{"damage_healed":0,"gold_gain":0,"player_choice":"Forge","damage_taken":0,"max_hp_gain":0,"max_hp_loss":0,"event_name":"Accursed Blacksmith","floor":20,"gold_loss":0,"cards_upgraded":["Creative AI"]},{"cards_removed":["Steam Power"],"damage_healed":0,"gold_gain":0,"player_choice":"Elegance","damage_taken":0,"max_hp_gain":0,"max_hp_loss":0,"event_name":"Back to Basics","floor":21,"gold_loss":0}],"is_beta":false,"boss_relics":[{"not_picked":["Runic Pyramid","Snecko Eye"],"picked":"Pandora\u0027s Box"}],"items_purged_floors":[],"is_endless":false,"potions_floor_spawned":[1,8,14,18],"killed_by":"Book of Stabbing","ascension_level":16}