{"gold_per_floor":[11,11,11,22,35,35,65,240,263,263,263,263],"floor_reached":12,"playtime":206,"items_purged":[],"score":129,"play_id":"7d53cb2c-a54e-44f1-8163-0782e009647f","local_time":"20190210234129","is_ascension_mode":true,"campfire_choices":[{"data":"Perfected Strike","floor":6,"key":"SMITH"},{"floor":11,"key":"REST"}],"neow_cost":"NO_GOLD","seed_source_timestamp":26107958148400,"circlet_count":0,"master_deck":["AscendersBane","Strike_R","Strike_R","Strike_R","Strike_R","Defend_R","Defend_R","Defend_R","Bash","Decay","Perfected Strike+1"],"relics":["Burning Blood","Potion Belt","Omamori"],"potions_floor_usage":[12,12],"damage_taken":[{"damage":9,"enemies":"Jaw Worm","floor":1,"turns":5},{"damage":11,"enemies":"2 Louse","floor":4,"turns":3},{"damage":5,"enemies":"Cultist","floor":5,"turns":4},{"damage":52,"enemies":"Gremlin Nob","floor":7,"turns":5},{"damage":39,"enemies":"Lagavulin","floor":12,"turns":3}],"seed_played":"-5488976632018245060","potions_obtained":[{"floor":4,"key":"FearPotion"},{"floor":5,"key":"Strength Potion"}],"is_trial":false,"path_per_floor":["M","?","?","M","M","R","E","?","T","?","R","E"],"character_chosen":"IRONCLAD","items_purchased":[],"campfire_rested":1,"item_purchase_floors":[],"current_hp_per_floor":[65,70,70,65,66,66,20,20,20,13,37,0],"gold":263,"neow_bonus":"REMOVE_TWO","is_prod":false,"is_daily":false,"chose_seed":false,"campfire_upgraded":1,"win_rate":0,"timestamp":1549834889,"path_taken":["M","?","?","M","?","R","E","?","T","?","R","E"],"build_version":"2019-01-23","purchased_purges":0,"victory":false,"max_hp_per_floor":[75,80,80,80,80,80,80,80,80,80,80,80],"card_choices":[{"not_picked":["Anger","Sentinel","Entrench"],"picked":"SKIP","floor":1},{"not_picked":["Armaments","Shrug It Off","Flex"],"picked":"SKIP","floor":4},{"not_picked":["Havoc","Power Through"],"picked":"Perfected Strike","floor":5},{"not_picked":["Thunderclap","Heavy Blade","Shrug It Off"],"picked":"SKIP","floor":7}],"player_experience":710701,"relics_obtained":[{"floor":7,"key":"Potion Belt"},{"floor":9,"key":"Omamori"}],"event_choices":[{"damage_healed":0,"gold_gain":0,"player_choice":"Donut","damage_taken":0,"max_hp_gain":5,"max_hp_loss":0,"event_name":"Big Fish","floor":2,"gold_loss":0},{"damage_healed":0,"gold_gain":0,"player_choice":"Cursed","damage_taken":0,"max_hp_gain":0,"max_hp_loss":0,"event_name":"Wheel of Change","floor":3,"gold_loss":0,"cards_obtained":["Decay"]},{"damage_healed":0,"gold_gain":175,"player_choice":"AGREE","damage_taken":0,"max_hp_gain":0,"max_hp_loss":0,"event_name":"Liars Game","floor":8,"gold_loss":0,"cards_obtained":["Doubt"]},{"cards_removed":["Doubt"],"damage_healed":0,"gold_gain":0,"player_choice":"Card Removal","damage_taken":7,"max_hp_gain":0,"max_hp_loss":0,"event_name":"Golden Wing","floor":10,"gold_loss":0}],"is_beta":false,"boss_relics":[],"items_purged_floors":[],"is_endless":false,"potions_floor_spawned":[4,5],"killed_by":"Lagavulin","ascension_level":14}