{"gold_per_floor":[118,118,118,118,138,172,172,185,185,213,226,261,48,67,67,67],"floor_reached":16,"playtime":699,"items_purged":[],"score":290,"play_id":"fa140cc7-99ea-4c96-a683-482b5bfb503d","local_time":"20190106211436","is_ascension_mode":true,"campfire_choices":[{"data":"Skewer","floor":7,"key":"SMITH"},{"floor":15,"key":"REST"}],"neow_cost":"NONE","seed_source_timestamp":1767684233937749,"circlet_count":0,"master_deck":["AscendersBane","Defend_G+1","Defend_G","Defend_G","Defend_G","Defend_G","Strike_G+1","Strike_G","Strike_G","Strike_G","Survivor","Neutralize","Flying Knee","Skewer+1","Wraith Form v2","Poisoned Stab","Poisoned Stab"],"relics":["Ring of the Snake","NeowsBlessing","Pear","Dream Catcher","Meat on the Bone","Blue Candle","PreservedInsect"],"potions_floor_usage":[10,12,14],"damage_taken":[{"damage":0,"enemies":"Small Slimes","floor":1,"turns":1},{"damage":0,"enemies":"2 Louse","floor":5,"turns":1},{"damage":0,"enemies":"Lagavulin","floor":6,"turns":1},{"damage":0,"enemies":"Cultist","floor":8,"turns":3},{"damage":12,"enemies":"3 Sentries","floor":10,"turns":8},{"damage":1,"enemies":"Exordium Wildlife","floor":11,"turns":4},{"damage":23,"enemies":"Lagavulin","floor":12,"turns":7},{"damage":33,"enemies":"Exordium Thugs","floor":14,"turns":9},{"damage":45,"enemies":"Slime Boss","floor":16,"turns":6}],"seed_played":"8748925249111614814","potions_obtained":[{"floor":6,"key":"Explosive Potion"},{"floor":10,"key":"Ancient Potion"},{"floor":11,"key":"GhostInAJar"}],"is_trial":false,"path_per_floor":["M","?","?","?","M","E","R","M","T","E","M","E","$","M","R","B"],"character_chosen":"THE_SILENT","items_purchased":["PreservedInsect","Energy Potion"],"campfire_rested":1,"item_purchase_floors":[13,13],"current_hp_per_floor":[59,39,39,39,39,49,49,49,49,37,48,37,37,16,38,0],"gold":67,"neow_bonus":"THREE_ENEMY_KILL","is_prod":false,"is_daily":false,"chose_seed":false,"campfire_upgraded":1,"win_rate":0,"timestamp":1546838076,"path_taken":["M","?","?","?","M","E","R","M","T","E","?","E","$","M","R","BOSS"],"build_version":"2019-01-03v4","purchased_purges":0,"victory":false,"max_hp_per_floor":[66,66,66,66,66,76,76,76,76,76,76,76,76,76,76,76],"card_choices":[{"not_picked":["Blade Dance","Finisher","Flechettes"],"picked":"SKIP","floor":1},{"not_picked":["Sucker Punch","Dodge and Roll"],"picked":"Skewer","floor":5},{"not_picked":["Deadly Poison","Dodge and Roll","Blur"],"picked":"SKIP","floor":6},{"not_picked":["Dodge and Roll","Cloak And Dagger","Flechettes"],"picked":"SKIP","floor":8},{"not_picked":["Prepared","Deadly Poison"],"picked":"Wraith Form v2","floor":10},{"not_picked":["Blade Dance","Blur","Distraction"],"picked":"SKIP","floor":11},{"not_picked":["Underhanded Strike","Deflect","Heel Hook"],"picked":"SKIP","floor":12},{"not_picked":["Outmaneuver","Caltrops"],"picked":"Poisoned Stab","floor":14},{"not_picked":["Heel Hook","Flying Knee"],"picked":"Poisoned Stab","floor":15}],"player_experience":362471,"relics_obtained":[{"floor":6,"key":"Pear"},{"floor":9,"key":"Dream Catcher"},{"floor":10,"key":"Meat on the Bone"},{"floor":12,"key":"Blue Candle"}],"event_choices":[{"damage_healed":0,"gold_gain":0,"player_choice":"Entered Light","damage_taken":20,"max_hp_gain":0,"max_hp_loss":0,"event_name":"Shining Light","floor":2,"gold_loss":0,"cards_upgraded":["Defend_G","Strike_G"]},{"damage_healed":0,"gold_gain":0,"player_choice":"Fled","damage_taken":0,"max_hp_gain":0,"max_hp_loss":0,"event_name":"Scrap Ooze","floor":3,"gold_loss":0},{"damage_healed":0,"gold_gain":0,"cards_transformed":["Strike_G"],"player_choice":"Transformed","damage_taken":0,"max_hp_gain":0,"max_hp_loss":0,"event_name":"Transmorgrifier","floor":4,"gold_loss":0,"cards_obtained":["Flying Knee"]}],"is_beta":false,"boss_relics":[],"items_purged_floors":[],"is_endless":false,"potions_floor_spawned":[6,10,11],"killed_by":"Slime Boss","ascension_level":20}