{"gold_per_floor":[112,128,128,139,139,139,150,165,188,206,206,217,230,260,260,363,363,380,380,399,429,429,429,191,222,277,311,331,331,331,331,331,432,432,443,453,453,329,340,340,64,81,81,91,119,219,219,230,230,230],"floor_reached":51,"playtime":1442,"items_purged":["Strike_B"],"score":744,"play_id":"2a2c5a85-4d23-4ff4-b9d6-8d5abf2e68d8","local_time":"20181223021304","is_ascension_mode":false,"campfire_choices":[{"data":"Dualcast","floor":6.0,"key":"SMITH"},{"data":"Defragment","floor":11.0,"key":"SMITH"},{"data":"Ball Lightning","floor":15.0,"key":"SMITH"},{"data":"Thunder Strike","floor":23.0,"key":"SMITH"},{"data":"Chaos","floor":30,"key":"SMITH"},{"data":"Electrodynamics","floor":32,"key":"SMITH"},{"data":"Conserve Battery","floor":40,"key":"SMITH"},{"floor":47,"key":"REST"},{"data":"Defragment","floor":49,"key":"SMITH"}],"neow_cost":"NONE","seed_source_timestamp":2083954547207734,"circlet_count":0,"master_deck":["Strike_B+1","Defend_B+1","Defend_B","Zap+1","Dualcast+1","Conserve Battery+1","Defragment+1","Chill","Ball Lightning+1","Ball Lightning+1","Electrodynamics+1","Chaos+1","Rebound+1","Thunder Strike+1","Hologram+1","Defragment+1","Lockon+1","Beam Cell+1","Conserve Battery+1","Coolheaded+1","Conserve Battery+1","Defragment+1","Conserve Battery+1","Undo+1"],"special_seed":0,"relics":["Cracked Core","Strawberry","Happy Flower","War Paint","Sozu","Red Mask","Toxic Egg 2","Lantern","Vajra","Whetstone","MutagenicStrength","Astrolabe","Bag of Preparation","Emotion Chip","Art of War","Girya"],"potions_floor_usage":[50],"damage_taken":[{"damage":1.0,"enemies":"Jaw Worm","floor":1.0,"turns":3.0},{"damage":0.0,"enemies":"Cultist","floor":2.0,"turns":4.0},{"damage":0.0,"enemies":"2 Louse","floor":4.0,"turns":2.0},{"damage":7.0,"enemies":"Blue Slaver","floor":7.0,"turns":3.0},{"damage":14.0,"enemies":"Large Slime","floor":8.0,"turns":7.0},{"damage":8.0,"enemies":"Exordium Thugs","floor":10.0,"turns":4.0},{"damage":0.0,"enemies":"Gremlin Gang","floor":12.0,"turns":5.0},{"damage":1.0,"enemies":"Red Slaver","floor":13.0,"turns":3.0},{"damage":2.0,"enemies":"3 Sentries","floor":14.0,"turns":5.0},{"damage":48.0,"enemies":"The Guardian","floor":16.0,"turns":9.0},{"damage":0.0,"enemies":"Chosen","floor":18.0,"turns":3.0},{"damage":0.0,"enemies":"3 Byrds","floor":20.0,"turns":4.0},{"damage":2.0,"enemies":"Masked Bandits","floor":21.0,"turns":4.0},{"damage":33.0,"enemies":"Book of Stabbing","floor":25.0,"turns":5.0},{"damage":3.0,"enemies":"Slavers","floor":27.0,"turns":4.0},{"damage":0.0,"enemies":"Centurion and Healer","floor":28.0,"turns":4.0},{"damage":14,"enemies":"Automaton","floor":33,"turns":5},{"damage":6,"enemies":"3 Shapes","floor":35,"turns":3},{"damage":3,"enemies":"Orb Walker","floor":36,"turns":3},{"damage":0,"enemies":"Writhing Mass","floor":39,"turns":3},{"damage":0,"enemies":"4 Shapes","floor":42,"turns":4},{"damage":0,"enemies":"Jaw Worm Horde","floor":44,"turns":2},{"damage":46,"enemies":"Nemesis","floor":45,"turns":5},{"damage":0,"enemies":"Mind Bloom Boss Battle","floor":46,"turns":5},{"damage":0,"enemies":"3 Darklings","floor":48,"turns":3},{"damage":46,"enemies":"Time Eater","floor":50,"turns":11}],"seed_played":"-6732257471136555964","potions_obtained":[{"floor":2.0,"key":"FairyPotion"},{"floor":4.0,"key":"LiquidBronze"},{"floor":7.0,"key":"SmokeBomb"},{"floor":12.0,"key":"FearPotion"},{"floor":14.0,"key":"Strength Potion"}],"is_trial":false,"path_per_floor":["M","M","$","M","?","R","M","M","T","M","R","M","M","E","R","B",null,"M","?","M","?","$","R","$","E","T","E","M","?","R","?","R","B",null,"M","M","?","$","M","R","$","M","T","M","E","?","R","M","R","B",null],"character_chosen":"DEFECT","items_purchased":["Toxic Egg 2","Conserve Battery+1","Defragment","Conserve Battery+1","Bag of Preparation"],"campfire_rested":1,"item_purchase_floors":[24,38,41,41,41],"current_hp_per_floor":[81,81,81,81,88,88,81,67,67,59,59,59,58,56,56,8,89,89,89,89,87,87,87,87,54,54,51,51,51,51,51,51,37,89,83,80,80,80,80,80,80,80,80,80,34,34,60,60,60,14],"gold":230,"neow_bonus":"TEN_PERCENT_HP_BONUS","is_prod":false,"is_daily":false,"chose_seed":false,"campfire_upgraded":8,"win_rate":0,"timestamp":1545531184,"path_taken":["M","M","$","M","?","R","?","M","T","M","R","M","M","E","R","BOSS","M","?","M","?","$","R","$","E","T","E","M","?","R","?","R","BOSS","M","M","?","$","?","R","?","M","T","M","E","?","R","M","R","BOSS"],"build_version":"2018-12-20","purchased_purges":1,"victory":true,"max_hp_per_floor":[82,82,82,82,89,89,89,89,89,89,89,89,89,89,89,89,89,89,89,89,89,89,89,89,89,89,89,89,89,89,89,89,89,89,89,89,89,89,89,89,89,89,89,89,89,89,89,89,89,89],"card_choices":[{"not_picked":["Sweeping Beam","Beam Cell","White Noise"],"picked":"SKIP","floor":1.0},{"not_picked":["Genetic Algorithm","Rebound"],"picked":"Conserve Battery","floor":2.0},{"not_picked":["Compile Driver","Cold Snap"],"picked":"Defragment","floor":4.0},{"not_picked":["Conserve Battery","Skim"],"picked":"Chill","floor":7.0},{"not_picked":["Sweeping Beam","Gash"],"picked":"Ball Lightning","floor":8.0},{"not_picked":["Aggregate","Steam Power","Lockon"],"picked":"SKIP","floor":10.0},{"not_picked":["Turbo","Storm"],"picked":"Ball Lightning","floor":12.0},{"not_picked":["Rip and Tear","Fusion","Ball Lightning"],"picked":"SKIP","floor":13.0},{"not_picked":["Reprogram","Recycle","Go for the Eyes"],"picked":"SKIP","floor":14.0},{"not_picked":["Echo Form","Creative AI"],"picked":"Electrodynamics","floor":16.0},{"not_picked":["Rip and Tear","Leap","Chaos"],"picked":"SKIP","floor":18.0},{"not_picked":["Darkness","Ball Lightning"],"picked":"Rebound+1","floor":20.0},{"not_picked":["Beam Cell","Gash+1"],"picked":"Thunder Strike","floor":21.0},{"not_picked":["Consume+1","Reinforced Body+1"],"picked":"Hologram+1","floor":25.0},{"not_picked":["Cold Snap","Rebound"],"picked":"Defragment+1","floor":27.0},{"not_picked":["Cold Snap+1","Skim+1","Steam Power+1"],"picked":"SKIP","floor":28.0},{"not_picked":["Stack+1","Leap+1"],"picked":"Coolheaded+1","floor":35},{"not_picked":["Ball Lightning","Rebound+1","Loop+1"],"picked":"SKIP","floor":36},{"not_picked":["Sunder","Skim+1","Recycle+1"],"picked":"SKIP","floor":39},{"not_picked":["Coolheaded+1","Cold Snap","Melter+1"],"picked":"SKIP","floor":42},{"not_picked":["Multi-Cast+1","Chaos+1"],"picked":"Undo+1","floor":44},{"not_picked":["Blizzard","Heatsinks","Sweeping Beam"],"picked":"SKIP","floor":45},{"not_picked":["Beam Cell","Streamline+1","Loop"],"picked":"SKIP","floor":48}],"player_experience":904526,"relics_obtained":[{"floor":5.0,"key":"Strawberry"},{"floor":9.0,"key":"Happy Flower"},{"floor":14.0,"key":"War Paint"},{"floor":21.0,"key":"Red Mask"},{"floor":25.0,"key":"Lantern"},{"floor":26.0,"key":"Vajra"},{"floor":27.0,"key":"Whetstone"},{"floor":43,"key":"Emotion Chip"},{"floor":45,"key":"Art of War"},{"floor":46,"key":"Girya"}],"event_choices":[{"damage_healed":0.0,"max_hp_gain":0.0,"max_hp_loss":0.0,"gold_gain":0.0,"event_name":"Wheel of Change","player_choice":"Relic","floor":5.0,"gold_loss":0.0,"damage_taken":0.0},{"damage_healed":0.0,"max_hp_gain":0.0,"max_hp_loss":0.0,"gold_gain":0.0,"event_name":"The Library","player_choice":"Read","floor":19.0,"gold_loss":0.0,"damage_taken":0.0,"cards_obtained":["Chaos"]},{"damage_healed":0.0,"max_hp_gain":0.0,"max_hp_loss":0.0,"gold_gain":0.0,"event_name":"Masked Bandits","player_choice":"Fought Bandits","floor":21.0,"gold_loss":0.0,"damage_taken":0.0},{"damage_healed":0,"gold_gain":0,"player_choice":"Inject Mutagens","damage_taken":0,"relics_obtained":["MutagenicStrength"],"max_hp_gain":0,"max_hp_loss":0,"event_name":"Drug Dealer","floor":29,"gold_loss":0},{"cards_removed":["Strike_B"],"damage_healed":0,"gold_gain":0,"player_choice":"Purged","damage_taken":0,"max_hp_gain":0,"max_hp_loss":0,"event_name":"Purifier","floor":31,"gold_loss":0},{"damage_healed":0,"gold_gain":0,"player_choice":"Ignored","damage_taken":0,"max_hp_gain":0,"max_hp_loss":0,"event_name":"NoteForYourself","floor":37,"gold_loss":0},{"damage_healed":0,"gold_gain":0,"player_choice":"Fight","damage_taken":0,"max_hp_gain":0,"max_hp_loss":0,"event_name":"MindBloom","floor":46,"gold_loss":0}],"is_beta":false,"boss_relics":[{"not_picked":["Philosopher\u0027s Stone","Fusion Hammer"],"picked":"Sozu"},{"not_picked":["White Beast Statue","Empty Cage"],"picked":"Astrolabe"}],"items_purged_floors":[38],"is_endless":false,"potions_floor_spawned":[2,4,7,12,14,25,27,35,44,46,48],"ascension_level":0}