{"gold_per_floor":[110,110,11,30,8,8,36,57,108,121,154,229,229,255,255,333,333,346,346,621,632,127,127,155,155,155,184,184,204,204,236,236,312,312,324,343,11,11,26,26,37,37,67,97,97,110,35,67,67,67],"floor_reached":51,"playtime":18616,"items_purged":["Shame"],"score":1516,"play_id":"268388ac-d6a5-4b06-9e1f-ee797f379683","local_time":"20180820225258","is_ascension_mode":true,"campfire_choices":[{"data":"True Grit","floor":6,"key":"SMITH"},{"data":"Armaments","floor":13,"key":"SMITH"},{"data":"Inflame","floor":15,"key":"SMITH"},{"data":"Double Tap","floor":23,"key":"SMITH"},{"data":"Flex","floor":25,"key":"SMITH"},{"data":"Pommel Strike","floor":28,"key":"SMITH"},{"data":"Infernal Blade","floor":30,"key":"SMITH"},{"data":"Offering","floor":32,"key":"SMITH"},{"data":"True Grit","floor":40,"key":"SMITH"},{"data":"Bash","floor":42,"key":"SMITH"},{"data":"Defend_R","floor":45,"key":"SMITH"},{"data":"Defend_R","floor":49,"key":"SMITH"}],"neow_cost":"NONE","seed_source_timestamp":782987482332167,"circlet_count":0,"master_deck":["Strike_R","Strike_R","Strike_R","Strike_R","Strike_R","Defend_R","Defend_R+1","Defend_R+1","Bash+1","AscendersBane","Clash","True Grit+1","Armaments+1","Inflame+1","Pommel Strike+1","Offering+1","Perfected Strike+1","Clothesline+1","Infernal Blade+1","Whirlwind+1","Double Tap+1","Flex+1","Sword Boomerang+1","Twin Strike+1","Headbutt+1","Ghostly Armor+1","Immolate+1","Heavy Blade+1","True Grit+1","Whirlwind+1","True Grit+1","Thunderclap+1"],"relics":["Burning Blood","NeowsBlessing","Molten Egg 2","Odd Mushroom","Vajra","Potion Belt","Omamori","Cursed Key","Darkstone Periapt","Bag of Marbles","Incense Burner","Shuriken","Centennial Puzzle","Letter Opener","Runic Pyramid","Kunai","Tiny Chest","Singing Bowl","Juzu Bracelet"],"potions_floor_usage":[10,16,27,27,31,36,50,50],"damage_taken":[{"damage":0,"enemies":"Jaw Worm","floor":1,"turns":1},{"damage":0,"enemies":"Cultist","floor":4,"turns":1},{"damage":0,"enemies":"Gremlin Nob","floor":7,"turns":1},{"damage":13,"floor":8,"turns":4},{"damage":3,"enemies":"Small Slimes","floor":10,"turns":4},{"damage":16,"enemies":"3 Sentries","floor":11,"turns":6},{"damage":11,"enemies":"Gremlin Nob","floor":14,"turns":3},{"damage":6,"enemies":"Slime Boss","floor":16,"turns":6},{"damage":12,"enemies":"3 Byrds","floor":18,"turns":4},{"damage":0,"enemies":"Spheric Guardian","floor":21,"turns":2},{"damage":7,"enemies":"Slavers","floor":24,"turns":2},{"damage":1,"enemies":"Gremlin Leader","floor":27,"turns":3},{"damage":0,"enemies":"Snake Plant","floor":29,"turns":2},{"damage":6,"enemies":"Book of Stabbing","floor":31,"turns":2},{"damage":1,"enemies":"Collector","floor":33,"turns":5},{"damage":0,"enemies":"Orb Walker","floor":35,"turns":1},{"damage":0,"enemies":"Flame Bruiser 1 Orb","floor":36,"turns":2},{"damage":1,"enemies":"3 Darklings","floor":39,"turns":2},{"damage":0,"enemies":"Transient","floor":41,"turns":5},{"damage":6,"enemies":"Giant Head","floor":44,"turns":4},{"damage":0,"enemies":"Sphere and 2 Shapes","floor":46,"turns":1},{"damage":2,"enemies":"2 Orb Walkers","floor":48,"turns":2},{"damage":77,"enemies":"Time Eater","floor":50,"turns":8}],"seed_played":"2376201617966835672","potions_obtained":[{"floor":7,"key":"FearPotion"},{"floor":8,"key":"SkillPotion"},{"floor":16,"key":"FearPotion"},{"floor":18,"key":"SkillPotion"},{"floor":24,"key":"LiquidBronze"},{"floor":35,"key":"SkillPotion"},{"floor":39,"key":"Swift Potion"},{"floor":46,"key":"BloodPotion"},{"floor":48,"key":"Fire Potion"}],"is_trial":false,"path_per_floor":["M","?","$","M","$","R","E","?","T","M","E","?","R","E","R","B",null,"M","T","?","M","$","R","E","R","T","E","R","M","R","E","R","B",null,"M","M","$","?","M","R","M","R","T","E","R","M","$","E","R","B"],"character_chosen":"IRONCLAD","items_purchased":["True Grit","Armaments","Pommel Strike","Bag of Marbles","Incense Burner","Twin Strike+1","Kunai","Whirlwind+1"],"campfire_rested":0,"item_purchase_floors":[3,3,5,22,22,22,37,37],"current_hp_per_floor":[74,74,74,75,75,75,75,68,68,71,61,50,50,45,45,45,68,62,62,62,68,68,68,67,67,67,75,75,75,75,75,75,75,75,75,75,75,75,75,75,75,75,81,83,83,85,85,85,85,22],"gold":67,"neow_bonus":"THREE_ENEMY_KILL","is_prod":false,"is_daily":false,"chose_seed":false,"campfire_upgraded":12,"win_rate":0,"timestamp":1534819978,"path_taken":["M","?","$","?","?","R","E","?","T","?","E","?","R","E","R","BOSS","M","?","?","M","$","R","E","R","T","E","R","M","R","E","R","BOSS","M","?","$","?","M","R","M","R","T","E","R","?","$","E","R","BOSS"],"build_version":"2018-08-16","purchased_purges":1,"victory":true,"max_hp_per_floor":[75,75,75,75,75,75,75,75,75,75,75,75,75,75,75,75,75,75,75,75,75,75,75,75,75,75,75,75,75,75,75,75,75,75,75,75,75,75,75,75,75,75,81,83,83,85,85,85,85,85],"card_choices":[{"not_picked":["Havoc","Intimidate"],"picked":"Clash","floor":1},{"not_picked":["True Grit","Flame Barrier"],"picked":"Inflame","floor":4},{"not_picked":["Shrug It Off","Twin Strike"],"picked":"Offering","floor":7},{"not_picked":["Shrug It Off","Rupture"],"picked":"Perfected Strike+1","floor":8},{"not_picked":["Havoc","Shrug It Off"],"picked":"Clothesline+1","floor":10},{"not_picked":["Clothesline+1","True Grit"],"picked":"Infernal Blade","floor":11},{"not_picked":["Fiend Fire+1","Double Tap"],"picked":"Whirlwind+1","floor":14},{"not_picked":["Berserk","Feed+1"],"picked":"Double Tap","floor":16},{"not_picked":["Intimidate","Second Wind"],"picked":"Flex","floor":18},{"not_picked":["Reckless Charge+1","True Grit"],"picked":"Sword Boomerang+1","floor":21},{"not_picked":["Blood for Blood+1","Havoc"],"picked":"Headbutt+1","floor":24},{"not_picked":["Entrench","Body Slam+1","Flex"],"picked":"SKIP","floor":27},{"not_picked":["Entrench","Body Slam+1","Flex"],"picked":"SKIP","floor":27},{"not_picked":["Clothesline+1","Sever Soul+1","Flex"],"picked":"SKIP","floor":29},{"not_picked":["Barricade","Havoc"],"picked":"Ghostly Armor+1","floor":31},{"not_picked":["Double Tap","Barricade"],"picked":"Immolate+1","floor":33},{"not_picked":["Reckless Charge+1","Sword Boomerang+1"],"picked":"Heavy Blade+1","floor":35},{"not_picked":["Burning Pact","Wild Strike+1"],"picked":"True Grit+1","floor":36},{"not_picked":["Headbutt+1","Exhume"],"picked":"True Grit","floor":39},{"not_picked":["Headbutt+1","Anger+1","Evolve"],"picked":"SKIP","floor":41},{"not_picked":["Iron Wave+1","Body Slam+1","Havoc+1"],"picked":"Singing Bowl","floor":44},{"not_picked":["Warcry","Battle Trance+1","Pommel Strike+1"],"picked":"Singing Bowl","floor":46},{"not_picked":["Dark Embrace","Twin Strike+1"],"picked":"Thunderclap+1","floor":48}],"player_experience":2351504,"relics_obtained":[{"floor":7,"key":"Molten Egg 2"},{"floor":8,"key":"Odd Mushroom"},{"floor":9,"key":"Vajra"},{"floor":11,"key":"Potion Belt"},{"floor":14,"key":"Omamori"},{"floor":19,"key":"Darkstone Periapt"},{"floor":24,"key":"Shuriken"},{"floor":27,"key":"Centennial Puzzle"},{"floor":31,"key":"Letter Opener"},{"floor":43,"key":"Tiny Chest"},{"floor":44,"key":"Singing Bowl"},{"floor":48,"key":"Juzu Bracelet"}],"event_choices":[{"event_name":"Transmorgrifier","player_choice":"Transform","floor":2,"damage_taken":0},{"event_name":"Mushrooms","player_choice":"Fought Mushrooms","floor":8,"damage_taken":0},{"event_name":"World of Goop","player_choice":"Gather Gold","floor":12,"damage_taken":0},{"event_name":"Golden Shrine","player_choice":"Desecrate","floor":20,"damage_taken":0},{"event_name":"Purifier","player_choice":"One Purge","floor":38,"damage_taken":0}],"is_beta":false,"boss_relics":[{"not_picked":["Black Blood","Mark of Pain"],"picked":"Cursed Key"},{"not_picked":["Orrery","Astrolabe"],"picked":"Runic Pyramid"}],"items_purged_floors":[47],"is_endless":false,"potions_floor_spawned":[7,8,16,18,24,35,39,46,48],"ascension_level":15}