{"gold_per_floor":[113,113,127,302,252,252,285,305,305,323,335,355,385,404,404,508,508,524,624,624,641,180,180,215,215,215,243,243,253,57,76,76,176,176,188,188,200,53,73,104,104,136,163,163,179,190,190,225,225,225],"floor_reached":51,"playtime":6514,"items_purged":["Strike_R"],"score":1049,"play_id":"c21a01c4-a06e-4d9c-913d-fe7640d04259","local_time":"20190123073737","is_ascension_mode":true,"campfire_choices":[{"data":"Havoc","floor":6,"key":"SMITH"},{"data":"Armaments","floor":15,"key":"SMITH"},{"floor":23,"key":"DIG"},{"data":"Limit Break","floor":28,"key":"SMITH"},{"data":"Thunderclap","floor":32,"key":"SMITH"},{"floor":41,"key":"DIG"},{"floor":44,"key":"DIG"},{"floor":47,"key":"DIG"},{"floor":49,"key":"DIG"}],"neow_cost":"NONE","seed_source_timestamp":24787613516900,"circlet_count":0,"master_deck":["Strike_R+1","Strike_R+1","Strike_R+1","Defend_R+1","Defend_R+1","Defend_R+1","Defend_R+1","Bash","Havoc+1","Offering","Sword Boomerang","Headbutt+1","Iron Wave","Impervious","Thunderclap+1","Armaments+1","Pommel Strike","Ghostly Armor","Limit Break+1","Cleave","Battle Trance+1","Flash of Steel+1","Feel No Pain","Spot Weakness+1","Barricade","Headbutt","Limit Break","Ghostly Armor+1","Warcry+1","Feel No Pain+1","Shrug It Off+1","Pommel Strike+1"],"relics":["Burning Blood","NeowsBlessing","Incense Burner","Champion Belt","Bottled Flame","Coffee Dripper","Shovel","Dodecahedron","Gambling Chip","Self Forming Clay","Ornamental Fan","Meat on the Bone","Thread and Needle","Whetstone","Busted Crown","Paper Frog","Shuriken","Red Skull","Regal Pillow","Toxic Egg 2","Strawberry","Charon\u0027s Ashes","Bag of Preparation"],"potions_floor_usage":[13,13,18,27,33,48,50,50],"damage_taken":[{"damage":0,"enemies":"2 Louse","floor":1,"turns":1},{"damage":0,"enemies":"Small Slimes","floor":3,"turns":1},{"damage":0,"enemies":"Gremlin Nob","floor":7,"turns":1},{"damage":6,"enemies":"Cultist","floor":8,"turns":2},{"damage":9,"enemies":"Exordium Wildlife","floor":10,"turns":4},{"damage":6,"enemies":"3 Louse","floor":11,"turns":3},{"damage":6,"enemies":"Red Slaver","floor":12,"turns":2},{"damage":11,"enemies":"Lagavulin","floor":13,"turns":5},{"damage":2,"enemies":"Blue Slaver","floor":14,"turns":2},{"damage":39,"enemies":"Slime Boss","floor":16,"turns":18},{"damage":6,"enemies":"3 Byrds","floor":18,"turns":4},{"damage":4,"enemies":"Colosseum Slavers","floor":19,"turns":3},{"damage":24,"enemies":"Colosseum Nobs","floor":19,"turns":5},{"damage":2,"enemies":"Shell Parasite","floor":21,"turns":5},{"damage":43,"enemies":"Book of Stabbing","floor":24,"turns":7},{"damage":6,"enemies":"Slavers","floor":27,"turns":5},{"damage":6,"enemies":"Sentry and Sphere","floor":29,"turns":4},{"damage":6,"enemies":"Shelled Parasite and Fungi","floor":31,"turns":5},{"damage":6,"enemies":"Champ","floor":33,"turns":5},{"damage":6,"enemies":"3 Darklings","floor":35,"turns":3},{"damage":6,"enemies":"3 Shapes","floor":37,"turns":5},{"damage":8,"enemies":"Writhing Mass","floor":39,"turns":3},{"damage":6,"enemies":"Nemesis","floor":40,"turns":7},{"damage":6,"enemies":"Reptomancer","floor":42,"turns":4},{"damage":0,"enemies":"4 Shapes","floor":45,"turns":8},{"damage":19,"enemies":"3 Darklings","floor":46,"turns":5},{"damage":15,"enemies":"Nemesis","floor":48,"turns":5},{"damage":22,"enemies":"Awakened One","floor":50,"turns":7}],"seed_played":"3454416321581269794","potions_obtained":[{"floor":8,"key":"Ancient Potion"},{"floor":10,"key":"LiquidBronze"},{"floor":11,"key":"Poison Potion"},{"floor":12,"key":"FearPotion"},{"floor":18,"key":"Swift Potion"},{"floor":19,"key":"Energy Potion"},{"floor":24,"key":"Explosive Potion"},{"floor":35,"key":"SteroidPotion"},{"floor":42,"key":"Dexterity Potion"}],"is_trial":false,"path_per_floor":["M","?","M","?","?","R","E","M","T","M","M","M","E","M","R","B",null,"M","?","?","M","$","R","E","?","T","E","R","M","$","M","R","B",null,"M","?","M","$","M","E","R","E","T","R","M","M","R","E","R","B",null],"character_chosen":"IRONCLAD","items_purchased":["Gambling Chip","Flash of Steel","Whetstone","Dexterity Potion","Limit Break"],"campfire_rested":0,"item_purchase_floors":[22,22,30,30,38],"current_hp_per_floor":[80,80,80,80,80,80,80,80,80,77,77,77,72,76,76,43,80,80,62,54,58,58,58,21,21,21,33,33,45,45,57,57,57,80,80,72,72,72,70,70,70,70,70,70,76,63,70,61,61,57],"gold":225,"neow_bonus":"THREE_ENEMY_KILL","is_prod":false,"is_daily":false,"chose_seed":false,"campfire_upgraded":4,"win_rate":0,"timestamp":1548225457,"path_taken":["M","?","M","?","?","R","E","M","T","M","M","M","E","M","R","BOSS","M","?","?","?","$","R","E","?","T","E","R","M","$","M","R","BOSS","M","?","?","$","M","E","R","E","T","R","M","M","R","E","R","BOSS"],"build_version":"2019-01-17v2","purchased_purges":1,"victory":true,"max_hp_per_floor":[80,80,80,80,80,80,80,80,80,80,80,80,80,80,80,80,80,80,80,80,80,80,80,80,80,80,80,80,80,80,80,80,80,80,80,80,80,80,80,80,80,80,80,80,80,80,87,87,87,87],"card_choices":[{"not_picked":["Armaments","Body Slam"],"picked":"Havoc","floor":1},{"not_picked":["Second Wind","Combust"],"picked":"Sword Boomerang","floor":3},{"not_picked":["Blood for Blood","Armaments"],"picked":"Headbutt","floor":7},{"not_picked":["Warcry","Combust"],"picked":"Iron Wave","floor":8},{"not_picked":["Wild Strike","Twin Strike"],"picked":"Impervious","floor":10},{"not_picked":["Havoc","Perfected Strike"],"picked":"Thunderclap","floor":11},{"not_picked":["Power Through","Bloodletting"],"picked":"Armaments","floor":12},{"not_picked":["Fiend Fire","Power Through"],"picked":"Pommel Strike","floor":13},{"not_picked":["Intimidate","Iron Wave"],"picked":"Ghostly Armor","floor":14},{"not_picked":["Immolate","Feed"],"picked":"Limit Break","floor":16},{"not_picked":["Warcry","Body Slam+1"],"picked":"Cleave","floor":18},{"not_picked":["Cleave","Hemokinesis"],"picked":"Battle Trance+1","floor":19},{"not_picked":["Pommel Strike","Havoc","Warcry"],"picked":"SKIP","floor":21},{"not_picked":["Warcry","Blood for Blood+1"],"picked":"Feel No Pain","floor":24},{"not_picked":["Twin Strike","Iron Wave"],"picked":"Spot Weakness+1","floor":27},{"not_picked":["Heavy Blade","Clothesline","Sword Boomerang"],"picked":"SKIP","floor":29},{"not_picked":["Fire Breathing","Clash","Seeing Red"],"picked":"SKIP","floor":31},{"not_picked":["Double Tap","Berserk"],"picked":"Barricade","floor":33},{"not_picked":[],"picked":"Headbutt","floor":35},{"not_picked":["Pommel Strike"],"picked":"SKIP","floor":37},{"not_picked":[],"picked":"Ghostly Armor+1","floor":39},{"not_picked":[],"picked":"Warcry+1","floor":40},{"not_picked":[],"picked":"Feel No Pain+1","floor":42},{"not_picked":[],"picked":"Shrug It Off+1","floor":45},{"not_picked":["Clash"],"picked":"SKIP","floor":46},{"not_picked":[],"picked":"Pommel Strike+1","floor":48}],"player_experience":19901,"relics_obtained":[{"floor":7,"key":"Incense Burner"},{"floor":9,"key":"Champion Belt"},{"floor":13,"key":"Bottled Flame"},{"floor":19,"key":"Shovel"},{"floor":19,"key":"Dodecahedron"},{"floor":23,"key":"Self Forming Clay"},{"floor":24,"key":"Ornamental Fan"},{"floor":26,"key":"Meat on the Bone"},{"floor":27,"key":"Thread and Needle"},{"floor":40,"key":"Paper Frog"},{"floor":41,"key":"Shuriken"},{"floor":42,"key":"Red Skull"},{"floor":43,"key":"Regal Pillow"},{"floor":44,"key":"Toxic Egg 2"},{"floor":47,"key":"Strawberry"},{"floor":48,"key":"Charon\u0027s Ashes"},{"floor":49,"key":"Bag of Preparation"}],"event_choices":[{"damage_healed":0,"gold_gain":0,"cards_transformed":["Strike_R"],"player_choice":"Change","damage_taken":0,"max_hp_gain":0,"max_hp_loss":0,"event_name":"Living Wall","floor":2,"gold_loss":0,"cards_obtained":["Offering"]},{"damage_healed":0,"gold_gain":175,"player_choice":"AGREE","damage_taken":0,"max_hp_gain":0,"max_hp_loss":0,"event_name":"Liars Game","floor":4,"gold_loss":0,"cards_obtained":["Doubt"]},{"cards_removed":["Doubt"],"damage_healed":0,"gold_gain":0,"player_choice":"Card Removal","damage_taken":0,"max_hp_gain":0,"max_hp_loss":0,"event_name":"The Cleric","floor":5,"gold_loss":50},{"damage_healed":0,"gold_gain":0,"player_choice":"Fight","damage_taken":0,"max_hp_gain":0,"max_hp_loss":0,"event_name":"Colosseum","floor":19,"gold_loss":0},{"damage_healed":0,"gold_gain":0,"player_choice":"Fought Nobs","damage_taken":0,"max_hp_gain":0,"max_hp_loss":0,"event_name":"Colosseum","floor":19,"gold_loss":0},{"damage_healed":0,"gold_gain":0,"player_choice":"","damage_taken":8,"max_hp_gain":0,"max_hp_loss":0,"event_name":"Knowing Skull","floor":20,"potions_obtained":[],"gold_loss":0,"cards_obtained":[]},{"damage_healed":0,"gold_gain":0,"player_choice":"Simplicity","damage_taken":0,"max_hp_gain":0,"max_hp_loss":0,"event_name":"Back to Basics","floor":25,"gold_loss":0,"cards_upgraded":["Strike_R","Strike_R","Strike_R","Defend_R","Defend_R","Defend_R","Defend_R"]},{"damage_healed":0,"gold_gain":0,"player_choice":"Damaged","damage_taken":8,"max_hp_gain":0,"max_hp_loss":0,"event_name":"Wheel of Change","floor":36,"gold_loss":0}],"is_beta":false,"boss_relics":[{"not_picked":["Astrolabe","Black Star"],"picked":"Coffee Dripper"},{"not_picked":["Tiny House","Orrery"],"picked":"Busted Crown"}],"items_purged_floors":[22],"is_endless":false,"potions_floor_spawned":[8,10,11,12,18,19,24,35,42,45,46],"ascension_level":3}