{"gold_per_floor":[113,130,144,159,159,159,191,191,191,191,202,236,61,75,75,171,171,154,168,179,189,189,189,189],"floor_reached":24,"playtime":1600,"items_purged":["Strike_B"],"score":242,"play_id":"ea4dc759-ea98-4840-9426-3b78eefadebf","local_time":"20181231165733","is_ascension_mode":true,"campfire_choices":[{"data":"Dualcast","floor":6.0,"key":"SMITH"},{"floor":8.0,"key":"REST"},{"floor":10.0,"key":"REST"},{"floor":15.0,"key":"REST"},{"floor":23,"key":"REST"}],"neow_cost":"NONE","seed_source_timestamp":0,"circlet_count":0,"master_deck":["Strike_B+1","Strike_B+1","Strike_B+1","Defend_B+1","Defend_B+1","Defend_B+1","Defend_B+1","Zap+1","Dualcast+1","Gash","Scrape","Defragment","Rebound","Echo Form","Glacier","Hologram","Gash","Coolheaded","Buffer","Hologram+1","Glacier+1","Leap","Glacier+1","Conserve Battery"],"special_seed":0,"relics":["Cracked Core","Prayer Wheel","Shovel","Inserter"],"potions_floor_usage":[21],"damage_taken":[{"damage":4.0,"enemies":"2 Louse","floor":1.0,"turns":3.0},{"damage":5.0,"enemies":"Jaw Worm","floor":2.0,"turns":3.0},{"damage":1.0,"enemies":"Cultist","floor":3.0,"turns":3.0},{"damage":20.0,"enemies":"Exordium Thugs","floor":4.0,"turns":5.0},{"damage":30.0,"enemies":"3 Sentries","floor":7.0,"turns":7.0},{"damage":13.0,"enemies":"3 Louse","floor":11.0,"turns":3.0},{"damage":30.0,"enemies":"Lagavulin","floor":12.0,"turns":4.0},{"damage":13.0,"enemies":"Exordium Wildlife","floor":14.0,"turns":5.0},{"damage":8.0,"enemies":"Hexaghost","floor":16.0,"turns":11.0},{"damage":21,"enemies":"2 Thieves","floor":18,"turns":4},{"damage":11,"enemies":"Spheric Guardian","floor":19,"turns":6},{"damage":15,"enemies":"Centurion and Healer","floor":20,"turns":10},{"damage":0,"enemies":"Snecko","floor":21,"turns":6},{"damage":53,"enemies":"Slavers","floor":24,"turns":4}],"seed_played":"4637074936418027842","potions_obtained":[{"floor":0.0,"key":"SkillPotion"},{"floor":0.0,"key":"SmokeBomb"},{"floor":0.0,"key":"Dexterity Potion"},{"floor":1.0,"key":"Strength Potion"},{"floor":7.0,"key":"AttackPotion"},{"floor":12.0,"key":"SteroidPotion"},{"floor":18,"key":"SteroidPotion"},{"floor":20,"key":"Block Potion"}],"is_trial":false,"path_per_floor":["M","M","M","M","?","R","E","R","T","R","M","E","$","M","R","B",null,"M","M","M","M","?","R","E"],"character_chosen":"DEFECT","items_purchased":["Hologram","Block Potion"],"campfire_rested":4,"item_purchase_floors":[13,13],"current_hp_per_floor":[71,66,65,45,45,45,15,37,37,59,46,16,16,3,25,17,75,54,43,28,28,28,50,0],"gold":189,"neow_bonus":"THREE_SMALL_POTIONS","is_prod":false,"is_daily":false,"chose_seed":false,"campfire_upgraded":1,"win_rate":0,"timestamp":1546304253,"path_taken":["M","M","M","M","?","R","E","R","T","R","M","E","$","M","R","BOSS","M","M","M","M","?","R","E"],"build_version":"2018-12-20","purchased_purges":1,"victory":false,"max_hp_per_floor":[75,75,75,75,75,75,75,75,75,75,75,75,75,75,75,75,75,75,75,75,75,75,75,75],"card_choices":[{"not_picked":["Hologram","Beam Cell"],"picked":"Gash","floor":1.0},{"not_picked":["Meteor Strike","Compile Driver"],"picked":"Scrape","floor":2.0},{"not_picked":["Undo","Leap"],"picked":"Defragment","floor":3.0},{"not_picked":["Force Field","Blizzard"],"picked":"Rebound","floor":4.0},{"not_picked":["Cold Snap","Steam"],"picked":"Echo Form","floor":7.0},{"not_picked":["Darkness","Steam Power","Rebound"],"picked":"SKIP","floor":11.0},{"not_picked":["Sweeping Beam","Beam Cell","Blizzard"],"picked":"SKIP","floor":11.0},{"not_picked":["Turbo","Amplify"],"picked":"Glacier","floor":12.0},{"not_picked":["Rip and Tear","Recycle"],"picked":"Gash","floor":14.0},{"not_picked":["Defragment","Scrape"],"picked":"Coolheaded","floor":14.0},{"not_picked":["Biased Cognition","Meteor Strike"],"picked":"Buffer","floor":16.0},{"not_picked":["Recycle","Loop+1"],"picked":"Hologram+1","floor":18},{"not_picked":["Barrage","Streamline","Reprogram"],"picked":"SKIP","floor":18},{"not_picked":["Redo","Gash"],"picked":"Glacier+1","floor":19},{"not_picked":["Redo","Go for the Eyes"],"picked":"Leap","floor":19},{"not_picked":["Hologram","Skim"],"picked":"Glacier+1","floor":20},{"not_picked":["Undo","Stack"],"picked":"Conserve Battery","floor":20},{"not_picked":["Go for the Eyes","Hologram","Ball Lightning"],"picked":"SKIP","floor":21},{"not_picked":["Compile Driver","Cold Snap","Darkness+1"],"picked":"SKIP","floor":21},{"not_picked":["Go for the Eyes","Hologram","Ball Lightning"],"picked":"SKIP","floor":21},{"not_picked":["Compile Driver","Cold Snap","Darkness+1"],"picked":"SKIP","floor":21}],"player_experience":297916,"relics_obtained":[{"floor":7.0,"key":"Prayer Wheel"},{"floor":12.0,"key":"Shovel"}],"event_choices":[{"damage_healed":0.0,"max_hp_gain":0.0,"max_hp_loss":0.0,"gold_gain":0.0,"event_name":"Living Wall","player_choice":"Grow","floor":5.0,"gold_loss":0.0,"damage_taken":0.0,"cards_upgraded":["Zap"]},{"damage_healed":0,"gold_gain":0,"player_choice":"Simplicity","damage_taken":0,"max_hp_gain":0,"max_hp_loss":0,"event_name":"Back to Basics","floor":22,"gold_loss":0,"cards_upgraded":["Strike_B","Strike_B","Strike_B","Defend_B","Defend_B","Defend_B","Defend_B"]}],"is_beta":false,"boss_relics":[{"not_picked":["Velvet Choker","Busted Crown"],"picked":"Inserter"}],"items_purged_floors":[13],"is_endless":false,"potions_floor_spawned":[1,7,11,12,18,20],"killed_by":"Slavers","ascension_level":3}