{"gold_per_floor":[116,0,0,17,36,36,50,50,50,62,95,95,95,114,114,219,219,235,235,248,173,190,224,238,238,238,238,255,255,13,31,31,128,128,139,139,139,157,173,173,189,189,189,205,223,151,151,161,161,161],"floor_reached":51,"playtime":2199,"items_purged":["Defend_B"],"score":698,"play_id":"22c76e3b-cba7-4f5f-a2a2-4548719aa1d4","local_time":"20181202164228","is_ascension_mode":false,"campfire_choices":[{"data":"Dualcast","floor":6.0,"key":"SMITH"},{"data":"Zap","floor":8.0,"key":"SMITH"},{"data":"Go for the Eyes","floor":13.0,"key":"SMITH"},{"data":"Cold Snap","floor":15.0,"key":"SMITH"},{"data":"Defragment","floor":25.0,"key":"SMITH"},{"data":"Seek","floor":29.0,"key":"SMITH"},{"data":"Strike_B","floor":32.0,"key":"SMITH"},{"data":"Electrodynamics","floor":40.0,"key":"SMITH"},{"data":"Tempest","floor":47,"key":"SMITH"},{"floor":49,"key":"REST"}],"neow_cost":"NONE","seed_source_timestamp":0,"circlet_count":0,"master_deck":["Strike_B+1","Defend_B","Zap+1","Dualcast+1","Echo Form+1","Conserve Battery","Cold Snap+1","Go for the Eyes+1","Conserve Battery","Coolheaded","Seek+1","Chill+1","Glacier+1","Hologram+1","Defragment+1","Compile Driver+1","Electrodynamics+1","Tempest+1","Ball Lightning+1","Amplify"],"special_seed":0,"relics":["Cracked Core","Omamori","Blue Candle","Kunai","Astrolabe","Mercury Hourglass","Blood Vial","Membership Card","Inserter","Meat on the Bone"],"potions_floor_usage":[50,50,50],"damage_taken":[{"damage":2.0,"enemies":"Small Slimes","floor":1.0,"turns":4.0},{"damage":0.0,"enemies":"Cultist","floor":4.0,"turns":4.0},{"damage":0.0,"enemies":"Jaw Worm","floor":5.0,"turns":4.0},{"damage":10.0,"enemies":"Gremlin Gang","floor":7.0,"turns":7.0},{"damage":0.0,"enemies":"Lots of Slimes","floor":10.0,"turns":1.0},{"damage":12.0,"enemies":"3 Sentries","floor":11.0,"turns":9.0},{"damage":0.0,"enemies":"Looter","floor":14.0,"turns":3.0},{"damage":22.0,"enemies":"The Guardian","floor":16.0,"turns":12.0},{"damage":0.0,"enemies":"Spheric Guardian","floor":18.0,"turns":5.0},{"damage":4.0,"enemies":"Chosen","floor":20.0,"turns":5.0},{"damage":2.0,"enemies":"Snake Plant","floor":22.0,"turns":8.0},{"damage":0.0,"enemies":"Book of Stabbing","floor":23.0,"turns":9.0},{"damage":0.0,"enemies":"Centurion and Healer","floor":24.0,"turns":12.0},{"damage":2.0,"enemies":"Cultist and Chosen","floor":28.0,"turns":8.0},{"damage":0.0,"enemies":"Chosen and Byrds","floor":31.0,"turns":6.0},{"damage":17.0,"enemies":"Collector","floor":33.0,"turns":13.0},{"damage":3.0,"enemies":"3 Shapes","floor":35.0,"turns":4.0},{"damage":0.0,"enemies":"Orb Walker","floor":38.0,"turns":4.0},{"damage":1.0,"enemies":"Sphere and 2 Shapes","floor":39.0,"turns":5.0},{"damage":0,"enemies":"Transient","floor":41,"turns":5},{"damage":11,"enemies":"Spire Growth","floor":44,"turns":5},{"damage":14,"enemies":"3 Darklings","floor":45,"turns":2},{"damage":16,"enemies":"Maw","floor":48,"turns":7},{"damage":42,"enemies":"Awakened One","floor":50,"turns":12}],"seed_played":"-6679808317485782867","potions_obtained":[{"floor":7.0,"key":"Explosive Potion"},{"floor":11.0,"key":"EssenceOfSteel"},{"floor":18.0,"key":"Swift Potion"},{"floor":22.0,"key":"SpeedPotion"},{"floor":23.0,"key":"Fire Potion"},{"floor":38.0,"key":"Dexterity Potion"}],"is_trial":false,"path_per_floor":["M","$","?","M","M","R","M","R","T","M","E","?","R","M","R","B",null,"M","?","M","$","M","E","M","R","T","?","M","R","$","M","R","B",null,"M","$","$","M","M","R","M","?","T","M","M","$","R","M","R","B",null],"character_chosen":"DEFECT","items_purchased":["Echo Form","Conserve Battery","Membership Card","FocusPotion","Amplify"],"campfire_rested":1,"item_purchase_floors":[2,2,30,30,46],"current_hp_per_floor":[73,73,73,73,73,73,63,63,63,63,51,51,51,51,51,29,75,75,75,71,71,69,69,69,69,69,69,69,69,69,71,71,56,75,72,72,72,74,74,74,75,75,75,64,52,52,52,38,60,32],"gold":161,"neow_bonus":"RANDOM_COMMON_RELIC","is_prod":false,"is_daily":false,"chose_seed":false,"campfire_upgraded":9,"win_rate":0,"timestamp":1543768948,"path_taken":["M","$","?","M","?","R","M","R","T","M","E","?","R","?","R","BOSS","M","?","M","$","M","E","M","R","T","?","?","R","$","M","R","BOSS","M","?","$","M","M","R","M","?","T","M","M","$","R","M","R","BOSS"],"build_version":"2018-11-15","purchased_purges":1,"victory":true,"max_hp_per_floor":[75,75,75,75,75,75,75,75,75,75,75,75,75,75,75,75,75,75,75,75,75,75,75,75,75,75,75,75,75,75,75,75,75,75,75,75,75,75,75,75,75,75,75,75,75,75,75,75,75,75],"card_choices":[{"not_picked":["Stack","Scrape","Steam"],"picked":"SKIP","floor":1.0},{"not_picked":["Leap","White Noise"],"picked":"Cold Snap","floor":4.0},{"not_picked":["Barrage","Beam Cell"],"picked":"Go for the Eyes","floor":5.0},{"not_picked":["Stack","FTL"],"picked":"Conserve Battery","floor":7.0},{"not_picked":["Rebound","Stack","Redo"],"picked":"SKIP","floor":10.0},{"not_picked":["Stack","Buffer","Redo"],"picked":"SKIP","floor":11.0},{"not_picked":["Turbo","Skim","Conserve Battery"],"picked":"SKIP","floor":14.0},{"not_picked":["Multi-Cast","All For One"],"picked":"Seek","floor":16.0},{"not_picked":["Barrage","Coolheaded","Conserve Battery"],"picked":"SKIP","floor":18.0},{"not_picked":["Heatsinks+1","Steam","Beam Cell"],"picked":"SKIP","floor":20.0},{"not_picked":["Static Discharge+1","Reprogram","Hologram"],"picked":"SKIP","floor":22.0},{"not_picked":["Reboot","Steam"],"picked":"Defragment","floor":23.0},{"not_picked":["Sweeping Beam","Streamline"],"picked":"Compile Driver+1","floor":24.0},{"not_picked":["Stack","Coolheaded+1","Redo"],"picked":"SKIP","floor":28.0},{"not_picked":["Conserve Battery","Cold Snap","Turbo"],"picked":"SKIP","floor":31.0},{"not_picked":["Meteor Strike","Creative AI"],"picked":"Electrodynamics","floor":33.0},{"not_picked":["Heatsinks","Turbo+1","Skim+1"],"picked":"SKIP","floor":35.0},{"not_picked":["Coolheaded+1","Cold Snap+1"],"picked":"Tempest","floor":38.0},{"not_picked":["Chaos","Rip and Tear+1","Compile Driver"],"picked":"SKIP","floor":39.0},{"not_picked":["Melter","Hologram"],"picked":"Ball Lightning+1","floor":41},{"not_picked":["Gash+1","Steam+1","Barrage"],"picked":"SKIP","floor":44},{"not_picked":["Cold Snap","Conserve Battery+1","Redo"],"picked":"SKIP","floor":45},{"not_picked":["Biased Cognition","Recycle+1","Rebound+1"],"picked":"SKIP","floor":48}],"player_experience":843487,"relics_obtained":[{"floor":9.0,"key":"Blue Candle"},{"floor":11.0,"key":"Kunai"},{"floor":23.0,"key":"Mercury Hourglass"},{"floor":26.0,"key":"Blood Vial"},{"floor":43,"key":"Meat on the Bone"}],"event_choices":[{"damage_healed":0.0,"max_hp_gain":0.0,"max_hp_loss":0.0,"gold_gain":0.0,"event_name":"Accursed Blacksmith","player_choice":"Forge","floor":3.0,"gold_loss":0.0,"damage_taken":0.0,"cards_upgraded":["Echo Form"]},{"damage_healed":0.0,"max_hp_gain":0.0,"max_hp_loss":0.0,"gold_gain":0.0,"cards_transformed":["Defend_B"],"event_name":"Transmorgrifier","player_choice":"Transformed","floor":12.0,"gold_loss":0.0,"damage_taken":0.0,"cards_obtained":["Coolheaded"]},{"damage_healed":0.0,"max_hp_gain":0.0,"max_hp_loss":0.0,"gold_gain":0.0,"event_name":"Cursed Tome","player_choice":"Ignored","floor":19.0,"gold_loss":0.0,"damage_taken":0.0},{"damage_healed":0.0,"max_hp_gain":0.0,"max_hp_loss":0.0,"gold_gain":0.0,"event_name":"NoteForYourself","player_choice":"Ignored","floor":27.0,"gold_loss":0.0,"damage_taken":0.0},{"cards_removed":["Strike_B"],"damage_healed":0,"gold_gain":0,"player_choice":"Offered Basic","damage_taken":0,"max_hp_gain":0,"max_hp_loss":0,"event_name":"Bonfire Elementals","floor":42,"gold_loss":0}],"is_beta":false,"boss_relics":[{"not_picked":["Pandora\u0027s Box","Fusion Hammer"],"picked":"Astrolabe"},{"not_picked":["Nuclear Battery","Tiny House"],"picked":"Inserter"}],"items_purged_floors":[21],"is_endless":false,"potions_floor_spawned":[7,11,18,22,23,31,38,41,45],"ascension_level":0}