{"gold_per_floor":[110,129,145,157,170,170,184,218,298,324,324,340,121,138,138,236,236,251,263,188,203,203,203,238,238,238,238,265,265,265,119,119,222,222,241,254,36,51,0,29,29,29,77,104,104,132,132,132,132,132],"floor_reached":51,"playtime":2506,"items_purged":["Strike_R","Strike_R","Strike_R"],"score":1150,"play_id":"b011d3a6-92a8-43f4-bd42-028e7c2d0b6e","local_time":"20190112005834","is_ascension_mode":true,"campfire_choices":[{"data":"Bash","floor":6,"key":"SMITH"},{"data":"Armaments","floor":11,"key":"SMITH"},{"data":"Spot Weakness","floor":15,"key":"SMITH"},{"data":"Cleave","floor":23,"key":"SMITH"},{"data":"1","floor":25,"key":"LIFT"},{"data":"2","floor":27,"key":"LIFT"},{"data":"3","floor":29,"key":"LIFT"},{"data":"Shrug It Off","floor":32,"key":"SMITH"},{"floor":45,"key":"REST"},{"data":"Sword Boomerang","floor":47,"key":"SMITH"},{"floor":49,"key":"REST"}],"neow_cost":"NONE","seed_source_timestamp":139959561856796,"circlet_count":0,"master_deck":["AscendersBane","Strike_R","Defend_R","Defend_R","Defend_R","Defend_R","Bash+1","Cleave+1","Anger","Pommel Strike+1","Iron Wave+1","Headbutt","Armaments+1","Spot Weakness+1","Reaper","Twin Strike","Ghostly Armor","Headbutt","Sentinel+1","Clothesline+1","Sword Boomerang+1","Shrug It Off+1","Feed","Shrug It Off+1","Flash of Steel","Burning Pact+1","Ghostly Armor"],"relics":["Burning Blood","Potion Belt","Darkstone Periapt","Red Skull","Whetstone","Philosopher\u0027s Stone","Girya","Pantograph","Bag of Preparation","Busted Crown","Red Mask","Prayer Wheel","Smiling Mask","Happy Flower","Bronze Scales"],"potions_floor_usage":[8,24,28,33,33,33,50,50],"damage_taken":[{"damage":13,"enemies":"Cultist","floor":1,"turns":6},{"damage":4,"enemies":"Jaw Worm","floor":2,"turns":4},{"damage":10,"enemies":"2 Louse","floor":3,"turns":2},{"damage":1,"enemies":"Exordium Wildlife","floor":4,"turns":4},{"damage":13,"enemies":"3 Louse","floor":5,"turns":2},{"damage":1,"enemies":"2 Fungi Beasts","floor":7,"turns":3},{"damage":15,"enemies":"3 Sentries","floor":8,"turns":8},{"damage":15,"enemies":"Gremlin Nob","floor":10,"turns":4},{"damage":22,"enemies":"Exordium Thugs","floor":12,"turns":3},{"damage":6,"enemies":"Looter","floor":14,"turns":3},{"damage":12,"enemies":"The Guardian","floor":16,"turns":9},{"damage":0,"enemies":"Chosen","floor":18,"turns":3},{"damage":12,"enemies":"Shell Parasite","floor":19,"turns":3},{"damage":36,"enemies":"Snecko","floor":21,"turns":6},{"damage":30,"enemies":"Gremlin Leader","floor":24,"turns":5},{"damage":33,"enemies":"Book of Stabbing","floor":28,"turns":5},{"damage":54,"enemies":"Automaton","floor":33,"turns":8},{"damage":2,"enemies":"Orb Walker","floor":35,"turns":3},{"damage":31,"enemies":"3 Darklings","floor":36,"turns":10},{"damage":39,"enemies":"4 Shapes","floor":38,"turns":9},{"damage":38,"enemies":"Nemesis","floor":40,"turns":7},{"damage":17,"enemies":"Reptomancer","floor":44,"turns":4},{"damage":45,"enemies":"Nemesis","floor":46,"turns":5},{"damage":95,"enemies":"Donu and Deca","floor":50,"turns":11}],"seed_played":"4128943926603253755","potions_obtained":[{"floor":1,"key":"SteroidPotion"},{"floor":4,"key":"SteroidPotion"},{"floor":5,"key":"Regen Potion"},{"floor":16,"key":"Weak Potion"},{"floor":19,"key":"EssenceOfSteel"},{"floor":21,"key":"GamblersBrew"},{"floor":36,"key":"PowerPotion"},{"floor":40,"key":"Regen Potion"},{"floor":46,"key":"Energy Potion"}],"is_trial":false,"path_per_floor":["M","M","M","M","M","R","M","E","T","E","R","M","$","M","R","B",null,"M","M","?","M","?","R","E","R","T","R","E","R","?","$","R","B",null,"M","M","$","M","?","E","?","$","T","E","R","E","R","?","R","B",null],"character_chosen":"IRONCLAD","items_purchased":["Whetstone","Shrug It Off","Flash of Steel"],"campfire_rested":2,"item_purchase_floors":[13,31,37],"current_hp_per_floor":[73,75,71,76,69,69,74,80,80,71,71,55,55,55,55,49,78,88,82,82,57,57,57,60,60,60,60,33,33,33,33,33,10,69,84,88,88,59,59,44,44,44,44,36,65,27,27,27,54,42],"gold":132,"neow_bonus":"TEN_PERCENT_HP_BONUS","is_prod":false,"is_daily":false,"chose_seed":false,"campfire_upgraded":6,"win_rate":0,"timestamp":1547283514,"path_taken":["M","M","?","M","?","R","M","E","T","E","R","M","$","M","R","BOSS","M","M","?","M","?","R","E","R","T","R","E","R","?","$","R","BOSS","M","M","$","M","?","E","?","$","T","E","R","E","R","?","R","BOSS"],"build_version":"2019-01-10","purchased_purges":3,"victory":true,"max_hp_per_floor":[88,88,88,88,88,88,88,88,88,88,88,88,88,88,88,88,88,88,88,88,88,88,88,88,88,88,88,88,88,88,88,88,88,88,88,88,88,92,92,95,95,95,95,98,98,98,98,93,93,93],"card_choices":[{"not_picked":["Burning Pact","Havoc"],"picked":"Cleave","floor":1},{"not_picked":["Intimidate","Perfected Strike"],"picked":"Anger","floor":2},{"not_picked":["Clothesline","Wild Strike"],"picked":"Pommel Strike","floor":3},{"not_picked":["Feel No Pain","Flex"],"picked":"Iron Wave","floor":4},{"not_picked":["Clash","Flex","Barricade"],"picked":"SKIP","floor":5},{"not_picked":["Havoc","Body Slam"],"picked":"Headbutt","floor":7},{"not_picked":["Body Slam","Twin Strike"],"picked":"Armaments","floor":8},{"not_picked":["Iron Wave","Armaments"],"picked":"Spot Weakness","floor":10},{"not_picked":["Body Slam","Warcry","Power Through"],"picked":"SKIP","floor":12},{"not_picked":["Armaments","Iron Wave","Anger"],"picked":"SKIP","floor":14},{"not_picked":["Demon Form","Barricade"],"picked":"Reaper","floor":16},{"not_picked":["Infernal Blade","Hemokinesis"],"picked":"Twin Strike","floor":18},{"not_picked":["Flex","Pommel Strike"],"picked":"Ghostly Armor","floor":19},{"not_picked":["Heavy Blade","Clash"],"picked":"Headbutt","floor":21},{"not_picked":["Warcry","Fiend Fire"],"picked":"Sentinel+1","floor":24},{"not_picked":["Iron Wave+1","True Grit+1"],"picked":"Clothesline+1","floor":28},{"not_picked":["Juggernaut","Dark Embrace"],"picked":"Feed","floor":33},{"not_picked":["Armaments+1"],"picked":"SKIP","floor":35},{"not_picked":[],"picked":"Shrug It Off+1","floor":36},{"not_picked":[],"picked":"Burning Pact+1","floor":38},{"not_picked":["Body Slam+1"],"picked":"SKIP","floor":40},{"not_picked":["Combust"],"picked":"SKIP","floor":44},{"not_picked":[],"picked":"Ghostly Armor","floor":46}],"player_experience":388210,"relics_obtained":[{"floor":8,"key":"Potion Belt"},{"floor":9,"key":"Darkstone Periapt"},{"floor":10,"key":"Red Skull"},{"floor":24,"key":"Girya"},{"floor":26,"key":"Pantograph"},{"floor":28,"key":"Bag of Preparation"},{"floor":40,"key":"Prayer Wheel"},{"floor":43,"key":"Smiling Mask"},{"floor":44,"key":"Happy Flower"},{"floor":46,"key":"Bronze Scales"}],"event_choices":[{"cards_removed":["Strike_R"],"damage_healed":0,"gold_gain":0,"player_choice":"Gave Gold","damage_taken":0,"max_hp_gain":0,"max_hp_loss":0,"event_name":"Beggar","floor":20,"gold_loss":75},{"damage_healed":0,"gold_gain":0,"player_choice":"Ignored","damage_taken":0,"max_hp_gain":0,"max_hp_loss":0,"event_name":"The Mausoleum","floor":22,"gold_loss":0},{"damage_healed":0,"gold_gain":0,"player_choice":"Read","damage_taken":0,"max_hp_gain":0,"max_hp_loss":0,"event_name":"The Library","floor":30,"gold_loss":0,"cards_obtained":["Sword Boomerang"]},{"damage_healed":0,"gold_gain":0,"player_choice":"Paid","damage_taken":0,"relics_obtained":["Red Mask"],"max_hp_gain":0,"max_hp_loss":0,"event_name":"Tomb of Lord Red Mask","floor":39,"gold_loss":51},{"damage_healed":0,"gold_gain":0,"player_choice":"Ignored","damage_taken":0,"max_hp_gain":0,"max_hp_loss":0,"event_name":"The Moai Head","floor":41,"gold_loss":0},{"damage_healed":0,"gold_gain":0,"player_choice":"Max HP","damage_taken":0,"max_hp_gain":0,"max_hp_loss":5,"event_name":"Winding Halls","floor":48,"gold_loss":0}],"is_beta":false,"boss_relics":[{"not_picked":["Mark of Pain","Orrery"],"picked":"Philosopher\u0027s Stone"},{"not_picked":["Lizard Tail","Pandora\u0027s Box"],"picked":"Busted Crown"}],"items_purged_floors":[13,31,37],"is_endless":false,"potions_floor_spawned":[1,4,5,16,19,21,36,40,46],"ascension_level":10}