{"gold_per_floor":[112,187,187,204,221,221,232,13,13,40,40,40,40,0,0,77,77,95,95,110,110,110,110,57,57,83,102,119,136,146,177,177,253,253,271,290,290,240,255,255,255],"floor_reached":41,"playtime":3925,"items_purged":[],"score":847,"play_id":"d44e76a9-3d3e-40f6-bebe-837e26032a6f","local_time":"20190113183345","is_ascension_mode":true,"campfire_choices":[{"data":"Dagger Spray","floor":6,"key":"SMITH"},{"data":"Cloak And Dagger","floor":12,"key":"SMITH"},{"data":"Envenom","floor":15,"key":"SMITH"},{"floor":23,"key":"REST"},{"data":"Neutralize","floor":25,"key":"SMITH"},{"floor":32,"key":"REST"},{"data":"Leg Sweep","floor":40,"key":"SMITH"}],"neow_cost":"NONE","seed_source_timestamp":288257671426675,"circlet_count":0,"master_deck":["AscendersBane","Defend_G","Defend_G","Defend_G","Defend_G","Defend_G","Survivor","Neutralize+1","Dagger Spray+1","Cloak And Dagger+1","Well Laid Plans","Envenom+1","After Image+1","Leg Sweep+1","Malaise+1","PiercingWail","Bite","Bite","Bite","Bite","Bite","Footwork","Dagger Spray","Terror","Dagger Spray","Well Laid Plans+1","Envenom","PiercingWail","Blur"],"relics":["Ring of the Snake","Gremlin Horn","Sundial","Velvet Choker","Dream Catcher","Vajra","Sozu"],"potions_floor_usage":[10,16,16,29,33,41,41],"damage_taken":[{"damage":0,"enemies":"Jaw Worm","floor":1,"turns":5},{"damage":0,"enemies":"2 Louse","floor":4,"turns":3},{"damage":0,"enemies":"Cultist","floor":5,"turns":4},{"damage":0,"enemies":"Blue Slaver","floor":7,"turns":7},{"damage":4,"enemies":"3 Sentries","floor":10,"turns":6},{"damage":0,"enemies":"Looter","floor":14,"turns":4},{"damage":36,"enemies":"Hexaghost","floor":16,"turns":16},{"damage":0,"enemies":"3 Byrds","floor":18,"turns":6},{"damage":11,"enemies":"Chosen","floor":20,"turns":9},{"damage":6,"enemies":"Shelled Parasite and Fungi","floor":27,"turns":9},{"damage":0,"enemies":"Snecko","floor":28,"turns":8},{"damage":3,"enemies":"Cultist and Chosen","floor":29,"turns":9},{"damage":21,"enemies":"3 Cultists","floor":30,"turns":7},{"damage":33,"enemies":"Gremlin Leader","floor":31,"turns":7},{"damage":28,"enemies":"Collector","floor":33,"turns":10},{"damage":35,"enemies":"3 Darklings","floor":35,"turns":13},{"damage":26,"enemies":"3 Shapes","floor":36,"turns":6},{"damage":49,"enemies":"Sphere and 2 Shapes","floor":39,"turns":26},{"damage":96,"enemies":"Giant Head","floor":41,"turns":10}],"seed_played":"-7660573708047566420","potions_obtained":[{"floor":7,"key":"GamblersBrew"},{"floor":10,"key":"Explosive Potion"},{"floor":27,"key":"SpeedPotion"},{"floor":30,"key":"PowerPotion"},{"floor":33,"key":"Poison Potion"}],"is_trial":false,"path_per_floor":["M","?","?","M","M","R","M","$","T","E","?","R","?","M","R","B",null,"M","?","M","?","?","R","$","R","T","M","M","M","M","E","R","B",null,"M","M","?","?","M","R","E"],"character_chosen":"THE_SILENT","items_purchased":["Envenom","Explosive Potion","SteroidPotion"],"campfire_rested":2,"item_purchase_floors":[8,8,24],"current_hp_per_floor":[65,54,47,47,47,47,47,47,47,43,43,43,43,43,43,7,56,56,36,25,25,25,40,40,40,40,53,53,53,52,33,48,41,50,53,39,39,39,53,53,0],"gold":255,"neow_bonus":"TEN_PERCENT_HP_BONUS","is_prod":false,"is_daily":false,"chose_seed":false,"campfire_upgraded":5,"win_rate":0,"timestamp":1547433225,"path_taken":["M","?","?","M","M","R","?","?","T","E","?","R","?","M","R","BOSS","M","?","M","?","?","R","$","R","T","M","M","M","?","E","R","BOSS","M","?","?","?","?","R","E"],"build_version":"2019-01-10","purchased_purges":0,"victory":false,"max_hp_per_floor":[72,72,72,72,72,72,72,72,72,72,72,72,72,72,72,72,72,72,77,77,53,53,53,53,53,53,53,53,53,53,53,53,53,53,53,53,53,53,53,53,53],"card_choices":[{"not_picked":["Backflip","Dagger Throw"],"picked":"Dagger Spray","floor":1},{"not_picked":["Flechettes","Envenom"],"picked":"Cloak And Dagger","floor":4},{"not_picked":["Quick Slash","All Out Attack"],"picked":"Well Laid Plans","floor":5},{"not_picked":["Blade Dance","Dodge and Roll","Acrobatics"],"picked":"SKIP","floor":7},{"not_picked":["Footwork","Acrobatics"],"picked":"After Image","floor":10},{"not_picked":["Distraction","Blur"],"picked":"Leg Sweep","floor":14},{"not_picked":["Burst","Die Die Die"],"picked":"Malaise","floor":16},{"not_picked":["Outmaneuver+1","Quick Slash","Poisoned Stab"],"picked":"SKIP","floor":18},{"not_picked":["Poisoned Stab","Slice"],"picked":"PiercingWail","floor":20},{"not_picked":["Deflect","Outmaneuver+1"],"picked":"Footwork","floor":27},{"not_picked":["Dodge and Roll","Quick Slash"],"picked":"Dagger Spray","floor":28},{"not_picked":["Sucker Punch","Outmaneuver+1"],"picked":"Terror","floor":29},{"not_picked":["Masterful Stab+1","Prepared+1"],"picked":"Dagger Spray","floor":30},{"not_picked":["Dagger Throw","Flying Knee+1","Dagger Spray"],"picked":"SKIP","floor":31},{"not_picked":["Backflip","Dagger Spray"],"picked":"Well Laid Plans+1","floor":32},{"not_picked":["Venomology","Burst"],"picked":"Envenom","floor":33},{"not_picked":["Slice","Outmaneuver","Deflect"],"picked":"SKIP","floor":35},{"not_picked":["Blade Dance","Sucker Punch"],"picked":"PiercingWail","floor":36},{"not_picked":["Blade Dance","Sucker Punch"],"picked":"Blur","floor":39}],"player_experience":394803,"relics_obtained":[{"floor":9,"key":"Gremlin Horn"},{"floor":10,"key":"Sundial"},{"floor":26,"key":"Dream Catcher"},{"floor":31,"key":"Vajra"}],"event_choices":[{"damage_healed":0,"gold_gain":75,"player_choice":"Gather Gold","damage_taken":11,"max_hp_gain":0,"max_hp_loss":0,"event_name":"World of Goop","floor":2,"gold_loss":0},{"cards_removed":["Strike_G"],"damage_healed":0,"gold_gain":0,"player_choice":"Card Removal","damage_taken":7,"max_hp_gain":0,"max_hp_loss":0,"event_name":"Golden Wing","floor":3,"gold_loss":0},{"damage_healed":0,"gold_gain":0,"player_choice":"Searched \u00270\u0027 times","damage_taken":0,"max_hp_gain":0,"max_hp_loss":0,"event_name":"Dead Adventurer","floor":11,"gold_loss":0},{"damage_healed":0,"gold_gain":0,"player_choice":"Ignored","damage_taken":0,"max_hp_gain":0,"max_hp_loss":0,"event_name":"Liars Game","floor":13,"gold_loss":0},{"damage_healed":0,"gold_gain":0,"player_choice":"Shed Blood","damage_taken":25,"max_hp_gain":5,"max_hp_loss":0,"event_name":"Forgotten Altar","floor":19,"gold_loss":0},{"damage_healed":0,"gold_gain":0,"player_choice":"Became a vampire","damage_taken":0,"max_hp_gain":0,"max_hp_loss":24,"event_name":"Vampires","floor":21,"gold_loss":0,"cards_obtained":["Bite","Bite","Bite","Bite","Bite"]},{"damage_healed":0,"gold_gain":0,"player_choice":"Upgraded","damage_taken":0,"max_hp_gain":0,"max_hp_loss":0,"event_name":"Upgrade Shrine","floor":22,"gold_loss":0,"cards_upgraded":["Malaise"]},{"damage_healed":0,"gold_gain":0,"player_choice":"Ignored","damage_taken":0,"max_hp_gain":0,"max_hp_loss":0,"event_name":"Tomb of Lord Red Mask","floor":37,"gold_loss":0},{"damage_healed":0,"gold_gain":0,"player_choice":"Upgrade","damage_taken":0,"max_hp_gain":0,"max_hp_loss":0,"event_name":"Designer","floor":38,"gold_loss":50,"cards_upgraded":["After Image"]}],"is_beta":false,"boss_relics":[{"not_picked":["Calling Bell","Orrery"],"picked":"Velvet Choker"},{"not_picked":["Snecko Eye","Philosopher\u0027s Stone"],"picked":"Sozu"}],"items_purged_floors":[],"is_endless":false,"potions_floor_spawned":[7,10,27,30,31,33,36,39],"killed_by":"Giant Head","ascension_level":20}