{"gold_per_floor":[118,118,137,153,171,171,196,237,237,268,268,311,311,335,335,465,465,484,434,457,457,480,524,524,537,591,591,591,90,133,156,156,287,287,308,308,308,308,160,191,72,116,186,186,225,240,278,292,292,292],"floor_reached":51,"playtime":4173,"items_purged":["Strike_B","Strike_B"],"score":1183,"play_id":"47ff1e56-5503-4d68-bc3d-9649c659c89d","local_time":"20181231205158","is_ascension_mode":true,"campfire_choices":[{"data":"Zap","floor":6,"key":"SMITH"},{"floor":11,"key":"REST"},{"data":"Defragment","floor":15,"key":"SMITH"},{"floor":24,"key":"REST"},{"data":"Self Repair","floor":27,"key":"SMITH"},{"floor":32,"key":"DIG"},{"floor":49,"key":"DIG"}],"neow_cost":"NONE","seed_source_timestamp":1244291284405156,"circlet_count":0,"master_deck":["Strike_B","Defend_B","Defend_B","Defend_B","Defend_B","Zap+1","Dualcast+1","Echo Form","Leap","Steam","Defragment+1","Ball Lightning","Lockon","Steam","Glacier","Turbo","Conserve Battery","Biased Cognition","Conserve Battery","Ghostly","Ghostly","Ghostly","Ghostly","Ghostly","Steam Power","Self Repair+1","Static Discharge","Conserve Battery+1","Hello World","Coolheaded+1","Coolheaded+1","Barrage","Coolheaded+1","Storm+1","White Noise+1"],"special_seed":0,"relics":["Cracked Core","Golden Idol","Girya","Cables","Gambling Chip","Kunai","Inserter","Dodecahedron","Vajra","Shovel","Incense Burner","Bottled Lightning","Coffee Dripper","The Courier","PreservedInsect","Smiling Mask","Darkstone Periapt","Oddly Smooth Stone","War Paint","Orichalcum"],"potions_floor_usage":[8,12,16,25],"damage_taken":[{"damage":9,"enemies":"Jaw Worm","floor":1,"turns":5},{"damage":2,"enemies":"2 Louse","floor":3,"turns":2},{"damage":1,"enemies":"Cultist","floor":4,"turns":3},{"damage":1,"enemies":"Large Slime","floor":5,"turns":7},{"damage":5,"enemies":"Looter","floor":7,"turns":3},{"damage":2,"enemies":"Gremlin Nob","floor":8,"turns":4},{"damage":31,"enemies":"3 Sentries","floor":10,"turns":5},{"damage":2,"enemies":"Lagavulin","floor":12,"turns":5},{"damage":3,"enemies":"Blue Slaver","floor":14,"turns":3},{"damage":34,"enemies":"Slime Boss","floor":16,"turns":7},{"damage":1,"enemies":"Chosen","floor":18,"turns":3},{"damage":9,"enemies":"Shell Parasite","floor":20,"turns":5},{"damage":5,"enemies":"Sentry and Sphere","floor":22,"turns":6},{"damage":2,"enemies":"Book of Stabbing","floor":23,"turns":6},{"damage":8,"enemies":"Cultist and Chosen","floor":25,"turns":8},{"damage":17,"enemies":"Slavers","floor":30,"turns":9},{"damage":0,"enemies":"3 Cultists","floor":31,"turns":8},{"damage":0,"enemies":"Champ","floor":33,"turns":11},{"damage":0,"enemies":"3 Shapes","floor":35,"turns":7},{"damage":0,"enemies":"Nemesis","floor":40,"turns":9},{"damage":0,"enemies":"Reptomancer","floor":42,"turns":9},{"damage":0,"enemies":"Nemesis","floor":45,"turns":9},{"damage":0,"enemies":"3 Darklings","floor":46,"turns":7},{"damage":0,"enemies":"Giant Head","floor":47,"turns":10},{"damage":0,"enemies":"Transient","floor":48,"turns":5},{"damage":5,"enemies":"Time Eater","floor":50,"turns":19}],"seed_played":"-2705013337901889045","potions_obtained":[{"floor":5,"key":"EssenceOfSteel"},{"floor":8,"key":"Ancient Potion"},{"floor":10,"key":"SkillPotion"},{"floor":12,"key":"FearPotion"},{"floor":14,"key":"Energy Potion"},{"floor":16,"key":"FearPotion"},{"floor":20,"key":"Strength Potion"},{"floor":23,"key":"Explosive Potion"},{"floor":30,"key":"Fire Potion"},{"floor":31,"key":"Regen Potion"},{"floor":45,"key":"SkillPotion"},{"floor":46,"key":"Swift Potion"},{"floor":47,"key":"Dexterity Potion"}],"is_trial":false,"path_per_floor":["M","?","M","M","M","R","M","E","T","E","R","E","?","M","R","B",null,"M","?","M","?","M","E","R","M","T","R","?","$","E","M","R","B",null,"M","?","?","?","$","E","$","E","T","?","E","M","E","M","R","B",null],"character_chosen":"DEFECT","items_purchased":["Static Discharge","Shovel","Energy Potion","Coolheaded","PreservedInsect"],"campfire_rested":2,"item_purchase_floors":[29,29,29,39,41],"current_hp_per_floor":[66,66,64,63,62,62,57,55,55,24,44,42,42,39,39,5,69,68,68,59,34,29,27,34,26,26,26,26,26,19,34,34,34,34,34,32,32,32,32,32,32,32,32,32,32,32,32,32,32,27],"gold":292,"neow_bonus":"ONE_RANDOM_RARE_CARD","is_prod":false,"is_daily":false,"chose_seed":false,"campfire_upgraded":3,"win_rate":0,"timestamp":1546318318,"path_taken":["M","?","M","M","M","R","M","E","T","E","R","E","?","M","R","BOSS","M","?","?","?","M","E","R","M","T","R","?","?","E","M","R","BOSS","M","?","?","?","?","E","$","E","T","?","E","M","E","M","R","BOSS"],"build_version":"2018-12-20","purchased_purges":2,"victory":true,"max_hp_per_floor":[75,69,69,69,69,69,69,69,69,69,69,69,69,69,69,69,69,69,69,69,34,34,34,34,34,34,34,34,34,34,34,34,34,34,34,32,32,32,32,32,32,32,32,32,32,32,32,32,32,32],"card_choices":[{"not_picked":["Go for the Eyes","Turbo"],"picked":"Leap","floor":1},{"not_picked":["Rebound","Capacitor"],"picked":"Steam","floor":3},{"not_picked":["Genetic Algorithm","Blizzard"],"picked":"Defragment","floor":4},{"not_picked":["Gash","Fusion","Recycle"],"picked":"SKIP","floor":5},{"not_picked":["Blizzard","Coolheaded"],"picked":"Ball Lightning","floor":7},{"not_picked":["Barrage","Tempest"],"picked":"Lockon","floor":8},{"not_picked":["Lockon","Defragment"],"picked":"Steam","floor":10},{"not_picked":["Hologram","Storm"],"picked":"Glacier","floor":12},{"not_picked":["Beam Cell","Chaos"],"picked":"Conserve Battery","floor":14},{"not_picked":["Hyperbeam","Machine Learning"],"picked":"Biased Cognition","floor":16},{"not_picked":["Rebound","Storm+1"],"picked":"Conserve Battery","floor":18},{"not_picked":["Streamline","Coolheaded","Redo"],"picked":"SKIP","floor":20},{"not_picked":["Streamline","Coolheaded","Rebound+1"],"picked":"SKIP","floor":22},{"not_picked":["Go for the Eyes","Auto Shields"],"picked":"Steam Power","floor":23},{"not_picked":["Coolheaded+1","Hello World"],"picked":"Self Repair","floor":25},{"not_picked":["Aggregate+1","Auto Shields"],"picked":"Conserve Battery+1","floor":30},{"not_picked":["Stack+1","Rebound"],"picked":"Hello World","floor":31},{"not_picked":["Sweeping Beam","Auto Shields+1"],"picked":"Coolheaded+1","floor":35},{"not_picked":["Leap","Genetic Algorithm+1"],"picked":"Barrage","floor":40},{"not_picked":["Double Energy","Beam Cell"],"picked":"Coolheaded+1","floor":42},{"not_picked":["Melter","Barrage","Steam+1"],"picked":"SKIP","floor":45},{"not_picked":["Gash","Streamline","Stack+1"],"picked":"SKIP","floor":46},{"not_picked":["Leap+1","BootSequence"],"picked":"Storm+1","floor":47},{"not_picked":["Conserve Battery","Stack+1"],"picked":"White Noise+1","floor":48}],"player_experience":305395,"relics_obtained":[{"floor":8,"key":"Girya"},{"floor":9,"key":"Cables"},{"floor":10,"key":"Gambling Chip"},{"floor":12,"key":"Kunai"},{"floor":23,"key":"Dodecahedron"},{"floor":26,"key":"Vajra"},{"floor":30,"key":"Incense Burner"},{"floor":32,"key":"Bottled Lightning"},{"floor":40,"key":"The Courier"},{"floor":42,"key":"Smiling Mask"},{"floor":43,"key":"Darkstone Periapt"},{"floor":45,"key":"Oddly Smooth Stone"},{"floor":47,"key":"War Paint"},{"floor":49,"key":"Orichalcum"}],"event_choices":[{"damage_healed":0,"gold_gain":0,"player_choice":"Lose Max HP","damage_taken":0,"relics_obtained":["Golden Idol"],"max_hp_gain":0,"max_hp_loss":6,"event_name":"Golden Idol","floor":2,"gold_loss":0},{"damage_healed":0,"gold_gain":0,"cards_transformed":["Strike_B"],"player_choice":"Change","damage_taken":0,"max_hp_gain":0,"max_hp_loss":0,"event_name":"Living Wall","floor":13,"gold_loss":0,"cards_obtained":["Turbo"]},{"damage_healed":0,"gold_gain":0,"player_choice":"Bet on Murderer","damage_taken":0,"max_hp_gain":0,"max_hp_loss":0,"event_name":"The Joust","floor":19,"gold_loss":50},{"damage_healed":0,"gold_gain":0,"player_choice":"Became a Ghost","damage_taken":0,"max_hp_gain":0,"max_hp_loss":35,"event_name":"Ghosts","floor":21,"gold_loss":0,"cards_obtained":["Ghostly","Ghostly","Ghostly","Ghostly","Ghostly"]},{"damage_healed":0,"gold_gain":0,"player_choice":"Ignored","damage_taken":0,"max_hp_gain":0,"max_hp_loss":0,"event_name":"Vampires","floor":28,"gold_loss":0},{"damage_healed":0,"gold_gain":0,"player_choice":"Max HP","damage_taken":0,"max_hp_gain":0,"max_hp_loss":2,"event_name":"Winding Halls","floor":36,"gold_loss":0},{"damage_healed":0,"gold_gain":0,"player_choice":"Ignored","damage_taken":0,"max_hp_gain":0,"max_hp_loss":0,"event_name":"Tomb of Lord Red Mask","floor":37,"gold_loss":0},{"damage_healed":0,"gold_gain":0,"player_choice":"Memory 1","damage_taken":0,"max_hp_gain":0,"max_hp_loss":0,"event_name":"SensoryStone","floor":38,"gold_loss":0},{"damage_healed":0,"gold_gain":0,"player_choice":"Ignored","damage_taken":0,"max_hp_gain":0,"max_hp_loss":0,"event_name":"The Moai Head","floor":44,"gold_loss":0}],"is_beta":false,"boss_relics":[{"not_picked":["Lizard Tail","Runic Pyramid"],"picked":"Inserter"},{"not_picked":["Nuclear Battery","Black Star"],"picked":"Coffee Dripper"}],"items_purged_floors":[29,39],"is_endless":false,"potions_floor_spawned":[5,8,10,12,14,16,20,23,30,31,45,46,47,48],"ascension_level":4}