{"gold_per_floor":[119,134,154,154,164,192,192,206,206,223,35,61,73,89,89,193,193,205,205,215,118,134,134,166,184,184,200,526,526,537,552,552,654,654,670,684,698,716,716,716,743,743,794,823,834,834,850,160,160,160],"floor_reached":51,"playtime":2367,"items_purged":[],"score":1601,"play_id":"fb110524-328b-48a7-9c66-7903968fe8c0","local_time":"20190406134658","daily_mods":["Hoarder","Red Cards","Flight","Terminal","Uncertain Future"],"is_ascension_mode":true,"campfire_choices":[{"data":"Dualcast","floor":7,"key":"SMITH"},{"data":"1","floor":15,"key":"LIFT"},{"data":"2","floor":23,"key":"LIFT"},{"data":"3","floor":32,"key":"LIFT"},{"floor":40,"key":"REST"},{"data":"Seek","floor":42,"key":"SMITH"},{"data":"Scrape","floor":49,"key":"SMITH"}],"neow_cost":"","seed_source_timestamp":0,"circlet_count":0,"master_deck":["AscendersBane","Zap+1","Dualcast+1","BootSequence+1","BootSequence+1","BootSequence+1","Flex+1","Flex+1","Flex+1","Go for the Eyes+1","Go for the Eyes+1","Go for the Eyes+1","Scrape+1","Scrape+1","Scrape+1","Clash+1","Clash+1","Clash+1","Beam Cell+1","Beam Cell+1","Beam Cell+1","Turbo+1","Turbo+1","Turbo+1","Secret Technique+1","Secret Technique+1","Secret Technique+1","Seek+1","Seek+1","Seek+1","Rip and Tear+1","Rip and Tear+1","Rip and Tear+1","Infernal Blade+1","Infernal Blade+1","Infernal Blade+1","Amplify+1","Amplify+1","Amplify+1","Feel No Pain+1","Feel No Pain+1","Feel No Pain+1","Inflame+1","Inflame+1","Inflame+1","Double Energy+1","Double Energy+1","Double Energy+1","Headbutt+1","Headbutt+1","Headbutt+1","Swift Strike+1","Swift Strike+1","Swift Strike+1","Stack+1","Stack+1","Stack+1","Steam+1","Steam+1","Steam+1","Anger+1","Anger+1","Anger+1","Clash+1","Clash+1","Clash+1","All For One+1","All For One+1","All For One+1","Uppercut+1","Uppercut+1","Uppercut+1","Fiend Fire+1","Fiend Fire+1","Fiend Fire+1","Hyperbeam+1","Hyperbeam+1","Hyperbeam+1","Reprogram+1","Reprogram+1","Reprogram+1","FTL+1","FTL+1","FTL+1","Infernal Blade+1","Infernal Blade+1","Infernal Blade+1","Headbutt+1","Headbutt+1","Headbutt+1","Rage+1","Rage+1","Rage+1","Dark Shackles","Dark Shackles","Dark Shackles","Scrape","Scrape","Scrape+1"],"relics":["Unceasing Top","Art of War","Girya","Mango","Nloth\u0027s Gift","Letter Opener","Bottled Flame","Old Coin","Vajra","Astrolabe","Omamori","Lantern","StoneCalendar","Mark of the Bloom","Shuriken","Calipers"],"potions_floor_usage":[6,16,22,50],"damage_taken":[{"damage":2,"enemies":"Small Slimes","floor":1,"turns":4},{"damage":0,"enemies":"Cultist","floor":2,"turns":3},{"damage":0,"enemies":"2 Louse","floor":3,"turns":3},{"damage":0,"enemies":"Red Slaver","floor":5,"turns":3},{"damage":17,"enemies":"Gremlin Nob","floor":6,"turns":4},{"damage":0,"enemies":"Looter","floor":8,"turns":2},{"damage":0,"enemies":"Gremlin Gang","floor":10,"turns":4},{"damage":0,"enemies":"Lagavulin","floor":12,"turns":2},{"damage":0,"enemies":"Blue Slaver","floor":13,"turns":1},{"damage":0,"enemies":"Large Slime","floor":14,"turns":2},{"damage":0,"enemies":"Hexaghost","floor":16,"turns":3},{"damage":0,"enemies":"Chosen","floor":18,"turns":2},{"damage":3,"enemies":"Spheric Guardian","floor":20,"turns":1},{"damage":2,"enemies":"Shelled Parasite and Fungi","floor":22,"turns":3},{"damage":0,"enemies":"Gremlin Leader","floor":24,"turns":2},{"damage":0,"enemies":"Cultist and Chosen","floor":25,"turns":1},{"damage":0,"enemies":"Snecko","floor":27,"turns":1},{"damage":10,"enemies":"Book of Stabbing","floor":28,"turns":3},{"damage":0,"enemies":"Centurion and Healer","floor":30,"turns":1},{"damage":0,"enemies":"Snake Plant","floor":31,"turns":2},{"damage":16,"enemies":"Collector","floor":33,"turns":3},{"damage":0,"enemies":"Orb Walker","floor":35,"turns":2},{"damage":12,"enemies":"3 Shapes","floor":36,"turns":2},{"damage":0,"enemies":"Spire Growth","floor":37,"turns":2},{"damage":0,"enemies":"3 Darklings","floor":38,"turns":2},{"damage":0,"enemies":"Nemesis","floor":41,"turns":1},{"damage":19,"enemies":"Reptomancer","floor":44,"turns":3},{"damage":0,"enemies":"Sphere and 2 Shapes","floor":45,"turns":1},{"damage":0,"enemies":"Maw","floor":47,"turns":1},{"damage":0,"enemies":"Awakened One","floor":50,"turns":3}],"seed_played":"-1337064815942553990","potions_obtained":[{"floor":2,"key":"Fire Potion"},{"floor":5,"key":"EssenceOfSteel"},{"floor":8,"key":"Energy Potion"},{"floor":13,"key":"Energy Potion"},{"floor":14,"key":"Block Potion"},{"floor":18,"key":"Weak Potion"},{"floor":24,"key":"FocusPotion"},{"floor":33,"key":"Poison Potion"},{"floor":36,"key":"PowerPotion"},{"floor":47,"key":"SkillPotion"}],"is_trial":true,"path_per_floor":["M","M","M","?","M","E","R","M","T","M","$","E","M","M","R","B",null,"M","?","M","$","M","R","E","M","T","M","E","?","M","M","R","B",null,"M","M","M","M","?","R","E","R","T","E","M","?","M","$","R","B",null],"character_chosen":"DEFECT","items_purchased":["Turbo","Secret Technique","Swift Strike","Shuriken","Calipers","Dark Shackles","Scrape"],"campfire_rested":1,"item_purchase_floors":[11,11,21,48,48,48,48],"current_hp_per_floor":[66,66,66,66,66,49,49,49,49,49,49,63,63,63,63,63,70,70,69,66,66,64,64,64,63,62,61,51,51,51,51,51,35,50,50,38,38,38,38,45,44,43,42,23,23,23,23,23,23,23],"gold":160,"neow_bonus":"","is_prod":false,"is_daily":false,"chose_seed":false,"campfire_upgraded":3,"win_rate":0,"timestamp":1554583618,"path_taken":["M","M","M","?","M","E","R","?","T","?","$","E","M","M","R","BOSS","M","?","M","$","M","R","E","?","T","M","E","?","M","M","R","BOSS","M","?","M","M","?","R","E","R","T","E","M","?","M","$","R","BOSS"],"build_version":"2019-01-23","purchased_purges":0,"victory":true,"max_hp_per_floor":[73,72,71,70,69,68,67,66,65,64,63,76,75,74,73,72,71,70,69,68,67,66,65,64,63,62,61,60,59,58,57,56,55,54,53,52,51,50,46,45,44,43,42,41,40,39,38,37,36,35],"card_choices":[{"not_picked":["Headbutt","Twin Strike"],"picked":"BootSequence","floor":1},{"not_picked":["Reprogram","Conserve Battery"],"picked":"Flex","floor":2},{"not_picked":["Twin Strike","Clash"],"picked":"Go for the Eyes","floor":3},{"not_picked":["Cleave","Rebound"],"picked":"Scrape","floor":5},{"not_picked":["Armaments","Feel No Pain"],"picked":"Clash","floor":6},{"not_picked":["Disarm","Wild Strike"],"picked":"Beam Cell","floor":8},{"not_picked":["Leap","Electrodynamics","Fire Breathing"],"picked":"SKIP","floor":10},{"not_picked":["Metallicize","Flame Barrier","Evolve"],"picked":"SKIP","floor":12},{"not_picked":["Streamline","Steam Power","Defragment"],"picked":"SKIP","floor":13},{"not_picked":["Pommel Strike","Headbutt","Coolheaded"],"picked":"SKIP","floor":14},{"not_picked":["Rainbow","Hyperbeam"],"picked":"Seek","floor":16},{"not_picked":["Blood for Blood+1","Whirlwind","Sweeping Beam"],"picked":"SKIP","floor":18},{"not_picked":["Rainbow","Glacier","Wild Strike"],"picked":"SKIP","floor":20},{"not_picked":["Body Slam","Carnage"],"picked":"Stack","floor":22},{"not_picked":["Iron Wave","Reboot"],"picked":"Steam","floor":24},{"not_picked":["Carnage","Streamline+1"],"picked":"Anger","floor":25},{"not_picked":["Capacitor+1","Blizzard+1","Reckless Charge"],"picked":"SKIP","floor":27},{"not_picked":["Pommel Strike","Cold Snap","Heatsinks"],"picked":"SKIP","floor":28},{"not_picked":["Heavy Blade+1","Iron Wave+1","Storm"],"picked":"SKIP","floor":30},{"not_picked":["Rebound","Conserve Battery"],"picked":"Clash+1","floor":31},{"not_picked":["Double Tap","Multi-Cast"],"picked":"All For One","floor":33},{"not_picked":["Ball Lightning","Seeing Red"],"picked":"Reprogram","floor":35},{"not_picked":["Heavy Blade","Twin Strike+1"],"picked":"FTL","floor":36},{"not_picked":["Burning Pact","Melter"],"picked":"Infernal Blade+1","floor":37},{"not_picked":["Cleave+1","Aggregate+1"],"picked":"Headbutt+1","floor":38},{"not_picked":["Loop","True Grit","Ball Lightning"],"picked":"SKIP","floor":41},{"not_picked":["Heavy Blade+1","Redo+1","Ball Lightning+1"],"picked":"SKIP","floor":44},{"not_picked":["Second Wind","Heavy Blade+1","Sweeping Beam"],"picked":"SKIP","floor":45},{"not_picked":["Fire Breathing","Steam Power+1"],"picked":"Rage+1","floor":47}],"player_experience":1264350,"relics_obtained":[{"floor":6,"key":"Art of War"},{"floor":9,"key":"Girya"},{"floor":12,"key":"Mango"},{"floor":24,"key":"Letter Opener"},{"floor":26,"key":"Bottled Flame"},{"floor":28,"key":"Old Coin"},{"floor":41,"key":"Omamori"},{"floor":43,"key":"Lantern"},{"floor":44,"key":"StoneCalendar"}],"event_choices":[{"damage_healed":0,"gold_gain":0,"player_choice":"Upgraded","damage_taken":0,"max_hp_gain":0,"max_hp_loss":0,"event_name":"Upgrade Shrine","floor":4,"gold_loss":0,"cards_upgraded":["Zap"]},{"damage_healed":0,"gold_gain":0,"player_choice":"Traded Relic","damage_taken":0,"relics_obtained":["Nloth\u0027s Gift"],"max_hp_gain":0,"max_hp_loss":0,"event_name":"N\u0027loth","floor":19,"relics_lost":["Pandora\u0027s Box"],"gold_loss":0},{"damage_healed":0,"gold_gain":0,"player_choice":"Gave Potion","damage_taken":0,"relics_obtained":["Vajra"],"max_hp_gain":0,"max_hp_loss":0,"event_name":"WeMeetAgain","floor":29,"gold_loss":0},{"damage_healed":0,"gold_gain":0,"player_choice":"Max HP","damage_taken":0,"max_hp_gain":0,"max_hp_loss":3,"event_name":"Winding Halls","floor":39,"gold_loss":0},{"damage_healed":0,"gold_gain":0,"player_choice":"Upgrade","damage_taken":0,"relics_obtained":["Mark of the Bloom"],"max_hp_gain":0,"max_hp_loss":0,"event_name":"MindBloom","floor":46,"gold_loss":0,"cards_upgraded":["BootSequence","BootSequence","BootSequence","Flex","Flex","Flex","Go for the Eyes","Go for the Eyes","Go for the Eyes","Scrape","Scrape","Scrape","Clash","Clash","Clash","Beam Cell","Beam Cell","Beam Cell","Turbo","Turbo","Turbo","Secret Technique","Secret Technique","Secret Technique","Seek","Seek","Rip and Tear","Rip and Tear","Rip and Tear","Infernal Blade","Infernal Blade","Infernal Blade","Amplify","Amplify","Amplify","Feel No Pain","Feel No Pain","Feel No Pain","Inflame","Inflame","Inflame","Double Energy","Double Energy","Double Energy","Headbutt","Headbutt","Headbutt","Swift Strike","Swift Strike","Swift Strike","Stack","Stack","Stack","Steam","Steam","Steam","Anger","Anger","Anger","All For One","All For One","All For One","Reprogram","Reprogram","Reprogram","FTL","FTL","FTL"]}],"is_beta":false,"boss_relics":[{"not_picked":["Philosopher\u0027s Stone","Lizard Tail"],"picked":"Pandora\u0027s Box"},{"not_picked":["Velvet Choker","Snecko Eye"],"picked":"Astrolabe"}],"items_purged_floors":[],"is_endless":false,"potions_floor_spawned":[2,5,8,13,14,18,24,25,27,33,36,47],"ascension_level":10}