{"gold_per_floor":[116,116,41,60,135,170,170,66,93,93],"floor_reached":10,"playtime":534,"items_purged":["Strike_R"],"score":115,"play_id":"e057334d-32f2-4804-8994-9a613cd1aea5","local_time":"20190706212054","is_ascension_mode":true,"campfire_choices":[{"data":"Spot Weakness","floor":7,"key":"SMITH"}],"neow_cost":"NONE","seed_source_timestamp":399231212961187,"circlet_count":0,"master_deck":["AscendersBane","Strike_R","Strike_R","Strike_R","Defend_R","Defend_R","Defend_R","Defend_R","Bash+1","Thunderclap","Spot Weakness+1","True Grit"],"relics":["Burning Blood","Darkstone Periapt","Smiling Mask"],"potions_floor_usage":[6],"damage_taken":[{"damage":7,"enemies":"Small Slimes","floor":1,"turns":4},{"damage":7,"enemies":"Jaw Worm","floor":4,"turns":3},{"damage":66,"enemies":"Lagavulin","floor":6,"turns":9},{"damage":10,"enemies":"3 Sentries","floor":10,"turns":2}],"seed_played":"7184796087062711227","potions_obtained":[{"floor":1,"key":"Regen Potion"}],"is_trial":false,"path_per_floor":["M","?","?","M","?","E","R","$","T","E"],"character_chosen":"IRONCLAD","items_purchased":["True Grit"],"campfire_rested":0,"item_purchase_floors":[8],"current_hp_per_floor":[67,67,67,66,55,10,10,10,10,0],"gold":93,"neow_bonus":"UPGRADE_CARD","is_prod":false,"is_daily":false,"chose_seed":false,"campfire_upgraded":1,"win_rate":0,"timestamp":1562462454,"path_taken":["M","?","?","M","?","E","R","$","T","E"],"build_version":"2019-07-05","purchased_purges":1,"victory":false,"max_hp_per_floor":[75,75,75,75,75,75,75,75,75,75],"card_choices":[{"not_picked":["Seeing Red","Dual Wield"],"picked":"Thunderclap","floor":1},{"not_picked":["Perfected Strike","Thunderclap","Twin Strike"],"picked":"SKIP","floor":4},{"not_picked":["Headbutt","Ghostly Armor"],"picked":"Spot Weakness","floor":6}],"player_experience":195491,"relics_obtained":[{"floor":6,"key":"Darkstone Periapt"},{"floor":9,"key":"Smiling Mask"}],"event_choices":[{"damage_healed":0,"gold_gain":0,"player_choice":"Ignored","damage_taken":0,"max_hp_gain":0,"max_hp_loss":0,"event_name":"Liars Game","floor":2,"gold_loss":0},{"cards_removed":["Strike_R"],"damage_healed":0,"gold_gain":0,"player_choice":"Card Removal","damage_taken":0,"max_hp_gain":0,"max_hp_loss":0,"event_name":"The Cleric","floor":3,"gold_loss":75},{"damage_healed":0,"gold_gain":75,"player_choice":"Gather Gold","damage_taken":11,"max_hp_gain":0,"max_hp_loss":0,"event_name":"World of Goop","floor":5,"gold_loss":0}],"is_beta":false,"boss_relics":[],"items_purged_floors":[8],"is_endless":false,"potions_floor_spawned":[1],"killed_by":"3 Sentries","ascension_level":16}