{"gold_per_floor":[111,36,36,49,64,64,81,81,107,107,7,7,24,36,36,36],"floor_reached":16,"playtime":1070,"items_purged":["Strike_R","Strike_R"],"score":138,"play_id":"2ff9352f-ab54-435c-9312-fa81816582d4","local_time":"20181001231410","is_ascension_mode":true,"campfire_choices":[{"data":"Limit Break","floor":6,"key":"SMITH"},{"data":"Heavy Blade","floor":8,"key":"SMITH"},{"data":"Flex","floor":12,"key":"SMITH"},{"data":"Feed","floor":15,"key":"SMITH"}],"neow_cost":"NONE","seed_source_timestamp":985069427442455,"circlet_count":0,"master_deck":["Strike_R","Strike_R","Strike_R","Defend_R","Defend_R","Defend_R","Bash","AscendersBane","Limit Break+1","Flex+1","Heavy Blade+1","Feed+1","Twin Strike","Shrug It Off"],"relics":["Burning Blood","Red Skull"],"potions_floor_usage":[16,16,16],"damage_taken":[{"damage":3,"enemies":"2 Louse","floor":1,"turns":4},{"damage":13,"enemies":"Jaw Worm","floor":4,"turns":5},{"damage":0,"enemies":"Small Slimes","floor":5,"turns":3},{"damage":11,"enemies":"Looter","floor":7,"turns":2},{"damage":7,"enemies":"Large Slime","floor":13,"turns":6},{"damage":13,"enemies":"Blue Slaver","floor":14,"turns":3},{"damage":67,"enemies":"Slime Boss","floor":16,"turns":9}],"seed_played":"-721396327888827942","potions_obtained":[{"floor":4,"key":"Block Potion"},{"floor":5,"key":"Swift Potion"},{"floor":14,"key":"SneckoOil"}],"is_trial":false,"path_per_floor":["M","$","?","M","M","R","M","R","T","?","$","R","M","M","R"],"character_chosen":"IRONCLAD","items_purchased":[],"campfire_rested":0,"item_purchase_floors":[],"current_hp_per_floor":[75,75,75,68,74,74,69,69,69,62,62,62,64,60,60,0],"gold":36,"neow_bonus":"ONE_RANDOM_RARE_CARD","is_prod":false,"is_daily":false,"chose_seed":false,"campfire_upgraded":4,"win_rate":0,"timestamp":1538460850,"path_taken":["M","$","?","M","M","R","M","R","T","?","$","R","M","M","R","BOSS"],"build_version":"2018-09-27","purchased_purges":2,"victory":false,"max_hp_per_floor":[80,80,80,80,80,80,80,80,80,80,80,80,83,86,86,86],"card_choices":[{"not_picked":["Clothesline","Shrug It Off"],"picked":"Flex","floor":1},{"not_picked":["Headbutt","Rampage"],"picked":"Heavy Blade","floor":4},{"not_picked":["Wild Strike","Iron Wave","Warcry"],"picked":"SKIP","floor":5},{"not_picked":["Second Wind","Heavy Blade"],"picked":"Feed","floor":7},{"not_picked":["Sentinel","Cleave"],"picked":"Twin Strike","floor":13},{"not_picked":["Havoc","Seeing Red"],"picked":"Shrug It Off","floor":14}],"player_experience":857980,"relics_obtained":[{"floor":9,"key":"Red Skull"}],"event_choices":[{"event_name":"The Cleric","player_choice":"Leave","floor":3,"damage_taken":0},{"event_name":"Golden Wing","player_choice":"Card Removal","floor":10,"damage_taken":0}],"is_beta":false,"boss_relics":[],"items_purged_floors":[2,11],"is_endless":false,"potions_floor_spawned":[4,5,14],"killed_by":"Slime Boss","ascension_level":10}