{"gold_per_floor":[109,59,59,73,73,98,112,112],"floor_reached":8,"playtime":256,"items_purged":[],"score":85,"play_id":"83474598-cade-48ad-8c22-26cdada84d39","local_time":"20190815204920","is_ascension_mode":true,"campfire_choices":[],"neow_cost":"NONE","seed_source_timestamp":19804140359400,"circlet_count":0,"master_deck":["Strike_G","Strike_G","Strike_G+1","Strike_G","Defend_G","Defend_G","Defend_G","Defend_G+1","Defend_G","Survivor","Neutralize","PiercingWail","Blur","Underhanded Strike","Quick Slash"],"relics":["Ring of the Snake","NeowsBlessing","Centennial Puzzle"],"potions_floor_usage":[],"damage_taken":[{"damage":0,"enemies":"Jaw Worm","floor":1,"turns":1},{"damage":0,"enemies":"Cultist","floor":4,"turns":1},{"damage":0,"enemies":"Gremlin Nob","floor":6,"turns":1},{"damage":0,"enemies":"2 Louse","floor":7,"turns":6},{"damage":1,"enemies":"3 Sentries","floor":8,"turns":2}],"seed_played":"-2486440875159501019","potions_obtained":[{"floor":3,"key":"GhostInAJar"},{"floor":3,"key":"SmokeBomb"},{"floor":3,"key":"GamblersBrew"},{"floor":4,"key":"SteroidPotion"}],"is_trial":false,"path_per_floor":["M","?","?","M","?","E","M","E"],"character_chosen":"THE_SILENT","items_purchased":[],"campfire_rested":0,"item_purchase_floors":[],"current_hp_per_floor":[70,70,70,70,56,56,56,55],"gold":112,"neow_bonus":"THREE_ENEMY_KILL","is_prod":false,"is_daily":false,"chose_seed":false,"campfire_upgraded":0,"win_rate":0,"timestamp":1565866160,"path_taken":["M","?","?","?","?","E","M","E"],"build_version":"2019-07-17","purchased_purges":0,"victory":false,"max_hp_per_floor":[70,70,70,70,70,70,70,70],"card_choices":[{"not_picked":["Sucker Punch","Bouncing Flask"],"picked":"PiercingWail","floor":1},{"not_picked":["All Out Attack","Slice"],"picked":"Blur","floor":4},{"not_picked":["Deflect","Poisoned Stab"],"picked":"Underhanded Strike","floor":6},{"not_picked":["Slice","Calculated Gamble"],"picked":"Quick Slash","floor":7}],"player_experience":37017,"relics_obtained":[{"floor":6,"key":"Centennial Puzzle"}],"event_choices":[{"cards_removed":["Strike_G"],"damage_healed":0,"gold_gain":0,"player_choice":"Card Removal","damage_taken":0,"max_hp_gain":0,"max_hp_loss":0,"event_name":"The Cleric","floor":2,"gold_loss":50},{"damage_healed":0,"gold_gain":0,"player_choice":"Got Potions","damage_taken":0,"max_hp_gain":0,"max_hp_loss":0,"event_name":"Lab","floor":3,"gold_loss":0},{"damage_healed":0,"gold_gain":0,"player_choice":"Entered Light","damage_taken":14,"max_hp_gain":0,"max_hp_loss":0,"event_name":"Shining Light","floor":5,"gold_loss":0,"cards_upgraded":["Defend_G","Strike_G"]}],"is_beta":false,"boss_relics":[],"items_purged_floors":[],"is_endless":false,"potions_floor_spawned":[4,6,7],"killed_by":"3 Sentries","ascension_level":1}