{"gold_per_floor":[113,188,188,200,210,235,63,63,63,89,104,104,104],"floor_reached":13,"playtime":558,"items_purged":["Strike_B"],"score":121,"play_id":"f31110a7-6886-4afc-bc6e-1c852488c335","local_time":"20180818181959","is_ascension_mode":true,"campfire_choices":[{"floor":8,"key":"REST"}],"neow_cost":"NONE","seed_source_timestamp":161635687072982,"circlet_count":0,"master_deck":["Strike_B","Strike_B","Strike_B+1","Defend_B","Defend_B","Defend_B","Defend_B","Zap+1","Dualcast","Ball Lightning","Consume","Lockon","Storm","Sweeping Beam","Amplify","Barrage"],"relics":["Cracked Core","NeowsBlessing","Symbiotic Virus","Kunai","Bottled Tornado","Oddly Smooth Stone"],"potions_floor_usage":[6,13],"damage_taken":[{"damage":0,"enemies":"Small Slimes","floor":1,"turns":1},{"damage":0,"enemies":"Jaw Worm","floor":4,"turns":1},{"damage":0,"enemies":"2 Louse","floor":5,"turns":1},{"damage":25,"enemies":"Gremlin Nob","floor":6,"turns":4},{"damage":20,"enemies":"3 Sentries","floor":10,"turns":4},{"damage":11,"enemies":"Blue Slaver","floor":11,"turns":3},{"damage":12,"enemies":"Exordium Thugs","floor":13,"turns":1}],"seed_played":"7282673851488224569","potions_obtained":[{"floor":1,"key":"Block Potion"},{"floor":10,"key":"Weak Potion"},{"floor":11,"key":"Explosive Potion"}],"is_trial":false,"path_per_floor":["M","?","?","M","M","E","$","R","T","E","M","?"],"character_chosen":"DEFECT","items_purchased":["Storm","Sweeping Beam"],"campfire_rested":1,"item_purchase_floors":[7,7],"current_hp_per_floor":[68,57,42,42,42,17,17,39,39,19,8,1,0],"gold":104,"neow_bonus":"THREE_ENEMY_KILL","is_prod":false,"is_daily":false,"chose_seed":false,"campfire_upgraded":0,"win_rate":0,"timestamp":1534641599,"path_taken":["M","?","?","?","M","E","?","R","T","E","M","?","M"],"build_version":"2018-08-16","purchased_purges":1,"victory":false,"max_hp_per_floor":[75,75,75,75,75,75,75,75,75,75,75,75,75],"card_choices":[{"not_picked":["Gash","Darkness","Redo"],"picked":"SKIP","floor":1},{"not_picked":["Gash","Chill"],"picked":"Ball Lightning","floor":4},{"not_picked":["Force Field","Cold Snap"],"picked":"Consume","floor":5},{"not_picked":["Conserve Battery","Double Energy"],"picked":"Lockon","floor":6},{"not_picked":["Hologram","Go for the Eyes"],"picked":"Amplify","floor":10},{"not_picked":["Reprogram","FTL"],"picked":"Barrage","floor":11}],"player_experience":669919,"relics_obtained":[{"floor":6,"key":"Symbiotic Virus"},{"floor":9,"key":"Kunai"},{"floor":10,"key":"Bottled Tornado"}],"event_choices":[{"event_name":"World of Goop","player_choice":"Gather Gold","floor":2,"damage_taken":0},{"event_name":"Shining Light","player_choice":"Entered Light","floor":3,"damage_taken":0},{"event_name":"Scrap Ooze","player_choice":"success","floor":12,"damage_taken":7}],"is_beta":false,"boss_relics":[],"items_purged_floors":[7],"is_endless":false,"potions_floor_spawned":[1,10,11],"killed_by":"Exordium Thugs","ascension_level":6}