{"gold_per_floor":[115,190,190,190,208,237,237,265,292,292,9,109,127,146,146,242,242,260,160,160,35,55,55],"floor_reached":23,"playtime":1609,"items_purged":["Strike_R","Clash","Sword Boomerang"],"score":322,"play_id":"c7060c03-f318-46d7-a041-bd2db64858b3","local_time":"20190608231507","is_ascension_mode":true,"campfire_choices":[{"data":"Armaments","floor":7.0,"key":"SMITH"},{"data":"Flame Barrier","floor":10,"key":"SMITH"},{"data":"Shrug It Off","floor":15,"key":"SMITH"}],"neow_cost":"NONE","seed_source_timestamp":37254601328252,"circlet_count":0,"master_deck":["Bash","Shrug It Off+1","Armaments+1","Flame Barrier+1","Shrug It Off","Demon Form+1","Twin Strike","Infernal Blade","Headbutt","Pummel","Impervious"],"special_seed":0,"relics":["Burning Blood","NeowsBlessing","Ornamental Fan","Dream Catcher","Red Skull","Orichalcum","Medical Kit","Pandora\u0027s Box"],"potions_floor_usage":[8,23],"damage_taken":[{"damage":0.0,"enemies":"2 Louse","floor":1.0,"turns":1.0},{"damage":0.0,"enemies":"Small Slimes","floor":5.0,"turns":1.0},{"damage":0.0,"enemies":"Lagavulin","floor":6.0,"turns":1.0},{"damage":20,"enemies":"Gremlin Nob","floor":8,"turns":4},{"damage":0,"enemies":"Jaw Worm","floor":13,"turns":6},{"damage":5,"enemies":"Red Slaver","floor":14,"turns":4},{"damage":41,"enemies":"Hexaghost","floor":16,"turns":18},{"damage":16,"enemies":"Spheric Guardian","floor":18,"turns":7},{"damage":1,"enemies":"3 Byrds","floor":22,"turns":6},{"damage":81,"enemies":"Gremlin Leader","floor":23,"turns":8}],"seed_played":"8331757201519071724","potions_obtained":[{"floor":1.0,"key":"BloodPotion"},{"floor":6.0,"key":"FearPotion"},{"floor":22,"key":"SpeedPotion"}],"is_trial":false,"path_per_floor":["M","?","?","T","M","E","R","E","T","R","$","?","M","M","R","B",null,"M","$","?","$","M","E"],"character_chosen":"IRONCLAD","items_purchased":["Medical Kit"],"campfire_rested":0,"item_purchase_floors":[11],"current_hp_per_floor":[78,67,60,60,66,72,72,58,58,58,58,58,64,65,65,30,68,58,58,58,58,63,0],"gold":55,"neow_bonus":"THREE_ENEMY_KILL","is_prod":false,"is_daily":false,"chose_seed":false,"campfire_upgraded":3,"win_rate":0,"timestamp":1560050107,"path_taken":["M","?","?","?","?","E","R","E","T","R","$","?","M","M","R","BOSS","M","?","?","$","?","E"],"build_version":"2019-01-23","purchased_purges":3,"victory":false,"max_hp_per_floor":[80,80,80,80,80,80,80,80,80,80,80,80,80,80,80,80,80,80,80,80,80,80,80],"card_choices":[{"not_picked":["Disarm","Carnage"],"picked":"Shrug It Off","floor":1.0},{"not_picked":["Clothesline","Heavy Blade"],"picked":"Armaments","floor":5.0},{"not_picked":["Uppercut","Berserk","Iron Wave"],"picked":"SKIP","floor":6.0},{"not_picked":["Rage","Thunderclap"],"picked":"Flame Barrier","floor":8},{"not_picked":["Iron Wave","Combust","Seeing Red"],"picked":"SKIP","floor":13},{"not_picked":["True Grit","Perfected Strike"],"picked":"Shrug It Off","floor":14},{"not_picked":["Feed","Double Tap"],"picked":"Demon Form","floor":16},{"not_picked":["Anger+1","Carnage","Wild Strike"],"picked":"SKIP","floor":18},{"not_picked":["Pummel","Metallicize","Sever Soul"],"picked":"SKIP","floor":22}],"player_experience":126682,"relics_obtained":[{"floor":4.0,"key":"Ornamental Fan"},{"floor":6.0,"key":"Dream Catcher"},{"floor":8,"key":"Red Skull"},{"floor":9,"key":"Orichalcum"}],"event_choices":[{"damage_healed":0.0,"max_hp_gain":0.0,"max_hp_loss":0.0,"gold_gain":75.0,"event_name":"World of Goop","player_choice":"Gather Gold","floor":2.0,"gold_loss":0.0,"damage_taken":11.0},{"cards_removed":["Strike_R"],"damage_healed":0.0,"max_hp_gain":0.0,"max_hp_loss":0.0,"gold_gain":0.0,"event_name":"Golden Wing","player_choice":"Card Removal","floor":3.0,"gold_loss":0.0,"damage_taken":7.0},{"damage_healed":0,"gold_gain":100,"player_choice":"Pray","damage_taken":0,"max_hp_gain":0,"max_hp_loss":0,"event_name":"Golden Shrine","floor":12,"gold_loss":0},{"damage_healed":0,"gold_gain":0,"player_choice":"Forge","damage_taken":0,"max_hp_gain":0,"max_hp_loss":0,"event_name":"Accursed Blacksmith","floor":20,"gold_loss":0,"cards_upgraded":["Demon Form"]}],"is_beta":false,"boss_relics":[{"not_picked":["Eternal Feather","Busted Crown"],"picked":"Pandora\u0027s Box"}],"items_purged_floors":[11,19,21],"is_endless":false,"potions_floor_spawned":[1,6,22],"killed_by":"Gremlin Leader","ascension_level":9}