{"gold_per_floor":[112,65,83,94,113,113,38,38,64,64,95,110,141,141,141,217,217,232,132,144,144,46,73,73,73],"floor_reached":25,"playtime":7060,"items_purged":["Strike_R","Strike_R"],"score":401,"play_id":"eb46c8ea-b880-4bc1-b07e-9d896c049689","local_time":"20190124131907","is_ascension_mode":true,"campfire_choices":[{"floor":6.0,"key":"REST"},{"data":"Heavy Blade","floor":8.0,"key":"SMITH"},{"data":"Armaments","floor":10.0,"key":"SMITH"},{"floor":15.0,"key":"REST"},{"floor":24,"key":"REST"}],"neow_cost":"PERCENT_DAMAGE","seed_source_timestamp":0,"circlet_count":0,"master_deck":["AscendersBane","Strike_R","Defend_R","Defend_R","Defend_R","Bash","Heavy Blade+1","Flex","Armaments+1","Flex","Twin Strike","Double Tap","Twin Strike","Shrug It Off","Limit Break","Sword Boomerang","Limit Break","Inflame","Cleave","True Grit"],"special_seed":0,"relics":["Burning Blood","Bronze Scales","Boot","Blood Vial","Mark of Pain","Question Card"],"potions_floor_usage":[16,20],"damage_taken":[{"damage":2.0,"enemies":"2 Louse","floor":1.0,"turns":3.0},{"damage":0.0,"enemies":"Cultist","floor":3.0,"turns":2.0},{"damage":9.0,"enemies":"Small Slimes","floor":4.0,"turns":4.0},{"damage":33.0,"enemies":"Exordium Thugs","floor":5.0,"turns":7.0},{"damage":32.0,"enemies":"3 Sentries","floor":11.0,"turns":8.0},{"damage":1.0,"enemies":"Exordium Wildlife","floor":12.0,"turns":3.0},{"damage":20.0,"enemies":"Lagavulin","floor":13.0,"turns":4.0},{"damage":28,"enemies":"Slime Boss","floor":16,"turns":10},{"damage":19,"enemies":"Spheric Guardian","floor":18,"turns":4},{"damage":8,"enemies":"Shell Parasite","floor":20,"turns":3},{"damage":50,"enemies":"Slavers","floor":23,"turns":4},{"damage":37,"enemies":"Centurion and Healer","floor":25,"turns":4}],"seed_played":"3828924616869759529","potions_obtained":[{"floor":5.0,"key":"Explosive Potion"},{"floor":12.0,"key":"Weak Potion"},{"floor":13.0,"key":"SkillPotion"},{"floor":16,"key":"Block Potion"},{"floor":23,"key":"Ancient Potion"}],"is_trial":false,"path_per_floor":["M","$","M","M","M","R","$","R","T","R","E","M","E","?","R","B",null,"M","$","M","?","$","E","R","M"],"character_chosen":"IRONCLAD","items_purchased":["Flex","Inflame","Cleave"],"campfire_rested":3,"item_purchase_floors":[2,22,22],"current_hp_per_floor":[54,54,60,57,30,52,52,52,52,52,26,31,17,17,39,19,61,50,50,50,50,50,8,30,0],"gold":73,"neow_bonus":"REMOVE_TWO","is_prod":false,"is_daily":false,"chose_seed":false,"campfire_upgraded":2,"win_rate":0,"timestamp":1548364747,"path_taken":["M","$","M","M","M","R","$","R","T","R","E","M","E","?","R","BOSS","M","$","?","?","?","E","R","M"],"build_version":"2019-01-23","purchased_purges":2,"victory":false,"max_hp_per_floor":[75,75,75,75,75,75,75,75,75,75,75,75,75,75,75,75,75,75,75,75,75,75,75,75,75],"card_choices":[{"not_picked":["Anger","Power Through"],"picked":"Heavy Blade","floor":1.0},{"not_picked":["Feel No Pain","Second Wind"],"picked":"Armaments","floor":3.0},{"not_picked":["Heavy Blade","Warcry"],"picked":"Flex","floor":4.0},{"not_picked":["Havoc","Shrug It Off"],"picked":"Twin Strike","floor":5.0},{"not_picked":["Disarm","Metallicize"],"picked":"Double Tap","floor":11.0},{"not_picked":["Shrug It Off","Wild Strike"],"picked":"Twin Strike","floor":12.0},{"not_picked":["Pommel Strike","Flame Barrier"],"picked":"Shrug It Off","floor":13.0},{"not_picked":["Exhume","Berserk"],"picked":"Limit Break","floor":16},{"not_picked":["Warcry+1","Shrug It Off"],"picked":"Sword Boomerang","floor":18},{"not_picked":["Carnage","Pommel Strike","Dual Wield"],"picked":"SKIP","floor":20},{"not_picked":["Reckless Charge","Disarm"],"picked":"True Grit","floor":23}],"player_experience":1140823,"relics_obtained":[{"floor":9.0,"key":"Bronze Scales"},{"floor":11.0,"key":"Boot"},{"floor":13.0,"key":"Blood Vial"},{"floor":23,"key":"Question Card"}],"event_choices":[{"cards_removed":["Strike_R"],"damage_healed":0.0,"max_hp_gain":0.0,"max_hp_loss":0.0,"gold_gain":0.0,"event_name":"Bonfire Elementals","player_choice":"Offered Basic","floor":14.0,"gold_loss":0.0,"damage_taken":0.0},{"damage_healed":0,"gold_gain":0,"player_choice":"Copied","damage_taken":0,"max_hp_gain":0,"max_hp_loss":0,"event_name":"Duplicator","floor":21,"gold_loss":0,"cards_obtained":["Limit Break"]}],"is_beta":false,"boss_relics":[{"not_picked":["Runic Cube","Sozu"],"picked":"Mark of Pain"}],"items_purged_floors":[7,19],"is_endless":false,"potions_floor_spawned":[5,12,13,16,23],"killed_by":"Centurion and Healer","ascension_level":15}