{"gold_per_floor":[118,135,60,79,150,179,191,191,238,55,84,126,138,181,193,205],"floor_reached":16,"playtime":1732,"items_purged":["Strike_G"],"score":144,"play_id":"1364a14d-3c81-4c11-9255-b2607a83871c","local_time":"20180813144703","is_ascension_mode":true,"campfire_choices":[{"floor":8,"key":"REST"},{"floor":13,"key":"REST"},{"floor":15,"key":"REST"}],"neow_cost":"TEN_PERCENT_HP_LOSS","seed_source_timestamp":636452166982769,"circlet_count":0,"master_deck":["Defend_G","Defend_G","Defend_G","Defend_G","Strike_G","Strike_G","Strike_G","Survivor","Neutralize","Blade Dance","Terror","Blade Dance","Storm of Steel","Infinite Blades"],"relics":["Ring of the Snake","Dodecahedron","Vajra","Orichalcum","MawBank","Matryoshka","Singing Bowl"],"potions_floor_usage":[14,16],"damage_taken":[{"damage":0,"enemies":"Cultist","floor":1,"turns":4},{"damage":11,"enemies":"Jaw Worm","floor":2,"turns":4},{"damage":0,"enemies":"2 Louse","floor":4,"turns":4},{"damage":32,"enemies":"Lagavulin","floor":6,"turns":8},{"damage":3,"enemies":"Exordium Thugs","floor":7,"turns":4},{"damage":12,"enemies":"Lots of Slimes","floor":11,"turns":4},{"damage":15,"enemies":"Gremlin Nob","floor":12,"turns":4},{"damage":8,"enemies":"3 Sentries","floor":14,"turns":6},{"damage":44,"enemies":"Slime Boss","floor":16,"turns":9}],"seed_played":"-5762353810731978107","potions_obtained":[{"floor":4,"key":"SneckoOil"},{"floor":7,"key":"Dexterity Potion"},{"floor":14,"key":"LiquidBronze"}],"is_trial":false,"path_per_floor":["M","M","$","M","T","E","M","R","T","$","M","E","R","E","R"],"character_chosen":"THE_SILENT","items_purchased":["Infinite Blades","MawBank"],"campfire_rested":3,"item_purchase_floors":[10,10],"current_hp_per_floor":[63,52,52,52,52,20,17,35,35,35,23,8,26,20,39,0],"gold":205,"neow_bonus":"REMOVE_TWO","is_prod":false,"is_daily":false,"chose_seed":false,"campfire_upgraded":0,"win_rate":0,"timestamp":1534196823,"path_taken":["M","M","$","M","?","E","?","R","T","$","M","E","R","E","R","BOSS"],"build_version":"2018-08-09","purchased_purges":1,"victory":false,"max_hp_per_floor":[63,63,63,63,63,63,63,63,63,63,63,63,63,65,65,65],"card_choices":[{"not_picked":["Slice","Poisoned Stab"],"picked":"Blade Dance","floor":1},{"not_picked":["Concentrate","Dagger Spray"],"picked":"Terror","floor":2},{"not_picked":["Flying Knee","Bouncing Flask"],"picked":"Blade Dance","floor":4},{"not_picked":["Dash","Distraction"],"picked":"Storm of Steel","floor":6},{"not_picked":["Prepared","Underhanded Strike","Dagger Throw"],"picked":"SKIP","floor":7},{"not_picked":["Riddle With Holes","Deadly Poison","PiercingWail"],"picked":"SKIP","floor":11},{"not_picked":["Bullet Time","Dodge and Roll","Bane"],"picked":"SKIP","floor":12},{"not_picked":["All Out Attack","Prepared","Dagger Throw"],"picked":"Singing Bowl","floor":14}],"player_experience":640094,"relics_obtained":[{"floor":5,"key":"Dodecahedron"},{"floor":6,"key":"Vajra"},{"floor":9,"key":"Orichalcum"},{"floor":12,"key":"Matryoshka"},{"floor":14,"key":"Singing Bowl"}],"event_choices":[],"is_beta":false,"boss_relics":[],"items_purged_floors":[3],"is_endless":false,"potions_floor_spawned":[4,7,14],"killed_by":"Slime Boss","ascension_level":4}