{"gold_per_floor":[113,113,20,20,39,39,72,72,72,72,72,107,107,167,167,245,245,257,257,268,158,176,205,217,257,269,281,310,357,389,412,424,510,572,604,631,643,235,215,248,54,54],"floor_reached":42,"playtime":2749,"items_purged":["Injury","Strike_R"],"score":1150,"play_id":"b41aafa7-fe0d-4667-b438-16bdb7739b88","local_time":"20190816020306","is_ascension_mode":true,"campfire_choices":[{"data":"Bash","floor":6.0,"key":"SMITH"},{"data":"Fiend Fire","floor":10.0,"key":"SMITH"},{"data":"Rupture","floor":13.0,"key":"SMITH"},{"data":"Bludgeon","floor":15.0,"key":"SMITH"},{"floor":24.0,"key":"REST"},{"data":"Inflame","floor":27.0,"key":"SMITH"},{"data":"Battle Trance","floor":32.0,"key":"SMITH"}],"neow_cost":"NONE","seed_source_timestamp":1478069332090701,"circlet_count":0,"master_deck":["AscendersBane","Defend_R","Defend_R","Defend_R","Defend_R","Bash+1","Iron Wave","Combust","Clothesline","Pommel Strike+1","Fiend Fire+1","Rupture+1","Bludgeon+1","Reaper","Uppercut+1","Battle Trance+1","Shrug It Off+1","Inflame+1","Disarm","Reaper","Disarm","Impervious","Disarm","Metallicize+1","Inflame","Violence","True Grit+1","PanicButton"],"special_seed":0,"relics":["Burning Blood","NeowsBlessing","CultistMask","Red Skull","Unceasing Top","Lantern","Tiny Chest","Cursed Key","MawBank","Meat on the Bone","Bag of Marbles","Mercury Hourglass","Tiny House","Anchor","Blue Candle"],"potions_floor_usage":[42],"damage_taken":[{"damage":0.0,"enemies":"Jaw Worm","floor":1.0,"turns":1.0},{"damage":0.0,"enemies":"Cultist","floor":5.0,"turns":1.0},{"damage":0.0,"enemies":"Gremlin Nob","floor":7.0,"turns":1.0},{"damage":28.0,"enemies":"Lagavulin","floor":12.0,"turns":4.0},{"damage":8.0,"enemies":"Gremlin Nob","floor":14.0,"turns":3.0},{"damage":3.0,"enemies":"Slime Boss","floor":16.0,"turns":4.0},{"damage":11.0,"enemies":"Spheric Guardian","floor":18.0,"turns":3.0},{"damage":28.0,"enemies":"Shell Parasite","floor":20.0,"turns":4.0},{"damage":19.0,"enemies":"Cultist and Chosen","floor":22.0,"turns":6.0},{"damage":24.0,"enemies":"Gremlin Leader","floor":23.0,"turns":4.0},{"damage":30.0,"enemies":"Book of Stabbing","floor":25.0,"turns":4.0},{"damage":11.0,"enemies":"3 Cultists","floor":28.0,"turns":4.0},{"damage":28.0,"enemies":"Gremlin Leader","floor":29.0,"turns":4.0},{"damage":26.0,"enemies":"Shelled Parasite and Fungi","floor":30.0,"turns":3.0},{"damage":10.0,"enemies":"Snecko","floor":31.0,"turns":3.0},{"damage":78.0,"enemies":"Collector","floor":33.0,"turns":6.0},{"damage":11.0,"enemies":"Orb Walker","floor":35.0,"turns":2.0},{"damage":0.0,"enemies":"3 Shapes","floor":36.0,"turns":10.0},{"damage":24.0,"enemies":"Nemesis","floor":40.0,"turns":7.0},{"damage":85,"enemies":"Reptomancer","floor":42,"turns":2}],"seed_played":"-7063144838201169638","potions_obtained":[{"floor":7.0,"key":"Ancient Potion"},{"floor":12.0,"key":"Dexterity Potion"},{"floor":14.0,"key":"PowerPotion"},{"floor":20.0,"key":"EssenceOfSteel"},{"floor":22.0,"key":"Weak Potion"},{"floor":25.0,"key":"Strength Potion"},{"floor":33.0,"key":"BloodPotion"},{"floor":34.0,"key":"BloodPotion"}],"is_trial":false,"path_per_floor":["M","?","$","?","M","R","E","$","T","R","?","E","R","E","R","B",null,"M","?","M","?","M","E","R","E","T","R","M","E","M","M","R","B",null,"M","M","?","$","?","E","$","E"],"character_chosen":"IRONCLAD","items_purchased":["Combust","Clothesline","Anchor","Violence","PanicButton"],"campfire_rested":1,"item_purchase_floors":[3,3,38,38,41],"current_hp_per_floor":[74,74,74,74,75,75,75,75,75,75,68,46,46,44,44,47,68,63,42,20,20,21,24,48,37,37,37,62,52,52,56,56,26,72,73,85,85,85,85,75,75,0],"gold":54,"neow_bonus":"THREE_ENEMY_KILL","is_prod":false,"is_daily":false,"chose_seed":false,"campfire_upgraded":6,"win_rate":0,"timestamp":1565935386,"path_taken":["M","?","$","?","?","R","E","?","T","R","?","E","R","E","R","BOSS","M","?","M","?","M","E","R","E","T","R","M","E","M","?","R","BOSS","M","?","?","$","?","E","$","E"],"build_version":"2019-07-17","purchased_purges":2,"victory":false,"max_hp_per_floor":[75,75,75,75,75,75,75,75,75,75,75,75,75,75,75,75,75,75,80,80,80,80,80,80,80,80,80,80,80,80,80,80,80,85,85,85,85,85,85,85,85,85],"card_choices":[{"not_picked":["Flex","Havoc"],"picked":"Iron Wave","floor":1.0},{"not_picked":["Iron Wave","Body Slam"],"picked":"Pommel Strike","floor":5.0},{"not_picked":["Burning Pact","Pommel Strike"],"picked":"Fiend Fire","floor":7.0},{"not_picked":["Sentinel","Twin Strike"],"picked":"Rupture","floor":12.0},{"not_picked":["Second Wind","Headbutt"],"picked":"Bludgeon","floor":14.0},{"not_picked":["Feed","Dark Embrace"],"picked":"Reaper","floor":16.0},{"not_picked":["Bloodletting","Pommel Strike"],"picked":"Uppercut+1","floor":18.0},{"not_picked":["Thunderclap","Evolve","Pommel Strike"],"picked":"SKIP","floor":20.0},{"not_picked":["Second Wind","Flex"],"picked":"Battle Trance","floor":22.0},{"not_picked":["Iron Wave","Body Slam"],"picked":"Shrug It Off","floor":23.0},{"not_picked":["Anger","Pommel Strike"],"picked":"Inflame","floor":25.0},{"not_picked":["Body Slam","Clothesline"],"picked":"Disarm","floor":28.0},{"not_picked":["Berserk","Fire Breathing+1"],"picked":"Reaper","floor":29.0},{"not_picked":["Clash","Perfected Strike"],"picked":"Disarm","floor":30.0},{"not_picked":["Warcry","True Grit","Flex+1"],"picked":"SKIP","floor":31.0},{"not_picked":["Feed","Reaper"],"picked":"Impervious","floor":33.0},{"not_picked":["Armaments","Fire Breathing"],"picked":"Disarm","floor":34.0},{"not_picked":["Hemokinesis","Wild Strike+1"],"picked":"Metallicize+1","floor":35.0},{"not_picked":["Cleave","Twin Strike"],"picked":"Inflame","floor":36.0},{"not_picked":["Carnage","Juggernaut"],"picked":"True Grit+1","floor":40.0}],"player_experience":562641,"relics_obtained":[{"floor":7.0,"key":"Red Skull"},{"floor":9.0,"key":"Unceasing Top"},{"floor":12.0,"key":"Lantern"},{"floor":14.0,"key":"Tiny Chest"},{"floor":23.0,"key":"MawBank"},{"floor":25.0,"key":"Meat on the Bone"},{"floor":26.0,"key":"Bag of Marbles"},{"floor":29.0,"key":"Mercury Hourglass"},{"floor":40.0,"key":"Blue Candle"}],"event_choices":[{"cards_removed":["Strike_R"],"damage_healed":0.0,"max_hp_gain":0.0,"max_hp_loss":0.0,"gold_gain":0.0,"event_name":"Living Wall","player_choice":"Forget","floor":2.0,"gold_loss":0.0,"damage_taken":0.0},{"damage_healed":0.0,"max_hp_gain":0.0,"max_hp_loss":0.0,"gold_gain":0.0,"event_name":"FaceTrader","player_choice":"Trade","floor":4.0,"gold_loss":0.0,"damage_taken":0.0,"relics_obtained":["CultistMask"]},{"cards_removed":["Strike_R"],"damage_healed":0.0,"max_hp_gain":0.0,"max_hp_loss":0.0,"gold_gain":0.0,"event_name":"Golden Wing","player_choice":"Card Removal","floor":11.0,"gold_loss":0.0,"damage_taken":7.0},{"damage_healed":0.0,"max_hp_gain":5.0,"max_hp_loss":0.0,"gold_gain":0.0,"event_name":"Forgotten Altar","player_choice":"Shed Blood","floor":19.0,"gold_loss":0.0,"damage_taken":26.0},{"cards_removed":["Strike_R"],"damage_healed":0.0,"max_hp_gain":0.0,"max_hp_loss":0.0,"gold_gain":0.0,"event_name":"Designer","player_choice":"Upgrade and Remove","floor":21.0,"gold_loss":110.0,"damage_taken":0.0,"cards_upgraded":["Pommel Strike"]},{"cards_removed":["Strike_R"],"damage_healed":0.0,"max_hp_gain":0.0,"max_hp_loss":0.0,"gold_gain":0.0,"event_name":"Falling","player_choice":"Removed Attack","floor":37.0,"gold_loss":0.0,"damage_taken":0.0},{"damage_healed":0.0,"max_hp_gain":0.0,"max_hp_loss":0.0,"gold_gain":0.0,"event_name":"The Woman in Blue","player_choice":"Bought 1 Potion","floor":39.0,"gold_loss":0.0,"damage_taken":0.0}],"is_beta":false,"boss_relics":[{"not_picked":["Mark of Pain","Eternal Feather"],"picked":"Cursed Key"},{"not_picked":["Calling Bell","Philosopher\u0027s Stone"],"picked":"Tiny House"}],"items_purged_floors":[38,41],"is_endless":false,"potions_floor_spawned":[7,12,14,20,22,25,33],"killed_by":"Reptomancer","ascension_level":20}