{"gold_per_floor":[117,117,117,42,54,84,84,84,137,87,87,119,119,132,132,251,251,272,272,371,371,386,429,429,472,472,472,572,572,613,637,637,757,757,778,801,820,235,235,235,274,274,274,290,290,136,159,159,159,159,159,159,13,47,47],"floor_reached":56,"playtime":6791,"items_purged":["Strike_B","Static Discharge"],"score":1826,"play_id":"eecb3311-1577-4103-9e34-e640add83149","local_time":"20190731221842","is_ascension_mode":true,"campfire_choices":[{"data":"Zap","floor":8.0,"key":"SMITH"},{"floor":11.0,"key":"RECALL"},{"data":"Loop","floor":15.0,"key":"SMITH"},{"data":"Loop","floor":24.0,"key":"SMITH"},{"data":"Capacitor","floor":27.0,"key":"SMITH"},{"data":"Loop","floor":29.0,"key":"SMITH"},{"data":"Biased Cognition","floor":32.0,"key":"SMITH"},{"data":"Ball Lightning","floor":40.0,"key":"PURGE"},{"data":"FTL","floor":42.0,"key":"PURGE"},{"data":"Echo Form","floor":49.0,"key":"SMITH"},{"data":"Meteor Strike","floor":52,"key":"PURGE"}],"neow_cost":"TEN_PERCENT_HP_LOSS","seed_source_timestamp":164361984534663,"circlet_count":0,"master_deck":["Zap+1","Dualcast+1","Glacier+1","Loop+1","Seek+1","Reboot+1","Biased Cognition+1","Darkness+1","Echo Form+1","Chill+1","Glacier+1","Ghostly+1","Ghostly+1","Ghostly+1","Ghostly+1","Ghostly+1","Loop+1","Loop+1","Capacitor+1","Conserve Battery+1","Redo+1","Hologram+1","Defragment+1","Turbo+1","Master of Strategy+1","Capacitor","Turbo+1","Conserve Battery+1","Double Energy+1"],"special_seed":0,"relics":["Cracked Core","Ice Cream","DataDisk","Toxic Egg 2","Bag of Preparation","Darkstone Periapt","Golden Idol","Pandora\u0027s Box","Anchor","Omamori","Potion Belt","Symbiotic Virus","Cursed Key","Strange Spoon","Peace Pipe","Blood Vial","Cables","Art of War","Bottled Lightning","Mango"],"potions_floor_usage":[50,50,55],"damage_taken":[{"damage":0.0,"enemies":"2 Louse","floor":1.0,"turns":2.0},{"damage":1.0,"enemies":"Small Slimes","floor":5.0,"turns":3.0},{"damage":9.0,"enemies":"Lagavulin","floor":6.0,"turns":5.0},{"damage":7.0,"enemies":"Gremlin Nob","floor":12.0,"turns":5.0},{"damage":0.0,"enemies":"Cultist","floor":14.0,"turns":2.0},{"damage":14.0,"enemies":"Slime Boss","floor":16.0,"turns":9.0},{"damage":0.0,"enemies":"Shell Parasite","floor":18.0,"turns":4.0},{"damage":0.0,"enemies":"2 Thieves","floor":22.0,"turns":4.0},{"damage":0.0,"enemies":"Gremlin Leader","floor":23.0,"turns":7.0},{"damage":1.0,"enemies":"Slavers","floor":25.0,"turns":6.0},{"damage":0.0,"enemies":"Book of Stabbing","floor":30.0,"turns":4.0},{"damage":0.0,"enemies":"Sentry and Sphere","floor":31.0,"turns":4.0},{"damage":0.0,"enemies":"Collector","floor":33.0,"turns":7.0},{"damage":2.0,"enemies":"3 Darklings","floor":35.0,"turns":4.0},{"damage":0.0,"enemies":"3 Shapes","floor":36.0,"turns":4.0},{"damage":0.0,"enemies":"Sphere and 2 Shapes","floor":37.0,"turns":4.0},{"damage":0.0,"enemies":"Nemesis","floor":41.0,"turns":3.0},{"damage":0.0,"enemies":"Writhing Mass","floor":44.0,"turns":3.0},{"damage":1.0,"enemies":"Transient","floor":47.0,"turns":5.0},{"damage":3,"enemies":"Awakened One","floor":50,"turns":15},{"damage":0,"enemies":"Shield and Spear","floor":54,"turns":4},{"damage":14,"enemies":"The Heart","floor":55,"turns":7}],"seed_played":"5369357367975042060","potions_obtained":[{"floor":6.0,"key":"SneckoOil"},{"floor":14.0,"key":"LiquidBronze"},{"floor":23.0,"key":"Fruit Juice"},{"floor":25.0,"key":"Energy Potion"},{"floor":30.0,"key":"Poison Potion"},{"floor":33.0,"key":"Energy Potion"},{"floor":35.0,"key":"Explosive Potion"},{"floor":36.0,"key":"SmokeBomb"}],"is_trial":false,"path_per_floor":["M","?","?","$","M","E","?","R","T","?","R","E","?","M","R","B",null,"M","?","?","?","M","E","R","E","T","R","?","R","E","M","R","B",null,"M","M","M","$","?","R","E","R","T","M","?","$","M","T","R","B",null,"R","$","E","B",null],"character_chosen":"DEFECT","items_purchased":["Strange Spoon","Peace Pipe","Art of War","Capacitor","Turbo+1","Conserve Battery+1"],"campfire_rested":0,"item_purchase_floors":[38,38,46,53,53,53],"current_hp_per_floor":[68,65,51,51,50,41,41,41,41,41,41,34,34,34,34,20,52,52,31,31,31,31,36,36,35,35,35,35,35,35,35,35,35,36,34,34,34,34,34,34,34,34,34,36,36,36,35,35,35,33,35,35,35,50,36],"gold":47,"neow_bonus":"ONE_RARE_RELIC","is_prod":false,"is_daily":false,"chose_seed":false,"campfire_upgraded":7,"win_rate":0,"timestamp":1564625922,"path_taken":["M","?","?","$","M","E","?","R","T","?","R","E","?","M","R","BOSS","M","?","?","?","?","E","R","E","T","R","?","R","E","?","R","BOSS","M","?","M","$","?","R","E","R","T","M","?","$","M","?","R","BOSS","R","$","E","BOSS"],"build_version":"2019-07-17","purchased_purges":2,"victory":true,"max_hp_per_floor":[68,68,68,68,68,68,68,68,68,68,68,68,63,63,63,63,63,63,31,31,31,31,36,36,36,36,36,36,36,36,36,36,36,36,36,36,36,36,36,36,36,36,36,36,36,36,36,36,36,36,36,36,36,50,50],"card_choices":[{"not_picked":["Redo","Hologram"],"picked":"Glacier","floor":1.0},{"not_picked":["Fusion","Conserve Battery"],"picked":"Ball Lightning","floor":5.0},{"not_picked":["Streamline","Hello World"],"picked":"FTL","floor":6.0},{"not_picked":["Rebound","Conserve Battery+1"],"picked":"Loop","floor":12.0},{"not_picked":["Force Field+1","Genetic Algorithm+1"],"picked":"Seek+1","floor":14.0},{"not_picked":["Rainbow+1","Amplify+1"],"picked":"Reboot+1","floor":16.0},{"not_picked":["Ball Lightning","Barrage"],"picked":"Glacier+1","floor":18.0},{"not_picked":["Genetic Algorithm+1","Compile Driver"],"picked":"Loop","floor":22.0},{"not_picked":["Reprogram+1","Undo+1"],"picked":"Loop","floor":23.0},{"not_picked":["Gash+1","Rip and Tear+1"],"picked":"Capacitor","floor":25.0},{"not_picked":["Sweeping Beam","Ball Lightning"],"picked":"Conserve Battery+1","floor":30.0},{"not_picked":["Skim+1","Barrage"],"picked":"Redo+1","floor":31.0},{"not_picked":["Rainbow+1","Reboot+1"],"picked":"Meteor Strike","floor":33.0},{"not_picked":["Barrage+1","Rebound+1"],"picked":"Hologram+1","floor":35.0},{"not_picked":["Doom and Gloom","Aggregate+1"],"picked":"Defragment+1","floor":36.0},{"not_picked":["Static Discharge+1","Stack+1"],"picked":"Turbo+1","floor":37.0},{"not_picked":["Force Field+1","Aggregate+1","Hello World"],"picked":"SKIP","floor":41.0},{"not_picked":["Conserve Battery+1","Barrage","Gash+1"],"picked":"SKIP","floor":44.0},{"not_picked":["Enlightenment+1","The Bomb+1"],"picked":"Master of Strategy+1","floor":45.0},{"not_picked":["Cold Snap","Stack+1","Streamline"],"picked":"SKIP","floor":47.0},{"not_picked":["Coolheaded+1","Steam+1"],"picked":"Double Energy+1","floor":54}],"player_experience":309450,"relics_obtained":[{"floor":6.0,"key":"Toxic Egg 2"},{"floor":9.0,"key":"Bag of Preparation"},{"floor":12.0,"key":"Darkstone Periapt"},{"floor":21.0,"key":"Anchor"},{"floor":23.0,"key":"Omamori"},{"floor":25.0,"key":"Potion Belt"},{"floor":30.0,"key":"Symbiotic Virus"},{"floor":41.0,"key":"Blood Vial"},{"floor":43.0,"key":"Cables"},{"floor":48.0,"key":"Bottled Lightning"},{"floor":54,"key":"Mango"}],"event_choices":[{"damage_healed":0.0,"max_hp_gain":0.0,"max_hp_loss":0.0,"gold_gain":0.0,"event_name":"Scrap Ooze","player_choice":"Success","floor":2.0,"gold_loss":0.0,"damage_taken":3.0,"relics_obtained":["DataDisk"]},{"damage_healed":0.0,"max_hp_gain":0.0,"max_hp_loss":0.0,"gold_gain":0.0,"event_name":"Shining Light","player_choice":"Entered Light","floor":3.0,"gold_loss":0.0,"damage_taken":14.0,"cards_upgraded":["Dualcast","Glacier"]},{"cards_removed":["Strike_B"],"damage_healed":0.0,"max_hp_gain":0.0,"max_hp_loss":0.0,"gold_gain":0.0,"event_name":"Living Wall","player_choice":"Forget","floor":7.0,"gold_loss":0.0,"damage_taken":0.0},{"cards_removed":["Strike_B"],"damage_healed":0.0,"max_hp_gain":0.0,"max_hp_loss":0.0,"gold_gain":0.0,"event_name":"The Cleric","player_choice":"Card Removal","floor":10.0,"gold_loss":50.0,"damage_taken":0.0},{"damage_healed":0.0,"max_hp_gain":0.0,"max_hp_loss":5.0,"gold_gain":0.0,"event_name":"Golden Idol","player_choice":"Lose Max HP","floor":13.0,"gold_loss":0.0,"damage_taken":0.0,"relics_obtained":["Golden Idol"]},{"damage_healed":0.0,"max_hp_gain":0.0,"max_hp_loss":32.0,"gold_gain":0.0,"event_name":"Ghosts","player_choice":"Became a Ghost","floor":19.0,"gold_loss":0.0,"damage_taken":0.0,"cards_obtained":["Ghostly","Ghostly","Ghostly","Ghostly","Ghostly"]},{"damage_healed":0.0,"max_hp_gain":0.0,"max_hp_loss":0.0,"gold_gain":99.0,"event_name":"Nest","player_choice":"Stole From Cult","floor":20.0,"gold_loss":0.0,"damage_taken":0.0},{"damage_healed":0.0,"max_hp_gain":0.0,"max_hp_loss":0.0,"gold_gain":0.0,"event_name":"Wheel of Change","player_choice":"Relic","floor":21.0,"gold_loss":0.0,"damage_taken":0.0},{"damage_healed":0.0,"max_hp_gain":0.0,"max_hp_loss":0.0,"gold_gain":100.0,"event_name":"Golden Shrine","player_choice":"Pray","floor":28.0,"gold_loss":0.0,"damage_taken":0.0},{"damage_healed":0.0,"max_hp_gain":0.0,"max_hp_loss":0.0,"gold_gain":0.0,"event_name":"Tomb of Lord Red Mask","player_choice":"Ignored","floor":39.0,"gold_loss":0.0,"damage_taken":0.0},{"damage_healed":0.0,"max_hp_gain":0.0,"max_hp_loss":0.0,"gold_gain":0.0,"event_name":"SensoryStone","player_choice":"Memory 1","floor":45.0,"gold_loss":0.0,"damage_taken":0.0}],"is_beta":false,"boss_relics":[{"not_picked":["Runic Dome","Snecko Eye"],"picked":"Pandora\u0027s Box"},{"not_picked":["Eternal Feather","Sozu"],"picked":"Cursed Key"}],"items_purged_floors":[4,38],"is_endless":false,"potions_floor_spawned":[6,14,23,25,30,33,35,36,47],"ascension_level":7}