{"gold_per_floor":[109,121,121,134,134,134,59,59,141,154,168,234,234,273,273,273],"floor_reached":16,"playtime":667,"items_purged":[],"score":175,"play_id":"8a3cf163-8ee5-4fc3-be50-82a0c7d2a6f6","local_time":"20190809004256","is_ascension_mode":true,"campfire_choices":[{"data":"Bash","floor":6.0,"key":"SMITH"},{"data":"Juggernaut","floor":8.0,"key":"SMITH"},{"data":"Combust","floor":13.0,"key":"SMITH"},{"data":"Defend_R","floor":15,"key":"SMITH"}],"neow_cost":"NONE","seed_source_timestamp":870588695240832,"circlet_count":0,"master_deck":["AscendersBane","Strike_R","Strike_R","Strike_R","Strike_R","Defend_R+1","Defend_R","Defend_R","Defend_R","Bash+1","Juggernaut+1","Warcry+1","Combust+1"],"special_seed":0,"relics":["Burning Blood","NeowsBlessing","Golden Idol","Toxic Egg 2","Regal Pillow"],"potions_floor_usage":[14,14],"damage_taken":[{"damage":0.0,"enemies":"Cultist","floor":1.0,"turns":1.0},{"damage":0.0,"enemies":"Small Slimes","floor":2.0,"turns":1.0},{"damage":0.0,"enemies":"2 Louse","floor":4.0,"turns":1.0},{"damage":11.0,"enemies":"Looter","floor":10.0,"turns":4.0},{"damage":9.0,"enemies":"2 Fungi Beasts","floor":11.0,"turns":4.0},{"damage":15,"enemies":"Lagavulin","floor":14,"turns":7},{"damage":32,"enemies":"Slime Boss","floor":16,"turns":9}],"seed_played":"-4913578546977453962","potions_obtained":[{"floor":2.0,"key":"Swift Potion"},{"floor":3.0,"key":"Poison Potion"},{"floor":3.0,"key":"Poison Potion"}],"is_trial":false,"path_per_floor":["M","M","?","M","?","R","?","R","T","M","M","?","R","E","R","B"],"character_chosen":"IRONCLAD","items_purchased":[],"campfire_rested":0,"item_purchase_floors":[],"current_hp_per_floor":[74,75,75,75,49,49,49,49,49,44,41,41,41,32,32,0],"gold":273,"neow_bonus":"THREE_ENEMY_KILL","is_prod":false,"is_daily":false,"chose_seed":false,"campfire_upgraded":4,"win_rate":0,"timestamp":1565325776,"path_taken":["M","?","?","?","?","R","?","R","T","M","M","?","R","E","R","BOSS"],"build_version":"2019-07-17","purchased_purges":0,"victory":false,"max_hp_per_floor":[75,75,75,75,75,75,75,75,75,75,75,75,75,75,75,75],"card_choices":[{"not_picked":["Flex","Armaments","Clash"],"picked":"SKIP","floor":1.0},{"not_picked":["Rupture","Havoc","Wild Strike"],"picked":"SKIP","floor":2.0},{"not_picked":["Rupture","Sword Boomerang"],"picked":"Juggernaut","floor":4.0},{"not_picked":["Flex+1","Rampage"],"picked":"Warcry+1","floor":10.0},{"not_picked":["Clothesline","Wild Strike"],"picked":"Combust","floor":11.0},{"not_picked":["Power Through+1","Flex+1","Twin Strike"],"picked":"SKIP","floor":14}],"player_experience":421965,"relics_obtained":[{"floor":9.0,"key":"Toxic Egg 2"},{"floor":14,"key":"Regal Pillow"}],"event_choices":[{"damage_healed":0.0,"max_hp_gain":0.0,"max_hp_loss":0.0,"gold_gain":0.0,"event_name":"Lab","player_choice":"Got Potions","floor":3.0,"gold_loss":0.0,"damage_taken":0.0},{"damage_healed":0.0,"max_hp_gain":0.0,"max_hp_loss":0.0,"gold_gain":0.0,"event_name":"Golden Idol","player_choice":"Take Damage","floor":5.0,"gold_loss":0.0,"damage_taken":26.0,"relics_obtained":["Golden Idol"]},{"cards_removed":["Strike_R"],"damage_healed":0.0,"max_hp_gain":0.0,"max_hp_loss":0.0,"gold_gain":0.0,"event_name":"The Cleric","player_choice":"Card Removal","floor":7.0,"gold_loss":75.0,"damage_taken":0.0},{"damage_healed":0.0,"max_hp_gain":0.0,"max_hp_loss":0.0,"gold_gain":66.0,"event_name":"Golden Wing","player_choice":"Gained Gold","floor":12.0,"gold_loss":0.0,"damage_taken":0.0}],"is_beta":false,"boss_relics":[],"items_purged_floors":[],"is_endless":false,"potions_floor_spawned":[2,11],"killed_by":"Slime Boss","ascension_level":15}