{"gold_per_floor":[114,114,129,144,159,159,189,205,205,205,205,220,235,250,250,350,350,365,365,380,395,245,245,275,275,275,275,25,55,70,85,85,185,485,500,500,266,281,296,296,326,326,376,376,45,75,75,90,90,90],"floor_reached":51,"playtime":4516,"items_purged":[],"score":972,"play_id":"d1af0fe7-c5d3-4915-b741-532e0c0f26ef","local_time":"20190305194040","daily_mods":["Chimera","Hoarder","Terminal"],"is_ascension_mode":false,"campfire_choices":[{"data":"Bash","floor":6,"key":"SMITH"},{"data":"Pommel Strike","floor":10,"key":"SMITH"},{"data":"Body Slam","floor":15,"key":"SMITH"},{"data":"Body Slam","floor":23,"key":"SMITH"},{"data":"Body Slam","floor":25,"key":"SMITH"},{"data":"Offering","floor":32,"key":"SMITH"},{"data":"Pommel Strike","floor":40,"key":"SMITH"},{"data":"Second Wind","floor":42,"key":"SMITH"},{"data":"Offering","floor":49,"key":"SMITH"}],"neow_cost":"","seed_source_timestamp":0,"circlet_count":0,"master_deck":["Bash+1","Survivor","Zap","Strike_R","Strike_B","Defend_R","Defend_G","Defend_B","Ghostly Armor","Ghostly Armor","Ghostly Armor","Pommel Strike+1","Pommel Strike+1","Pommel Strike+1","Second Wind+1","Second Wind","Second Wind","Offering+1","Offering+1","Offering+1","Pummel","Pummel","Pummel+1","Body Slam+1","Body Slam+1","Body Slam+1","Shockwave","Shockwave","Shockwave","Dark Embrace","Dark Embrace","Dark Embrace","Spot Weakness+1","Spot Weakness+1","Spot Weakness+1","Feel No Pain+1","Feel No Pain+1","Feel No Pain+1","Power Through+1","Power Through+1","Power Through+1","Warcry+1","Warcry+1","Warcry+1","Limit Break+1","Limit Break+1","Limit Break+1","Writhe","Writhe","Writhe","Seeing Red+1","Seeing Red+1","Seeing Red+1","Infernal Blade+1","Infernal Blade+1","Infernal Blade+1","Burning Pact+1","Burning Pact+1","Burning Pact+1"],"special_seed":17960,"relics":["Burning Blood","Omamori","Odd Mushroom","Whetstone","Magic Flower","Mark of Pain","Orichalcum","Blood Vial","Juzu Bracelet","Question Card","FaceOfCleric","Toxic Egg 2","Bronze Scales","Calling Bell","Vajra","Shuriken","Old Coin","ClockworkSouvenir","Centennial Puzzle","Oddly Smooth Stone","Letter Opener","Boot"],"potions_floor_usage":[16,20,29,41,50,50,50],"damage_taken":[{"damage":0,"enemies":"Small Slimes","floor":1,"turns":4},{"damage":2,"enemies":"2 Louse","floor":3,"turns":3},{"damage":0,"enemies":"Cultist","floor":4,"turns":4},{"damage":0,"enemies":"Large Slime","floor":5,"turns":5},{"damage":21,"enemies":"Gremlin Nob","floor":7,"turns":5},{"damage":12,"enemies":"The Mushroom Lair","floor":8,"turns":3},{"damage":6,"enemies":"2 Fungi Beasts","floor":12,"turns":4},{"damage":8,"enemies":"Exordium Thugs","floor":13,"turns":6},{"damage":0,"enemies":"Blue Slaver","floor":14,"turns":4},{"damage":12,"enemies":"Slime Boss","floor":16,"turns":7},{"damage":6,"enemies":"3 Byrds","floor":18,"turns":6},{"damage":6,"enemies":"2 Thieves","floor":20,"turns":4},{"damage":6,"enemies":"Chosen and Byrds","floor":21,"turns":4},{"damage":12,"enemies":"Book of Stabbing","floor":24,"turns":5},{"damage":19,"enemies":"Gremlin Leader","floor":29,"turns":4},{"damage":6,"enemies":"Centurion and Healer","floor":30,"turns":4},{"damage":6,"enemies":"Shelled Parasite and Fungi","floor":31,"turns":3},{"damage":18,"enemies":"Automaton","floor":33,"turns":5},{"damage":10,"enemies":"Orb Walker","floor":35,"turns":2},{"damage":9,"enemies":"3 Shapes","floor":38,"turns":4},{"damage":6,"enemies":"Sphere and 2 Shapes","floor":39,"turns":3},{"damage":18,"enemies":"Nemesis","floor":41,"turns":4},{"damage":12,"enemies":"Giant Head","floor":46,"turns":6},{"damage":12,"enemies":"Writhing Mass","floor":48,"turns":3},{"damage":22,"enemies":"Time Eater","floor":50,"turns":4}],"seed_played":"-7796585460280550823","potions_obtained":[{"floor":1,"key":"Block Potion"},{"floor":5,"key":"LiquidBronze"},{"floor":7,"key":"Strength Potion"},{"floor":12,"key":"Regen Potion"},{"floor":24,"key":"AttackPotion"},{"floor":29,"key":"FearPotion"},{"floor":31,"key":"Ancient Potion"},{"floor":35,"key":"SteroidPotion"},{"floor":46,"key":"SneckoOil"},{"floor":48,"key":"LiquidBronze"}],"is_trial":false,"path_per_floor":["M","?","M","M","M","R","E","?","T","R","?","M","M","M","R","B",null,"M","?","M","M","$","R","E","R","T","?","$","E","M","M","R","B",null,"M","?","$","M","M","R","E","R","T","?","$","E","?","M","R","B",null],"character_chosen":"IRONCLAD","items_purchased":["Blood Vial","Toxic Egg 2","Infernal Blade+1","ClockworkSouvenir","Burning Pact+1","Letter Opener"],"campfire_rested":0,"item_purchase_floors":[22,28,37,37,45,45],"current_hp_per_floor":[78,77,76,75,74,73,58,52,52,52,40,43,44,53,53,50,62,61,60,59,58,57,56,53,53,53,52,51,43,51,51,50,43,49,49,46,45,45,45,44,37,37,37,37,37,39,39,38,38,27],"gold":90,"neow_bonus":"","is_prod":false,"is_daily":true,"chose_seed":false,"campfire_upgraded":9,"win_rate":0,"timestamp":1551811240,"path_taken":["M","?","M","M","M","R","E","?","T","R","?","M","M","M","R","BOSS","M","?","M","M","$","R","E","R","T","?","$","E","M","M","R","BOSS","M","?","$","M","M","R","E","R","T","?","$","E","?","M","R","BOSS"],"build_version":"2019-02-06","purchased_purges":0,"victory":true,"max_hp_per_floor":[78,77,76,75,74,73,72,71,70,69,68,67,66,65,64,63,62,61,60,59,58,57,56,55,54,53,52,51,51,51,51,50,50,49,49,46,45,45,45,44,44,43,42,41,40,40,39,39,38,38],"card_choices":[{"not_picked":["Pummel","Heavy Blade","Clothesline"],"picked":"SKIP","floor":1},{"not_picked":["Rupture","Twin Strike"],"picked":"Ghostly Armor","floor":3},{"not_picked":["Armaments","Anger"],"picked":"Pommel Strike","floor":4},{"not_picked":["Headbutt","Entrench"],"picked":"Second Wind","floor":5},{"not_picked":["True Grit","Pummel"],"picked":"Offering","floor":7},{"not_picked":["Sword Boomerang","Havoc"],"picked":"Pummel","floor":8},{"not_picked":["Pummel","Pommel Strike","Heavy Blade"],"picked":"SKIP","floor":12},{"not_picked":["Heavy Blade","Uppercut"],"picked":"Body Slam","floor":13},{"not_picked":["Thunderclap","Dropkick"],"picked":"Shockwave","floor":14},{"not_picked":["Offering","Bludgeon"],"picked":"Dark Embrace","floor":16},{"not_picked":["Clothesline","Blood for Blood","Sword Boomerang"],"picked":"SKIP","floor":18},{"not_picked":["Clothesline","Metallicize"],"picked":"Spot Weakness+1","floor":20},{"not_picked":["Iron Wave","Flex","Heavy Blade"],"picked":"SKIP","floor":21},{"not_picked":["Corruption","Fire Breathing"],"picked":"Feel No Pain+1","floor":24},{"not_picked":["Dark Embrace","Anger","Pommel Strike"],"picked":"Power Through+1","floor":29},{"not_picked":["Evolve","Burning Pact+1","Cleave","Clash"],"picked":"SKIP","floor":30},{"not_picked":["Heavy Blade","Anger","Pommel Strike"],"picked":"Warcry+1","floor":31},{"not_picked":["Immolate","Exhume+1","Feed"],"picked":"Limit Break+1","floor":33},{"not_picked":["Sword Boomerang","Perfected Strike+1","Pommel Strike"],"picked":"Seeing Red+1","floor":35},{"not_picked":["Flex+1","True Grit+1","Heavy Blade+1","Body Slam"],"picked":"SKIP","floor":38},{"not_picked":["Power Through+1","Headbutt+1","Dual Wield+1","Cleave+1"],"picked":"SKIP","floor":39},{"not_picked":["Rage+1","Havoc+1","Shrug It Off+1","Fire Breathing"],"picked":"SKIP","floor":41},{"not_picked":["Immolate","Cleave+1","Havoc+1","Rampage+1"],"picked":"SKIP","floor":46},{"not_picked":["Thunderclap+1","Warcry+1","Shrug It Off+1","Feel No Pain+1"],"picked":"SKIP","floor":48}],"player_experience":214305,"relics_obtained":[{"floor":7,"key":"Omamori"},{"floor":8,"key":"Odd Mushroom"},{"floor":9,"key":"Whetstone"},{"floor":24,"key":"Juzu Bracelet"},{"floor":26,"key":"Question Card"},{"floor":29,"key":"Bronze Scales"},{"floor":34,"key":"Vajra"},{"floor":34,"key":"Shuriken"},{"floor":34,"key":"Old Coin"},{"floor":41,"key":"Centennial Puzzle"},{"floor":43,"key":"Oddly Smooth Stone"},{"floor":46,"key":"Boot"}],"event_choices":[{"damage_healed":0,"gold_gain":0,"player_choice":"Ignored","damage_taken":0,"max_hp_gain":0,"max_hp_loss":0,"event_name":"Liars Game","floor":2,"gold_loss":0},{"damage_healed":0,"gold_gain":0,"player_choice":"Fought Mushrooms","damage_taken":0,"max_hp_gain":0,"max_hp_loss":0,"event_name":"Mushrooms","floor":8,"gold_loss":0},{"damage_healed":0,"gold_gain":0,"player_choice":"Success","damage_taken":12,"relics_obtained":["Magic Flower"],"max_hp_gain":0,"max_hp_loss":0,"event_name":"Scrap Ooze","floor":11,"gold_loss":0},{"damage_healed":0,"gold_gain":0,"player_choice":"Opened","damage_taken":0,"relics_obtained":["Orichalcum"],"max_hp_gain":0,"max_hp_loss":0,"event_name":"The Mausoleum","floor":19,"gold_loss":0},{"damage_healed":0,"gold_gain":0,"player_choice":"Trade","damage_taken":0,"relics_obtained":["FaceOfCleric"],"max_hp_gain":0,"max_hp_loss":0,"event_name":"FaceTrader","floor":27,"gold_loss":0},{"damage_healed":0,"gold_gain":0,"player_choice":"Max HP","damage_taken":0,"max_hp_gain":0,"max_hp_loss":2,"event_name":"Winding Halls","floor":36,"gold_loss":0},{"cards_removed":["Strike_G"],"damage_healed":0,"gold_gain":0,"player_choice":"Removed Attack","damage_taken":0,"max_hp_gain":0,"max_hp_loss":0,"event_name":"Falling","floor":44,"gold_loss":0},{"damage_healed":0,"gold_gain":0,"player_choice":"Upgraded","damage_taken":0,"max_hp_gain":0,"max_hp_loss":0,"event_name":"Upgrade Shrine","floor":47,"gold_loss":0,"cards_upgraded":["Offering"]}],"is_beta":true,"boss_relics":[{"not_picked":["Coffee Dripper","Empty Cage"],"picked":"Mark of Pain"},{"not_picked":["Snecko Eye","Runic Pyramid"],"picked":"Calling Bell"}],"items_purged_floors":[],"is_endless":false,"potions_floor_spawned":[1,5,7,12,24,29,31,35,39,46,48],"ascension_level":0}