{"gold_per_floor":[110,110,67,67,81,81,108,119,145,145,145,159,186,200,200,279,279,299,299,315,315,5,37,49,61],"floor_reached":25,"playtime":1878,"items_purged":[],"score":508,"play_id":"d748a028-770e-4959-b314-717c3e2d36a1","local_time":"20190815222329","is_ascension_mode":true,"campfire_choices":[{"data":"Poisoned Stab","floor":6,"key":"SMITH"},{"data":"Neutralize","floor":10,"key":"SMITH"},{"data":"Footwork","floor":15,"key":"SMITH"},{"floor":24,"key":"REST"}],"neow_cost":"NONE","seed_source_timestamp":1466084641980567,"circlet_count":0,"master_deck":["AscendersBane","Strike_G+1","Strike_G+1","Defend_G+1","Defend_G+1","Defend_G+1","Defend_G+1","Defend_G+1","Survivor","Neutralize+1","Backflip","Predator+1","Poisoned Stab+1","Malaise","PiercingWail","Footwork+1","Envenom","Dodge and Roll","Blur","All Out Attack","Well Laid Plans","Acrobatics"],"relics":["Ring of the Snake","NeowsBlessing","Boot","Strawberry","Mercury Hourglass","Blood Vial","Empty Cage","OrangePellets","MawBank"],"potions_floor_usage":[13,16,16,23,25],"damage_taken":[{"damage":0,"enemies":"2 Louse","floor":1,"turns":1},{"damage":0,"enemies":"Small Slimes","floor":5,"turns":1},{"damage":0,"enemies":"Gremlin Nob","floor":7,"turns":1},{"damage":0,"enemies":"Jaw Worm","floor":8,"turns":3},{"damage":0,"enemies":"Gremlin Gang","floor":12,"turns":3},{"damage":5,"enemies":"Lagavulin","floor":13,"turns":8},{"damage":0,"enemies":"Large Slime","floor":14,"turns":4},{"damage":33,"enemies":"Slime Boss","floor":16,"turns":11},{"damage":0,"enemies":"3 Byrds","floor":18,"turns":7},{"damage":0,"enemies":"Chosen","floor":20,"turns":8},{"damage":39,"enemies":"Slavers","floor":23,"turns":7},{"damage":56,"enemies":"Gremlin Leader","floor":25,"turns":13}],"seed_played":"6117072943610857955","potions_obtained":[{"floor":5,"key":"Dexterity Potion"},{"floor":7,"key":"FearPotion"},{"floor":12,"key":"Block Potion"},{"floor":14,"key":"Strength Potion"},{"floor":23,"key":"SkillPotion"}],"is_trial":false,"path_per_floor":["M","?","$","?","M","R","E","M","T","R","?","M","E","M","R","B",null,"M","?","M","?","$","E","R","E"],"character_chosen":"THE_SILENT","items_purchased":["Predator","Well Laid Plans","OrangePellets","Block Potion"],"campfire_rested":1,"item_purchase_floors":[3,22,22,22],"current_hp_per_floor":[59,59,59,59,59,59,59,59,66,66,48,48,43,45,45,14,58,60,60,62,62,62,25,46,0],"gold":61,"neow_bonus":"THREE_ENEMY_KILL","is_prod":false,"is_daily":false,"chose_seed":false,"campfire_upgraded":3,"win_rate":0,"timestamp":1565922209,"path_taken":["M","?","$","?","M","R","E","M","T","R","?","M","E","M","R","BOSS","M","?","M","?","$","E","R","E"],"build_version":"2019-07-17","purchased_purges":0,"victory":false,"max_hp_per_floor":[66,66,66,66,66,66,66,66,73,73,73,73,73,73,73,73,73,73,73,73,73,73,73,73,73],"card_choices":[{"not_picked":["Blade Dance","Slice"],"picked":"Backflip","floor":1},{"not_picked":["Expertise","Caltrops"],"picked":"Poisoned Stab","floor":5},{"not_picked":["Caltrops","Cloak And Dagger"],"picked":"Malaise","floor":7},{"not_picked":["Choke","Blur"],"picked":"PiercingWail","floor":8},{"not_picked":["Acrobatics","Slice","Dagger Throw"],"picked":"SKIP","floor":12},{"not_picked":["Quick Slash","Endless Agony"],"picked":"Footwork","floor":13},{"not_picked":["Acrobatics","Blade Dance","Sucker Punch"],"picked":"SKIP","floor":14},{"not_picked":["A Thousand Cuts","Venomology"],"picked":"Envenom","floor":16},{"not_picked":["Terror","Deadly Poison"],"picked":"Dodge and Roll","floor":18},{"not_picked":["Dodge and Roll","Sucker Punch"],"picked":"Blur","floor":20},{"not_picked":["Riddle With Holes","Deadly Poison"],"picked":"Acrobatics","floor":23}],"player_experience":551899,"relics_obtained":[{"floor":7,"key":"Boot"},{"floor":9,"key":"Strawberry"},{"floor":13,"key":"Blood Vial"},{"floor":23,"key":"MawBank"}],"event_choices":[{"damage_healed":0,"gold_gain":0,"player_choice":"Leave","damage_taken":0,"max_hp_gain":0,"max_hp_loss":0,"event_name":"The Cleric","floor":2,"gold_loss":0},{"damage_healed":0,"gold_gain":0,"player_choice":"Grow","damage_taken":0,"max_hp_gain":0,"max_hp_loss":0,"event_name":"Living Wall","floor":4,"gold_loss":0,"cards_upgraded":["Predator"]},{"damage_healed":0,"gold_gain":0,"player_choice":"Success","damage_taken":18,"relics_obtained":["Mercury Hourglass"],"max_hp_gain":0,"max_hp_loss":0,"event_name":"Scrap Ooze","floor":11,"gold_loss":0},{"damage_healed":0,"gold_gain":0,"player_choice":"Simplicity","damage_taken":0,"max_hp_gain":0,"max_hp_loss":0,"event_name":"Back to Basics","floor":19,"gold_loss":0,"cards_upgraded":["Strike_G","Strike_G","Strike_G","Defend_G","Defend_G","Defend_G","Defend_G","Defend_G"]},{"damage_healed":0,"gold_gain":0,"cards_transformed":["Strike_G"],"player_choice":"Transformed","damage_taken":0,"max_hp_gain":0,"max_hp_loss":0,"event_name":"Transmorgrifier","floor":21,"gold_loss":0,"cards_obtained":["All Out Attack"]}],"is_beta":false,"boss_relics":[{"not_picked":["Busted Crown","Lizard Tail"],"picked":"Empty Cage"}],"items_purged_floors":[],"is_endless":false,"potions_floor_spawned":[5,7,12,14,23],"killed_by":"Gremlin Leader","ascension_level":20}