{"gold_per_floor":[111,129,146,146,160,193,193,207,207,232,192,224,224,254,254,352,352,362,373,384,412,130,130,159,159,159,192,192,192,242,37,37,140,140,152,152,169,244,259,259,275,307,355,390,409,419,454,469,469,469,469,469,36,64,64],"floor_reached":56,"playtime":6376,"items_purged":["Strike_B","Strike_B","Defend_B"],"score":1606,"play_id":"b5016f0e-c533-42c5-8d51-20dd3250adba","local_time":"20190720193159","is_ascension_mode":true,"campfire_choices":[{"data":"Zap","floor":7.0,"key":"SMITH"},{"data":"Defragment","floor":13.0,"key":"SMITH"},{"data":"Defragment","floor":15.0,"key":"SMITH"},{"data":"Fission","floor":23.0,"key":"SMITH"},{"data":"Defragment","floor":25.0,"key":"SMITH"},{"data":"Dualcast","floor":28.0,"key":"SMITH"},{"data":"Static Discharge","floor":32.0,"key":"SMITH"},{"floor":40.0,"key":"REST"},{"floor":49.0,"key":"RECALL"},{"floor":52.0,"key":"REST"}],"neow_cost":"NONE","seed_source_timestamp":173975111416052,"circlet_count":0,"master_deck":["Defend_B+1","Defend_B","Defend_B","Zap+1","Dualcast+1","Melter","Go for the Eyes","Ball Lightning","Electrodynamics","Conserve Battery","Defragment+1","Rebound","Defragment+1","Fission+1","Glacier","Conserve Battery+1","Conserve Battery+1","Compile Driver","Cold Snap","Defragment+1","Sunder+1","Auto Shields","Static Discharge+1","Echo Form","White Noise","Thinking Ahead","Bandage Up","Impatience","Compile Driver","Compile Driver+1","Machine Learning","Compile Driver+1","Sunder+1","Ball Lightning+1","Conserve Battery+1","Melter+1","Hologram+1","Coolheaded+1","Beam Cell+1","Defragment","Defragment+1","Cold Snap"],"special_seed":0,"relics":["Cracked Core","NeowsBlessing","Regal Pillow","Potion Belt","Meat on the Bone","Art of War","Smiling Mask","Dream Catcher","Nuclear Battery","Red Mask","War Paint","Incense Burner","Strawberry","Pantograph","Lantern","Fusion Hammer","Blood Vial","Shuriken","Pear","DollysMirror","Bronze Scales","Oddly Smooth Stone"],"potions_floor_usage":[55,55,55,55],"damage_taken":[{"damage":0.0,"enemies":"Cultist","floor":1.0,"turns":1.0},{"damage":0.0,"enemies":"2 Louse","floor":2.0,"turns":1.0},{"damage":0.0,"enemies":"Jaw Worm","floor":3.0,"turns":1.0},{"damage":8.0,"enemies":"Looter","floor":5.0,"turns":3.0},{"damage":18.0,"enemies":"Gremlin Nob","floor":6.0,"turns":3.0},{"damage":4.0,"enemies":"Red Slaver","floor":8.0,"turns":3.0},{"damage":13.0,"enemies":"Lagavulin","floor":10.0,"turns":5.0},{"damage":8.0,"enemies":"3 Sentries","floor":12.0,"turns":3.0},{"damage":10.0,"enemies":"Gremlin Nob","floor":14.0,"turns":3.0},{"damage":12.0,"enemies":"Hexaghost","floor":16.0,"turns":7.0},{"damage":18.0,"enemies":"2 Thieves","floor":18.0,"turns":3.0},{"damage":0.0,"enemies":"Spheric Guardian","floor":19.0,"turns":3.0},{"damage":19.0,"enemies":"Snake Plant","floor":20.0,"turns":5.0},{"damage":16.0,"enemies":"Masked Bandits","floor":21.0,"turns":5.0},{"damage":14.0,"enemies":"Gremlin Leader","floor":24.0,"turns":5.0},{"damage":2.0,"enemies":"Book of Stabbing","floor":27.0,"turns":5.0},{"damage":15.0,"enemies":"Automaton","floor":33.0,"turns":8.0},{"damage":25.0,"enemies":"3 Darklings","floor":35.0,"turns":4.0},{"damage":2.0,"enemies":"3 Shapes","floor":37.0,"turns":5.0},{"damage":32.0,"enemies":"Transient","floor":39.0,"turns":5.0},{"damage":12.0,"enemies":"4 Shapes","floor":41.0,"turns":4.0},{"damage":20.0,"enemies":"Reptomancer","floor":42.0,"turns":5.0},{"damage":7.0,"enemies":"Nemesis","floor":44.0,"turns":5.0},{"damage":10.0,"enemies":"3 Darklings","floor":45.0,"turns":4.0},{"damage":0.0,"enemies":"Sphere and 2 Shapes","floor":46.0,"turns":4.0},{"damage":0.0,"enemies":"Reptomancer","floor":47.0,"turns":5.0},{"damage":42.0,"enemies":"Transient","floor":48.0,"turns":5.0},{"damage":51.0,"enemies":"Donu and Deca","floor":50.0,"turns":6.0},{"damage":31.0,"enemies":"Shield and Spear","floor":54.0,"turns":6.0},{"damage":71,"enemies":"The Heart","floor":55,"turns":8}],"seed_played":"3626121680414830914","potions_obtained":[{"floor":3.0,"key":"Block Potion"},{"floor":5.0,"key":"Poison Potion"},{"floor":10.0,"key":"Energy Potion"},{"floor":11.0,"key":"EntropicBrew"},{"floor":11.0,"key":"GamblersBrew"},{"floor":11.0,"key":"Energy Potion"},{"floor":18.0,"key":"Dexterity Potion"},{"floor":19.0,"key":"SkillPotion"},{"floor":21.0,"key":"Ancient Potion"},{"floor":35.0,"key":"Poison Potion"},{"floor":37.0,"key":"FearPotion"},{"floor":45.0,"key":"Strength Potion"},{"floor":46.0,"key":"PowerPotion"},{"floor":48.0,"key":"AttackPotion"},{"floor":54.0,"key":"Regen Potion"}],"is_trial":false,"path_per_floor":["M","M","M","T","M","E","R","M","T","E","?","E","R","E","R","B",null,"M","M","M","?","$","R","E","R","T","E","R","?","?","$","R","B",null,"M","?","M","?","M","R","M","E","T","E","M","M","E","M","R","B",null,"R","$","E","B",null],"character_chosen":"DEFECT","items_purchased":["Compile Driver","War Paint","Cold Snap","Lantern","Defragment","DollysMirror","Bronze Scales"],"campfire_rested":2,"item_purchase_floors":[22,22,22,31,53,53,53],"current_hp_per_floor":[75,75,75,75,67,49,49,45,45,44,44,48,48,38,38,38,75,57,57,38,34,34,34,32,32,39,49,49,49,49,49,49,59,82,57,47,45,37,21,60,52,48,48,47,43,49,65,41,41,33,92,92,92,65,52],"gold":64,"neow_bonus":"THREE_ENEMY_KILL","is_prod":false,"is_daily":false,"chose_seed":false,"campfire_upgraded":7,"win_rate":0,"timestamp":1563665519,"path_taken":["M","M","M","?","M","E","R","M","T","E","?","E","R","E","R","BOSS","M","M","M","?","$","R","E","R","T","E","R","?","?","$","R","BOSS","M","?","M","?","M","R","M","E","T","E","?","M","E","M","R","BOSS","R","$","E","BOSS"],"build_version":"2019-07-17","purchased_purges":3,"victory":true,"max_hp_per_floor":[75,75,75,75,75,75,75,75,75,75,75,75,75,75,75,75,75,75,75,75,75,75,75,75,75,82,82,82,82,82,82,82,82,82,82,82,82,82,82,82,82,82,82,82,82,82,92,92,92,92,92,92,92,92,92],"card_choices":[{"not_picked":["Conserve Battery","Sweeping Beam"],"picked":"Melter","floor":1.0},{"not_picked":["Turbo","Steam"],"picked":"Go for the Eyes","floor":2.0},{"not_picked":["Barrage","Sweeping Beam"],"picked":"Ball Lightning","floor":3.0},{"not_picked":["Beam Cell","Force Field"],"picked":"Electrodynamics","floor":5.0},{"not_picked":["Scrape","Consume"],"picked":"Conserve Battery","floor":6.0},{"not_picked":["Beam Cell","Reinforced Body","Streamline"],"picked":"SKIP","floor":8.0},{"not_picked":["Consume","Electrodynamics"],"picked":"Defragment","floor":10.0},{"not_picked":["Stack","Auto Shields"],"picked":"Rebound","floor":12.0},{"not_picked":["Beam Cell","Cold Snap"],"picked":"Defragment","floor":14.0},{"not_picked":["Meteor Strike","Creative AI"],"picked":"Fission","floor":16.0},{"not_picked":["Redo","Rebound"],"picked":"Glacier","floor":18.0},{"not_picked":["Barrage+1","Rip and Tear","Reprogram"],"picked":"SKIP","floor":19.0},{"not_picked":["Coolheaded","Reprogram"],"picked":"Conserve Battery","floor":20.0},{"not_picked":["Leap","Go for the Eyes"],"picked":"Conserve Battery+1","floor":21.0},{"not_picked":["Blizzard","Turbo"],"picked":"Defragment","floor":24.0},{"not_picked":["Auto Shields","Recycle"],"picked":"Sunder+1","floor":27.0},{"not_picked":["Seek","Meteor Strike"],"picked":"Echo Form","floor":33.0},{"not_picked":["Go for the Eyes","Cold Snap"],"picked":"White Noise","floor":35.0},{"not_picked":["Sadistic Nature","Panache"],"picked":"Thinking Ahead","floor":36.0},{"not_picked":["The Bomb","Discovery"],"picked":"Bandage Up","floor":36.0},{"not_picked":["Finesse","The Bomb"],"picked":"Impatience","floor":36.0},{"not_picked":["Heatsinks","Conserve Battery"],"picked":"Compile Driver","floor":37.0},{"not_picked":["Steam","Ball Lightning+1"],"picked":"Compile Driver+1","floor":39.0},{"not_picked":["Leap","Undo+1"],"picked":"Machine Learning","floor":40.0},{"not_picked":["Recycle","Reprogram"],"picked":"Compile Driver+1","floor":41.0},{"not_picked":["Rebound+1","Hologram+1"],"picked":"Sunder+1","floor":42.0},{"not_picked":["Sweeping Beam","Conserve Battery+1"],"picked":"Ball Lightning+1","floor":44.0},{"not_picked":["FTL","Blizzard+1"],"picked":"Conserve Battery+1","floor":45.0},{"not_picked":["Stack","Scrape+1"],"picked":"Melter+1","floor":46.0},{"not_picked":["Darkness+1","Rip and Tear+1"],"picked":"Hologram+1","floor":47.0},{"not_picked":["Turbo+1","Hologram"],"picked":"Coolheaded+1","floor":48.0},{"not_picked":["Coolheaded","Recycle+1"],"picked":"Beam Cell+1","floor":52.0},{"not_picked":["Scrape","Meteor Strike"],"picked":"Cold Snap","floor":54.0}],"player_experience":286556,"relics_obtained":[{"floor":4.0,"key":"Regal Pillow"},{"floor":6.0,"key":"Potion Belt"},{"floor":9.0,"key":"Meat on the Bone"},{"floor":10.0,"key":"Art of War"},{"floor":12.0,"key":"Smiling Mask"},{"floor":14.0,"key":"Dream Catcher"},{"floor":21.0,"key":"Red Mask"},{"floor":24.0,"key":"Incense Burner"},{"floor":26.0,"key":"Strawberry"},{"floor":27.0,"key":"Pantograph"},{"floor":42.0,"key":"Blood Vial"},{"floor":44.0,"key":"Shuriken"},{"floor":47.0,"key":"Pear"},{"floor":54.0,"key":"Oddly Smooth Stone"}],"event_choices":[{"damage_healed":0.0,"max_hp_gain":0.0,"max_hp_loss":0.0,"gold_gain":0.0,"event_name":"The Woman in Blue","player_choice":"Bought 3 Potions","floor":11.0,"gold_loss":0.0,"damage_taken":0.0},{"damage_healed":0.0,"max_hp_gain":0.0,"max_hp_loss":0.0,"gold_gain":0.0,"event_name":"Masked Bandits","player_choice":"Fought Bandits","floor":21.0,"gold_loss":0.0,"damage_taken":0.0},{"damage_healed":0.0,"max_hp_gain":0.0,"max_hp_loss":0.0,"gold_gain":0.0,"cards_transformed":["Strike_B","Strike_B"],"event_name":"Drug Dealer","player_choice":"Became Test Subject","floor":29.0,"gold_loss":0.0,"damage_taken":0.0,"cards_obtained":["Auto Shields","Static Discharge"]},{"damage_healed":0.0,"max_hp_gain":0.0,"max_hp_loss":0.0,"gold_gain":100.0,"event_name":"The Joust","player_choice":"Bet on Murderer","floor":30.0,"gold_loss":50.0,"damage_taken":0.0},{"damage_healed":0.0,"max_hp_gain":0.0,"max_hp_loss":0.0,"gold_gain":0.0,"event_name":"SensoryStone","player_choice":"Memory 3","floor":36.0,"gold_loss":0.0,"damage_taken":10.0},{"damage_healed":0.0,"max_hp_gain":0.0,"max_hp_loss":0.0,"gold_gain":75.0,"event_name":"FaceTrader","player_choice":"Touch","floor":38.0,"gold_loss":0.0,"damage_taken":8.0}],"is_beta":false,"boss_relics":[{"not_picked":["Velvet Choker","Calling Bell"],"picked":"Nuclear Battery"},{"not_picked":["White Beast Statue","Tiny House"],"picked":"Fusion Hammer"}],"items_purged_floors":[22,31,53],"is_endless":false,"potions_floor_spawned":[3,5,10,18,19,21,35,37,45,46,48,54],"ascension_level":4}