{"gold_per_floor":[116,126,126,51,151,151,192,192,192,192,142,142,185,200,200,331,331,352,365,365,290,12,12,28,54,54,73,73,73,108,122,122,122],"floor_reached":33,"playtime":1647,"items_purged":["Injury","Strike_B"],"score":514,"play_id":"c924e090-8916-450c-b201-4341f25862e0","local_time":"20181011000125","is_ascension_mode":true,"campfire_choices":[{"data":"Dualcast","floor":6.0,"key":"SMITH"},{"floor":8.0,"key":"REST"},{"data":"Ball Lightning","floor":10.0,"key":"SMITH"},{"data":"Zap","floor":12.0,"key":"SMITH"},{"floor":15.0,"key":"REST"},{"floor":23,"key":"REST"},{"floor":28,"key":"REST"},{"floor":32,"key":"REST"}],"neow_cost":"NONE","seed_source_timestamp":0,"circlet_count":0,"master_deck":["Strike_B+1","Strike_B","Defend_B","Defend_B","Zap+1","Dualcast+1","AscendersBane","Ball Lightning+1","Ball Lightning+1","Rebound","Multi-Cast","Barrage","Tempest","Beam Cell","Static Discharge","Shame","Leap"],"special_seed":0,"relics":["Busted Crown","Golden Idol","Regal Pillow","Mango","Whetstone","Fusion Hammer","Membership Card","Vajra","Pantograph","Lantern","Happy Flower"],"potions_floor_usage":[31,33,33],"damage_taken":[{"damage":3.0,"enemies":"2 Louse","floor":1.0,"turns":2.0},{"damage":7.0,"enemies":"Jaw Worm","floor":2.0,"turns":4.0},{"damage":45.0,"enemies":"3 Sentries","floor":7.0,"turns":12.0},{"damage":22.0,"enemies":"Lagavulin","floor":13.0,"turns":6.0},{"damage":0.0,"enemies":"Cultist","floor":14.0,"turns":2.0},{"damage":0.0,"enemies":"Slime Boss","floor":16.0,"turns":7.0},{"damage":13,"enemies":"3 Byrds","floor":18,"turns":5},{"damage":47,"enemies":"Shell Parasite","floor":19,"turns":5},{"damage":26,"enemies":"Cultist and Chosen","floor":24,"turns":5},{"damage":12,"enemies":"Chosen and Byrds","floor":27,"turns":3},{"damage":58,"enemies":"Gremlin Leader","floor":30,"turns":5},{"damage":0,"enemies":"Snake Plant","floor":31,"turns":1},{"damage":99,"enemies":"Automaton","floor":33,"turns":6}],"seed_played":"5616852381503339842","potions_obtained":[{"floor":2.0,"key":"Energy Potion"},{"floor":13.0,"key":"Fire Potion"},{"floor":18,"key":"Dexterity Potion"},{"floor":27,"key":"SteroidPotion"},{"floor":31,"key":"Strength Potion"}],"is_trial":false,"path_per_floor":["M","M","?","$","?","R","E","R","T","R","?","R","E","M","R","B",null,"M","M","?","?","$","R","M","T","T","M","R","?","E","M","R"],"character_chosen":"DEFECT","items_purchased":["Membership Card","Static Discharge"],"campfire_rested":5,"item_purchase_floors":[22,22],"current_hp_per_floor":[65,58,58,58,58,58,13,50,64,64,64,64,42,42,83,83,88,75,28,28,28,28,69,43,43,43,31,72,72,14,14,55,0],"gold":122,"neow_bonus":"BOSS_RELIC","is_prod":false,"is_daily":false,"chose_seed":false,"campfire_upgraded":3,"win_rate":0,"timestamp":1539241285,"path_taken":["M","M","?","$","?","R","E","R","T","R","?","R","E","M","R","BOSS","M","M","?","?","$","R","M","?","T","M","R","?","E","M","R","BOSS"],"build_version":"2018-10-04v2","purchased_purges":2,"victory":false,"max_hp_per_floor":[75,75,75,75,75,75,75,75,89,89,89,89,89,89,89,89,89,89,89,89,89,89,89,89,89,89,89,89,89,89,89,89,89],"card_choices":[{"not_picked":["Compile Driver"],"picked":"SKIP","floor":1.0},{"not_picked":["Stack"],"picked":"SKIP","floor":2.0},{"not_picked":[],"picked":"Ball Lightning","floor":7.0},{"not_picked":[],"picked":"Ball Lightning","floor":13.0},{"not_picked":[],"picked":"Rebound","floor":14.0},{"not_picked":[],"picked":"Multi-Cast","floor":16.0},{"not_picked":[],"picked":"Barrage","floor":18},{"not_picked":[],"picked":"Tempest","floor":19},{"not_picked":["Coolheaded"],"picked":"SKIP","floor":24},{"not_picked":["Coolheaded"],"picked":"SKIP","floor":27},{"not_picked":["Turbo"],"picked":"SKIP","floor":30},{"not_picked":[],"picked":"Leap","floor":31}],"player_experience":869489,"relics_obtained":[{"floor":7.0,"key":"Regal Pillow"},{"floor":9.0,"key":"Mango"},{"floor":13.0,"key":"Whetstone"},{"floor":25,"key":"Vajra"},{"floor":26,"key":"Pantograph"},{"floor":30,"key":"Happy Flower"}],"event_choices":[{"event_name":"Golden Idol","player_choice":"Take Wound","floor":3.0,"damage_taken":0.0},{"event_name":"Golden Shrine","player_choice":"Pray","floor":5.0,"damage_taken":0.0},{"event_name":"The Cleric","player_choice":"Card Removal","floor":11.0,"damage_taken":0.0},{"event_name":"Drug Dealer","player_choice":"Became Test Subject","floor":20,"damage_taken":0},{"event_name":"Beggar","player_choice":"Gave Gold","floor":21,"damage_taken":0},{"event_name":"Addict","player_choice":"Stole Relic","floor":29,"damage_taken":0}],"is_beta":false,"boss_relics":[{"not_picked":["Cursed Key","Astrolabe"],"picked":"Fusion Hammer"}],"items_purged_floors":[4,22],"is_endless":false,"potions_floor_spawned":[2,13,18,27,30,31],"killed_by":"Automaton","ascension_level":12}