{"gold_per_floor":[116,136,136,136,146,172,172,172,197,197,209,134,68,90,102,216,228,255,284,196,211,230,265,284,284,311,311,226,101,120,29,29,134,134,146,146,159,169,169,169,194,104,129,140,150,150,150,162,162,162],"floor_reached":50,"playtime":3574,"items_purged":["Strike_R","Strike_R","Strike_R"],"score":644,"play_id":"296c99ee-1d65-495a-941f-338e8e3c3a72","local_time":"20190810205058","is_ascension_mode":false,"campfire_choices":[{"data":"Armaments","floor":7,"key":"SMITH"},{"data":"Metallicize","floor":15,"key":"SMITH"},{"data":"Entrench","floor":27,"key":"SMITH"},{"data":"Finesse","floor":32,"key":"SMITH"},{"data":"Battle Trance","floor":40,"key":"SMITH"},{"data":"Body Slam","floor":47,"key":"SMITH"},{"data":"Body Slam","floor":49,"key":"SMITH"}],"neow_cost":"NONE","seed_source_timestamp":330340445583100,"circlet_count":0,"master_deck":["Defend_R","Defend_R","Defend_R+1","Bash","Armaments+1","Armaments+1","Body Slam+1","Metallicize+1","Battle Trance+1","Metallicize","Impervious","Body Slam+1","Body Slam+1","Entrench+1","Finesse+1","Dual Wield+1"],"relics":["Burning Blood","NeowsBlessing","War Paint","Regal Pillow","MawBank","Philosopher\u0027s Stone","Pantograph","Happy Flower","Pear","Meat on the Bone","Anchor"],"potions_floor_usage":[16,18,23,33,50,50,50],"damage_taken":[{"damage":0,"enemies":"Small Slimes","floor":1,"turns":1},{"damage":0,"enemies":"Jaw Worm","floor":2,"turns":1},{"damage":0,"enemies":"Cultist","floor":5,"turns":1},{"damage":30,"enemies":"Gremlin Nob","floor":6,"turns":5},{"damage":0,"enemies":"Red Slaver","floor":11,"turns":4},{"damage":1,"enemies":"Blue Slaver","floor":14,"turns":4},{"damage":0,"enemies":"The Guardian","floor":16,"turns":14},{"damage":2,"enemies":"Chosen","floor":18,"turns":8},{"damage":2,"enemies":"Shell Parasite","floor":19,"turns":8},{"damage":16,"enemies":"Sentry and Sphere","floor":21,"turns":8},{"damage":0,"enemies":"Centurion and Healer","floor":22,"turns":7},{"damage":25,"enemies":"Slavers","floor":23,"turns":7},{"damage":7,"enemies":"Snake Plant","floor":24,"turns":2},{"damage":0,"enemies":"Snecko","floor":30,"turns":5},{"damage":0,"enemies":"Champ","floor":33,"turns":7},{"damage":0,"enemies":"3 Shapes","floor":35,"turns":8},{"damage":9,"enemies":"Orb Walker","floor":37,"turns":4},{"damage":19,"enemies":"Writhing Mass","floor":38,"turns":5},{"damage":0,"enemies":"Nemesis","floor":41,"turns":1},{"damage":0,"enemies":"Transient","floor":44,"turns":5},{"damage":0,"enemies":"Jaw Worm Horde","floor":45,"turns":2},{"damage":0,"enemies":"Spire Growth","floor":48,"turns":2},{"damage":96,"enemies":"Time Eater","floor":50,"turns":13}],"seed_played":"-641369973789115964","potions_obtained":[{"floor":1,"key":"Swift Potion"},{"floor":2,"key":"SteroidPotion"},{"floor":14,"key":"Fire Potion"},{"floor":16,"key":"Strength Potion"},{"floor":22,"key":"AttackPotion"},{"floor":30,"key":"Swift Potion"},{"floor":41,"key":"Energy Potion"},{"floor":44,"key":"SpeedPotion"}],"is_trial":false,"path_per_floor":["M","M","?","?","M","E","R","?","T","$","M","$","?","M","R","B",null,"M","M","$","M","M","E","M","?","T","R","?","$","M","$","R","B",null,"M","?","M","M","$","R","E","?","T","M","M","?","R","M","R","B"],"character_chosen":"IRONCLAD","items_purchased":["Finesse"],"campfire_rested":0,"item_purchase_floors":[31],"current_hp_per_floor":[80,80,73,73,79,55,55,55,55,55,61,61,61,66,66,72,80,80,80,80,70,76,57,56,56,56,56,66,66,72,72,72,90,90,90,90,87,74,74,74,80,80,80,86,87,87,87,87,87,0],"gold":162,"neow_bonus":"THREE_ENEMY_KILL","is_prod":false,"is_daily":false,"chose_seed":false,"campfire_upgraded":7,"win_rate":0.0,"timestamp":1565434258,"path_taken":["M","M","?","?","M","E","R","?","T","$","M","$","?","M","R","BOSS","M","M","?","M","?","E","M","?","T","R","?","$","M","$","R","BOSS","M","?","M","?","$","R","E","?","T","?","M","?","R","M","R","BOSS"],"build_version":"2019-07-17","purchased_purges":3,"victory":false,"max_hp_per_floor":[80,80,80,80,80,80,80,80,80,80,80,80,80,80,80,80,80,80,80,80,80,80,80,80,80,80,80,90,90,90,90,90,90,90,90,90,90,90,90,90,90,87,87,87,87,87,87,87,87,87],"card_choices":[{"not_picked":["Fire Breathing","Inflame"],"picked":"Armaments","floor":1},{"not_picked":["Wild Strike","Dual Wield"],"picked":"Armaments","floor":2},{"not_picked":["Burning Pact","Uppercut"],"picked":"Body Slam","floor":5},{"not_picked":["Anger","Pommel Strike"],"picked":"Metallicize","floor":6},{"not_picked":["Thunderclap","Clothesline"],"picked":"Battle Trance","floor":11},{"not_picked":["Clothesline","Heavy Blade"],"picked":"Metallicize","floor":14},{"not_picked":["Bludgeon","Double Tap"],"picked":"Impervious","floor":16},{"not_picked":["Second Wind","Thunderclap","Pommel Strike"],"picked":"SKIP","floor":18},{"not_picked":["Sword Boomerang","Bloodletting"],"picked":"Body Slam","floor":19},{"not_picked":["Clash","Flex+1","Evolve"],"picked":"SKIP","floor":21},{"not_picked":["Bloodletting+1","Whirlwind"],"picked":"Body Slam","floor":22},{"not_picked":["Headbutt","Bludgeon"],"picked":"Entrench","floor":23},{"not_picked":["Sword Boomerang+1","Power Through","Fire Breathing+1"],"picked":"SKIP","floor":24},{"not_picked":["Dual Wield+1","Sword Boomerang","Second Wind"],"picked":"SKIP","floor":30},{"not_picked":["Perfected Strike+1","Thunderclap+1","Headbutt"],"picked":"SKIP","floor":35},{"not_picked":["Intimidate+1","Twin Strike","Searing Blow"],"picked":"SKIP","floor":37},{"not_picked":["Headbutt+1","Cleave+1","Second Wind+1"],"picked":"SKIP","floor":38},{"not_picked":["Whirlwind","Spot Weakness"],"picked":"Dual Wield+1","floor":41},{"not_picked":["Anger","Disarm+1","Heavy Blade"],"picked":"SKIP","floor":44},{"not_picked":["Dropkick","Pommel Strike","Heavy Blade"],"picked":"SKIP","floor":45},{"not_picked":["Body Slam","Disarm+1","Battle Trance+1"],"picked":"SKIP","floor":48},{"not_picked":["Body Slam","Disarm+1","Battle Trance+1"],"picked":"SKIP","floor":48}],"player_experience":15759,"relics_obtained":[{"floor":6,"key":"War Paint"},{"floor":9,"key":"Regal Pillow"},{"floor":23,"key":"Pantograph"},{"floor":26,"key":"Happy Flower"},{"floor":41,"key":"Meat on the Bone"},{"floor":43,"key":"Anchor"}],"event_choices":[{"cards_removed":["Defend_R"],"damage_healed":0,"gold_gain":0,"player_choice":"Card Removal","damage_taken":7,"max_hp_gain":0,"max_hp_loss":0,"event_name":"Golden Wing","floor":3,"gold_loss":0},{"damage_healed":0,"gold_gain":0,"player_choice":"Ignored","damage_taken":0,"max_hp_gain":0,"max_hp_loss":0,"event_name":"Liars Game","floor":4,"gold_loss":0},{"cards_removed":["Strike_R"],"damage_healed":0,"gold_gain":0,"player_choice":"Forget","damage_taken":0,"max_hp_gain":0,"max_hp_loss":0,"event_name":"Living Wall","floor":8,"gold_loss":0},{"damage_healed":0,"gold_gain":0,"player_choice":"Paid Gold","damage_taken":0,"relics_obtained":["MawBank"],"max_hp_gain":0,"max_hp_loss":0,"event_name":"WeMeetAgain","floor":13,"gold_loss":66},{"cards_removed":["Strike_R"],"damage_healed":0,"gold_gain":0,"player_choice":"Elegance","damage_taken":0,"max_hp_gain":0,"max_hp_loss":0,"event_name":"Back to Basics","floor":25,"gold_loss":0},{"damage_healed":0,"gold_gain":0,"player_choice":"Obtained Relic","damage_taken":0,"relics_obtained":["Pear"],"max_hp_gain":0,"max_hp_loss":0,"event_name":"Addict","floor":28,"gold_loss":85},{"damage_healed":0,"gold_gain":0,"player_choice":"Ignored","damage_taken":0,"max_hp_gain":0,"max_hp_loss":0,"event_name":"NoteForYourself","floor":36,"gold_loss":0},{"cards_removed":["Parasite"],"damage_healed":0,"gold_gain":0,"player_choice":"Upgrade and Remove","damage_taken":0,"max_hp_gain":0,"max_hp_loss":0,"event_name":"Designer","floor":42,"gold_loss":90,"cards_upgraded":["Body Slam"]},{"damage_healed":0,"gold_gain":0,"player_choice":"Memory 1","damage_taken":0,"max_hp_gain":0,"max_hp_loss":0,"event_name":"SensoryStone","floor":46,"gold_loss":0}],"is_beta":false,"boss_relics":[{"not_picked":["Snecko Eye","Cursed Key"],"picked":"Philosopher\u0027s Stone"},{"not_picked":["Velvet Choker","Mark of Pain","Calling Bell"]}],"items_purged_floors":[12,20,29],"is_endless":false,"potions_floor_spawned":[1,2,14,16,22,30,41,44],"killed_by":"Time Eater","ascension_level":0}