{"gold_per_floor":[113,38,38,50,65,65,84,84,111,111,127,143,43,56,56,161,161,173,184,20,39,39,39,67,67,67,95,95,113,129,129,129,129],"floor_reached":33,"playtime":1837,"items_purged":["Strike_G","Strike_G","Defend_G"],"score":391,"play_id":"abbb276f-ac5e-4fd2-8fde-0e9e932a34dc","local_time":"20181027180202","is_ascension_mode":true,"campfire_choices":[{"data":"Night Terror","floor":6.0,"key":"SMITH"},{"data":"Bouncing Flask","floor":8.0,"key":"SMITH"},{"data":"Leg Sweep","floor":10.0,"key":"SMITH"},{"floor":15.0,"key":"REST"},{"floor":23.0,"key":"REST"},{"floor":25.0,"key":"REST"},{"floor":32.0,"key":"REST"}],"neow_cost":"NONE","seed_source_timestamp":0,"circlet_count":0,"master_deck":["Defend_G","Defend_G","Defend_G","Strike_G","Strike_G","Strike_G","Survivor","Neutralize","Night Terror+1","Bouncing Flask+1","Leg Sweep+1","Poisoned Stab","Bane","Crippling Poison","Backflip","Burst","Dodge and Roll","Footwork","Noxious Fumes+1","Noxious Fumes","Venomology","Leg Sweep+1"],"special_seed":0,"relics":["Ring of the Snake","Snake Skull","Runic Dome","Art of War","Pear","Gremlin Horn"],"potions_floor_usage":[33,33,33,33],"damage_taken":[{"damage":1.0,"enemies":"2 Louse","floor":1.0,"turns":3.0},{"damage":1.0,"enemies":"Jaw Worm","floor":4.0,"turns":3.0},{"damage":4.0,"enemies":"Small Slimes","floor":5.0,"turns":4.0},{"damage":0.0,"enemies":"Blue Slaver","floor":7.0,"turns":4.0},{"damage":1.0,"enemies":"2 Fungi Beasts","floor":11.0,"turns":3.0},{"damage":4.0,"enemies":"Exordium Wildlife","floor":12.0,"turns":2.0},{"damage":6.0,"enemies":"Blue Slaver","floor":14.0,"turns":4.0},{"damage":9.0,"enemies":"The Guardian","floor":16.0,"turns":8.0},{"damage":0.0,"enemies":"Spheric Guardian","floor":18.0,"turns":2.0},{"damage":7.0,"enemies":"Shell Parasite","floor":19.0,"turns":7.0},{"damage":13.0,"enemies":"Snecko","floor":21.0,"turns":4.0},{"damage":20.0,"enemies":"Colosseum Slavers","floor":22.0,"turns":4.0},{"damage":21.0,"enemies":"Gremlin Leader","floor":24.0,"turns":6.0},{"damage":13.0,"enemies":"Book of Stabbing","floor":27.0,"turns":6.0},{"damage":21.0,"enemies":"Snake Plant","floor":29.0,"turns":5.0},{"damage":8.0,"enemies":"Chosen and Byrds","floor":30.0,"turns":4.0},{"damage":40,"enemies":"Automaton","floor":33,"turns":4}],"seed_played":"-2979058738096595167","potions_obtained":[{"floor":1.0,"key":"Energy Potion"},{"floor":11.0,"key":"Swift Potion"},{"floor":12.0,"key":"Energy Potion"},{"floor":27.0,"key":"FearPotion"},{"floor":29.0,"key":"SkillPotion"},{"floor":30.0,"key":"Explosive Potion"},{"floor":31.0,"key":"Energy Potion"}],"is_trial":false,"path_per_floor":["M","$","?","M","M","R","M","R","T","R","M","M","$","M","R","B",null,"M","M","$","M","?","R","E","R","T","E","?","M","M","?","R"],"character_chosen":"THE_SILENT","items_purchased":["Footwork"],"campfire_rested":4,"item_purchase_floors":[20],"current_hp_per_floor":[62,62,55,54,50,50,50,50,50,50,49,45,45,39,60,51,65,65,58,58,45,25,46,25,46,56,43,43,22,14,14,38,0],"gold":129,"neow_bonus":"ONE_RANDOM_RARE_CARD","is_prod":false,"is_daily":false,"chose_seed":false,"campfire_upgraded":3,"win_rate":0,"timestamp":1540688522,"path_taken":["M","$","?","M","M","R","M","R","T","R","M","M","$","M","R","BOSS","M","M","$","M","?","R","E","R","T","E","?","M","?","?","R","BOSS"],"build_version":"2018-10-25v2","purchased_purges":3,"victory":false,"max_hp_per_floor":[70,70,70,70,70,70,70,70,70,70,70,70,70,70,70,70,70,70,70,70,70,70,70,70,70,80,80,80,80,80,80,80,80],"card_choices":[{"not_picked":["Endless Agony","Blur"],"picked":"Bouncing Flask","floor":1.0},{"not_picked":["Reflex","Masterful Stab"],"picked":"Leg Sweep","floor":4.0},{"not_picked":["Quick Slash","Underhanded Strike"],"picked":"Poisoned Stab","floor":5.0},{"not_picked":["Grand Finale","Outmaneuver"],"picked":"Bane","floor":7.0},{"not_picked":["Prepared","Acrobatics"],"picked":"Crippling Poison","floor":11.0},{"not_picked":["Setup","Dagger Throw","Flying Knee"],"picked":"SKIP","floor":12.0},{"not_picked":["Crippling Poison","Caltrops"],"picked":"Backflip","floor":14.0},{"not_picked":["Wraith Form v2","Grand Finale"],"picked":"Burst","floor":16.0},{"not_picked":["Dagger Spray","Poisoned Stab"],"picked":"Dodge and Roll","floor":18.0},{"not_picked":["Prepared+1","Sucker Punch","Setup"],"picked":"SKIP","floor":19.0},{"not_picked":["Deflect","Slice"],"picked":"Noxious Fumes+1","floor":21.0},{"not_picked":["Masterful Stab+1","Dodge and Roll"],"picked":"Noxious Fumes","floor":24.0},{"not_picked":["Flying Knee","Finisher"],"picked":"Venomology","floor":27.0},{"not_picked":["Backflip","Quick Slash"],"picked":"Leg Sweep+1","floor":29.0},{"not_picked":["Slice","Underhanded Strike","Tactician+1"],"picked":"SKIP","floor":30.0}],"player_experience":916558,"relics_obtained":[{"floor":9.0,"key":"Snake Skull"},{"floor":24.0,"key":"Art of War"},{"floor":26.0,"key":"Pear"},{"floor":27.0,"key":"Gremlin Horn"}],"event_choices":[{"cards_removed":["Defend_G"],"damage_healed":0.0,"max_hp_gain":0.0,"max_hp_loss":0.0,"gold_gain":0.0,"event_name":"Golden Wing","player_choice":"Card Removal","floor":3.0,"gold_loss":0.0,"damage_taken":7.0},{"damage_healed":0.0,"max_hp_gain":0.0,"max_hp_loss":0.0,"gold_gain":0.0,"event_name":"Colosseum","player_choice":"Fight","floor":22.0,"gold_loss":0.0,"damage_taken":0.0},{"damage_healed":0.0,"max_hp_gain":0.0,"max_hp_loss":0.0,"gold_gain":0.0,"event_name":"Colosseum","player_choice":"Fled From Nobs","floor":22.0,"gold_loss":0.0,"damage_taken":0.0},{"damage_healed":0.0,"max_hp_gain":0.0,"max_hp_loss":0.0,"gold_gain":0.0,"event_name":"Vampires","player_choice":"Ignored","floor":28.0,"gold_loss":0.0,"damage_taken":0.0},{"damage_healed":0.0,"max_hp_gain":0.0,"max_hp_loss":0.0,"gold_gain":0.0,"event_name":"The Lab","player_choice":"Got Potions","floor":31.0,"gold_loss":0.0,"damage_taken":0.0}],"is_beta":false,"boss_relics":[{"not_picked":["Lizard Tail","Coffee Dripper"],"picked":"Runic Dome"}],"items_purged_floors":[2,13,20],"is_endless":false,"potions_floor_spawned":[1,11,12,19,27,29,30],"killed_by":"Automaton","ascension_level":8}