{"gold_per_floor":[119,130,130,305,315,315,2,2,25,83,83,100,127,137,137,239,239],"floor_reached":17,"playtime":2110,"items_purged":["Doubt"],"score":198,"play_id":"f40d845d-ce57-49c8-a2dd-ab373f05d305","local_time":"20180813141755","is_ascension_mode":true,"campfire_choices":[{"data":"Setup","floor":6,"key":"SMITH"},{"data":"Neutralize","floor":8,"key":"SMITH"},{"floor":15,"key":"REST"}],"neow_cost":"NONE","seed_source_timestamp":634298603536790,"circlet_count":0,"master_deck":["Defend_G","Defend_G","Defend_G","Strike_G","Strike_G","Strike_G","Survivor","Neutralize+1","Sucker Punch+1","Reflex+1","Predator+1","Prepared","Setup+1","Heel Hook","Venomology","Noxious Fumes","Malaise","Phantasmal Killer"],"relics":["Astrolabe","Matryoshka","Omamori","Juzu Bracelet","Tiny Chest","Oddly Smooth Stone","Sozu"],"potions_floor_usage":[13,14,16],"damage_taken":[{"damage":4,"enemies":"Small Slimes","floor":1,"turns":3},{"damage":0,"enemies":"2 Louse","floor":2,"turns":2},{"damage":4,"enemies":"Jaw Worm","floor":5,"turns":3},{"damage":17,"enemies":"Gremlin Nob","floor":10,"turns":4},{"damage":0,"enemies":"Large Slime","floor":12,"turns":5},{"damage":12,"enemies":"3 Sentries","floor":13,"turns":7},{"damage":3,"enemies":"Red Slaver","floor":14,"turns":4},{"damage":26,"enemies":"Hexaghost","floor":16,"turns":11}],"seed_played":"9104077869119043276","potions_obtained":[{"floor":1,"key":"Swift Potion"},{"floor":2,"key":"Fire Potion"}],"is_trial":false,"path_per_floor":["M","M","?","?","M","R","$","R","T","E","?","M","E","M","R","B"],"character_chosen":"THE_SILENT","items_purchased":["Matryoshka"],"campfire_rested":1,"item_purchase_floors":[7],"current_hp_per_floor":[66,66,66,66,62,62,62,62,62,45,45,45,33,30,51,25,70],"gold":239,"neow_bonus":"BOSS_RELIC","is_prod":false,"is_daily":false,"chose_seed":false,"campfire_upgraded":2,"win_rate":0,"timestamp":1534195075,"path_taken":["M","M","?","?","?","R","$","R","T","E","?","M","E","M","R","BOSS"],"build_version":"2018-08-09","purchased_purges":1,"victory":false,"max_hp_per_floor":[70,70,70,70,70,70,70,70,70,70,70,70,70,70,70,70,70],"card_choices":[{"not_picked":["Backstab","Blur"],"picked":"Prepared","floor":1},{"not_picked":["Quick Slash","Blade Dance","Sucker Punch"],"picked":"SKIP","floor":2},{"not_picked":["Accuracy","Blade Dance"],"picked":"Setup","floor":5},{"not_picked":["Dodge and Roll","Sucker Punch"],"picked":"Heel Hook","floor":10},{"not_picked":["Blade Dance","Leg Sweep"],"picked":"Noxious Fumes","floor":12},{"not_picked":["Cloak And Dagger","PiercingWail"],"picked":"Malaise","floor":13},{"not_picked":["Finisher","Deadly Poison","Prepared"],"picked":"SKIP","floor":14},{"not_picked":["Wraith Form v2","Die Die Die"],"picked":"Phantasmal Killer","floor":16}],"player_experience":637984,"relics_obtained":[{"floor":9,"key":"Omamori"},{"floor":9,"key":"Juzu Bracelet"},{"floor":10,"key":"Tiny Chest"},{"floor":13,"key":"Oddly Smooth Stone"}],"event_choices":[{"event_name":"Living Wall","player_choice":"Forget","floor":3,"damage_taken":0},{"event_name":"Liars Game","player_choice":"agreed","floor":4,"damage_taken":0},{"event_name":"Match and Keep!","player_choice":"1 cards matched","floor":11,"damage_taken":0}],"is_beta":false,"boss_relics":[{"not_picked":["Orrery","Coffee Dripper"],"picked":"Sozu"}],"items_purged_floors":[7],"is_endless":false,"potions_floor_spawned":[1,2,13,14],"ascension_level":4}