{"gold_per_floor":[111,127,127,127,13,44,44,61,108,124,124,55,55,55,55,159,159,174,50,66,77,112,112,132,147,174,186,203,223,223,223,223,223],"floor_reached":33,"playtime":1818,"items_purged":["Strike_G","Defend_G"],"score":349,"play_id":"ea5c1a4d-2448-4577-8576-aa5eb0468533","local_time":"20180831100037","is_ascension_mode":true,"campfire_choices":[{"data":"Storm of Steel","floor":7,"key":"SMITH"},{"data":"Accuracy","floor":11,"key":"SMITH"},{"data":"Accuracy","floor":13,"key":"SMITH"},{"data":"Accuracy","floor":15,"key":"SMITH"},{"data":"Blade Dance","floor":23,"key":"SMITH"},{"data":"Cloak And Dagger","floor":32,"key":"SMITH"}],"neow_cost":"NONE","seed_source_timestamp":362115213730920,"circlet_count":0,"master_deck":["Defend_G","Defend_G","Defend_G","Strike_G","Strike_G","Strike_G","Strike_G","Survivor","Neutralize","Storm of Steel+1","Accuracy+1","Choke","Reflex","Accuracy+1","Acrobatics","Blade Dance+1","Accuracy+1","Venomology","Blade Dance+1","Backflip","Cloak And Dagger+1","Tactician","Infinite Blades","Masterful Stab","Blade Dance+1","Blade Dance","Acrobatics+1","Finisher+1","Cloak And Dagger+1","Calculated Gamble"],"relics":["Ring of the Snake","Matryoshka","Prayer Wheel","Ancient Tea Set","Anchor","Coffee Dripper","Red Mask","Oddly Smooth Stone","Regal Pillow"],"potions_floor_usage":[27,29,33],"damage_taken":[{"damage":0,"enemies":"2 Louse","floor":1,"turns":2},{"damage":4,"enemies":"Small Slimes","floor":2,"turns":3},{"damage":23,"enemies":"Gremlin Nob","floor":6,"turns":4},{"damage":0,"enemies":"Cultist","floor":8,"turns":2},{"damage":10,"enemies":"Large Slime","floor":10,"turns":4},{"damage":28,"enemies":"Slime Boss","floor":16,"turns":6},{"damage":0,"enemies":"2 Thieves","floor":18,"turns":2},{"damage":0,"enemies":"Spheric Guardian","floor":20,"turns":1},{"damage":11,"enemies":"Centurion and Healer","floor":21,"turns":3},{"damage":10,"enemies":"Masked Bandits","floor":22,"turns":3},{"damage":0,"enemies":"Cultist and Chosen","floor":24,"turns":3},{"damage":0,"enemies":"3 Cultists","floor":25,"turns":3},{"damage":21,"enemies":"Snake Plant","floor":27,"turns":5},{"damage":9,"enemies":"Centurion and Healer","floor":28,"turns":4},{"damage":0,"enemies":"Snecko","floor":29,"turns":2},{"damage":11,"enemies":"Automaton","floor":33,"turns":2}],"seed_played":"5732895524031182819","potions_obtained":[{"floor":1,"key":"Dexterity Potion"},{"floor":6,"key":"Explosive Potion"},{"floor":16,"key":"GhostInAJar"},{"floor":20,"key":"FearPotion"},{"floor":21,"key":"SteroidPotion"}],"is_trial":false,"path_per_floor":["M","M","?","T","$","E","R","M","T","M","R","$","R","?","R","B",null,"M","$","M","M","?","R","M","M","T","M","M","M","?","?","R"],"character_chosen":"THE_SILENT","items_purchased":["Reflex","Accuracy","Backflip"],"campfire_rested":0,"item_purchase_floors":[5,12,19],"current_hp_per_floor":[63,59,52,52,52,29,29,29,29,19,19,19,19,42,42,14,56,56,56,56,45,35,35,35,35,35,14,5,5,5,5,5,0],"gold":223,"neow_bonus":"ONE_RANDOM_RARE_CARD","is_prod":false,"is_daily":false,"chose_seed":false,"campfire_upgraded":6,"win_rate":0,"timestamp":1535734837,"path_taken":["M","M","?","?","$","E","R","?","T","M","R","$","R","?","R","BOSS","M","$","M","?","?","R","M","M","T","M","M","M","?","?","R","BOSS"],"build_version":"2018-08-30","purchased_purges":2,"victory":false,"max_hp_per_floor":[70,70,70,70,70,70,70,70,70,70,70,70,70,70,70,70,70,70,70,70,70,70,70,70,70,70,70,70,70,70,70,70,70],"card_choices":[{"not_picked":["Bane","Dagger Spray"],"picked":"Accuracy","floor":1},{"not_picked":["PiercingWail","Prepared"],"picked":"Choke","floor":2},{"not_picked":["All Out Attack","Dodge and Roll","Malaise"],"picked":"SKIP","floor":6},{"not_picked":["Underhanded Strike","Bane"],"picked":"Accuracy","floor":8},{"not_picked":["Footwork","Flying Knee"],"picked":"Acrobatics","floor":8},{"not_picked":["Tactician","Backflip"],"picked":"Blade Dance","floor":10},{"not_picked":["Eviscerate","Poisoned Stab","Dodge and Roll"],"picked":"SKIP","floor":10},{"not_picked":["Envenom","Night Terror"],"picked":"Venomology","floor":16},{"not_picked":["Dash","Outmaneuver"],"picked":"Blade Dance+1","floor":18},{"not_picked":["Dagger Throw","PiercingWail","Sucker Punch"],"picked":"SKIP","floor":18},{"not_picked":["Acrobatics","Deflect"],"picked":"Cloak And Dagger+1","floor":20},{"not_picked":["Flying Knee","Deadly Poison"],"picked":"Tactician","floor":20},{"not_picked":["Setup","Calculated Gamble"],"picked":"Infinite Blades","floor":21},{"not_picked":["Footwork+1","Poisoned Stab"],"picked":"Masterful Stab","floor":21},{"not_picked":["Deadly Poison","Slice"],"picked":"Blade Dance","floor":24},{"not_picked":["Deflect","Underhanded Strike"],"picked":"Blade Dance","floor":24},{"not_picked":["Dodge and Roll","Heel Hook"],"picked":"Acrobatics+1","floor":25},{"not_picked":["Backflip","Leg Sweep","Outmaneuver"],"picked":"SKIP","floor":25},{"not_picked":["Backflip","Calculated Gamble"],"picked":"Finisher+1","floor":27},{"not_picked":["Quick Slash+1","Leg Sweep+1"],"picked":"Cloak And Dagger","floor":27},{"not_picked":["Tactician","Dagger Throw","Malaise"],"picked":"SKIP","floor":28},{"not_picked":["Tactician","Quick Slash","Slice+1"],"picked":"SKIP","floor":28},{"not_picked":["Bouncing Flask+1","All Out Attack"],"picked":"Calculated Gamble","floor":29},{"not_picked":["Dagger Throw","Prepared","Catalyst+1"],"picked":"SKIP","floor":29}],"player_experience":739281,"relics_obtained":[{"floor":4,"key":"Matryoshka"},{"floor":6,"key":"Prayer Wheel"},{"floor":9,"key":"Ancient Tea Set"},{"floor":9,"key":"Anchor"},{"floor":22,"key":"Red Mask"},{"floor":26,"key":"Oddly Smooth Stone"},{"floor":26,"key":"Regal Pillow"}],"event_choices":[{"event_name":"Golden Wing","player_choice":"Card Removal","floor":3,"damage_taken":0},{"event_name":"Big Fish","player_choice":"Banana","floor":14,"damage_taken":0},{"event_name":"Masked Bandits","player_choice":"Fought Bandits","floor":22,"damage_taken":0},{"event_name":"Cursed Tome","player_choice":"Ignored","floor":30,"damage_taken":0},{"event_name":"Accursed Blacksmith","player_choice":"Forge","floor":31,"damage_taken":0}],"is_beta":false,"boss_relics":[{"not_picked":["Black Star","HoveringKite"],"picked":"Coffee Dripper"}],"items_purged_floors":[5,19],"is_endless":false,"potions_floor_spawned":[1,6,16,20,21,25],"killed_by":"Automaton","ascension_level":6}