{"gold_per_floor":[116,41,41,53,18,43,43,70,151,151,166,166,230,230,230,230],"floor_reached":16,"playtime":949,"items_purged":["Defend_R"],"score":106,"play_id":"4eb2d484-3a45-4f9c-8bf2-03c5524daf37","local_time":"20190814003711","is_ascension_mode":false,"campfire_choices":[{"data":"Metallicize","floor":7,"key":"SMITH"},{"data":"Shrug It Off","floor":12,"key":"SMITH"},{"floor":15,"key":"REST"}],"neow_cost":"NONE","seed_source_timestamp":1035847313142143,"circlet_count":0,"master_deck":["Strike_R","Strike_R","Strike_R","Strike_R","Strike_R","Defend_R","Defend_R","Defend_R","Bash","Shrug It Off+1","Thunderclap","Iron Wave","Metallicize+1","Iron Wave","Iron Wave","Headbutt"],"relics":["Burning Blood","Smiling Mask","Centennial Puzzle","Mercury Hourglass","Mummified Hand","Bag of Marbles","Golden Idol"],"potions_floor_usage":[16],"damage_taken":[{"damage":0,"enemies":"Jaw Worm","floor":1,"turns":5},{"damage":0,"enemies":"Small Slimes","floor":4,"turns":3},{"damage":34,"enemies":"Gremlin Nob","floor":6,"turns":5},{"damage":20,"enemies":"3 Sentries","floor":8,"turns":10},{"damage":0,"enemies":"Cultist","floor":11,"turns":2},{"damage":27,"enemies":"Lagavulin Event","floor":13,"turns":9},{"damage":33,"enemies":"Hexaghost","floor":16,"turns":14}],"seed_played":"8081720678390442800","potions_obtained":[{"floor":13,"key":"Block Potion"}],"is_trial":false,"path_per_floor":["M","$","?","M","$","E","R","E","T","?","M","R","?","?","R","B"],"character_chosen":"IRONCLAD","items_purchased":["Metallicize"],"campfire_rested":1,"item_purchase_floors":[5],"current_hp_per_floor":[80,80,85,85,85,57,57,43,43,43,49,49,28,7,32,0],"gold":230,"neow_bonus":"THREE_CARDS","is_prod":false,"is_daily":false,"chose_seed":false,"campfire_upgraded":2,"win_rate":0,"timestamp":1565735831,"path_taken":["M","$","?","M","$","E","R","E","T","?","?","R","?","?","R","BOSS"],"build_version":"2019-07-17","purchased_purges":1,"victory":false,"max_hp_per_floor":[80,80,85,85,85,85,85,85,85,85,85,85,85,85,85,85],"card_choices":[{"not_picked":["Flex","Pummel"],"picked":"Shrug It Off","floor":0},{"not_picked":["Heavy Blade","Cleave"],"picked":"Thunderclap","floor":1},{"not_picked":["Searing Blow","Headbutt"],"picked":"Iron Wave","floor":4},{"not_picked":["Bludgeon","Pummel"],"picked":"Iron Wave","floor":6},{"not_picked":["Carnage","Body Slam"],"picked":"Warcry","floor":8},{"not_picked":["Warcry","Sword Boomerang"],"picked":"Iron Wave","floor":11},{"not_picked":["Blood for Blood","Body Slam"],"picked":"Headbutt","floor":13}],"player_experience":303562,"relics_obtained":[{"floor":6,"key":"Smiling Mask"},{"floor":8,"key":"Centennial Puzzle"},{"floor":9,"key":"Mercury Hourglass"},{"floor":13,"key":"Bag of Marbles"}],"event_choices":[{"damage_healed":0,"gold_gain":0,"player_choice":"Donut","damage_taken":0,"max_hp_gain":5,"max_hp_loss":0,"event_name":"Big Fish","floor":3,"gold_loss":0},{"cards_removed":["Warcry"],"damage_healed":0,"gold_gain":0,"player_choice":"Gave Card","damage_taken":0,"relics_obtained":["Mummified Hand"],"max_hp_gain":0,"max_hp_loss":0,"event_name":"WeMeetAgain","floor":10,"gold_loss":0},{"damage_healed":0,"gold_gain":0,"player_choice":"Searched \u00271\u0027 times","damage_taken":0,"max_hp_gain":0,"max_hp_loss":0,"event_name":"Dead Adventurer","floor":13,"gold_loss":0},{"damage_healed":0,"gold_gain":0,"player_choice":"Take Damage","damage_taken":21,"relics_obtained":["Golden Idol"],"max_hp_gain":0,"max_hp_loss":0,"event_name":"Golden Idol","floor":14,"gold_loss":0}],"is_beta":false,"boss_relics":[],"items_purged_floors":[2],"is_endless":false,"potions_floor_spawned":[13],"killed_by":"Hexaghost","ascension_level":0}