{"gold_per_floor":[110,17,32,32,32,32,47,47,47,73,90,101,101,27,27,102,102,115,30,40,51,51,51,83,83,83,133,152,22,42,68,68,143,143,162,181,181,181,231,231,249,278,278,290,290,60,92,92,92,92],"floor_reached":51,"playtime":1987,"items_purged":["Strike_R"],"score":1425,"play_id":"47ef8fcd-d1f9-4b7f-b2e7-5273933c04b9","local_time":"20190323101703","is_ascension_mode":true,"campfire_choices":[{"data":"Sword Boomerang","floor":6.0,"key":"SMITH"},{"data":"Battle Trance","floor":8.0,"key":"SMITH"},{"floor":15.0,"key":"REST"},{"floor":23.0,"key":"REST"},{"floor":25.0,"key":"REST"},{"floor":32.0,"key":"REST"},{"floor":40,"key":"REST"},{"floor":45,"key":"REST"},{"floor":49,"key":"RECALL"}],"neow_cost":"NONE","seed_source_timestamp":0,"circlet_count":0,"master_deck":["AscendersBane","Strike_R+1","Defend_R+1","Bash+1","Brutality+1","Intimidate+1","Thunderclap+1","Rupture+1","Sword Boomerang+1","Battle Trance+1","Bloodletting+1","Shockwave+1","Carnage+1","Shrug It Off+1","Combust+1","Immolate+1","Rupture+1","Shrug It Off+1","Blood for Blood+1","Heavy Blade+1","Heavy Blade+1","Dual Wield+1","Limit Break+1","Warcry+1","Headbutt+1","PanicButton+1","Bloodletting+1","Whirlwind+1","Inflame+1","Flex+1","Demon Form+1"],"special_seed":0,"relics":["Astrolabe","Meat on the Bone","Molten Egg 2","Anchor","Fusion Hammer","Bird Faced Urn","Sundial","Charon\u0027s Ashes","Strawberry","Black Star","Dead Branch","Torii","Mercury Hourglass","Shuriken","Whetstone","Self Forming Clay","Bottled Flame","Mark of the Bloom"],"potions_floor_usage":[42],"damage_taken":[{"damage":5.0,"enemies":"Jaw Worm","floor":1.0,"turns":4.0},{"damage":2.0,"enemies":"Cultist","floor":3.0,"turns":3.0},{"damage":6.0,"enemies":"Small Slimes","floor":7.0,"turns":3.0},{"damage":47.0,"enemies":"3 Sentries","floor":10.0,"turns":5.0},{"damage":11.0,"enemies":"2 Fungi Beasts","floor":11.0,"turns":3.0},{"damage":1.0,"enemies":"Blue Slaver","floor":12.0,"turns":2.0},{"damage":50.0,"enemies":"Hexaghost","floor":16.0,"turns":5.0},{"damage":23.0,"enemies":"Shell Parasite","floor":18.0,"turns":4.0},{"damage":14.0,"enemies":"Chosen","floor":20.0,"turns":3.0},{"damage":18.0,"enemies":"Snake Plant","floor":21.0,"turns":4.0},{"damage":33.0,"enemies":"Book of Stabbing","floor":24.0,"turns":4.0},{"damage":18.0,"enemies":"Centurion and Healer","floor":28.0,"turns":3.0},{"damage":13.0,"enemies":"Sentry and Sphere","floor":30.0,"turns":3.0},{"damage":27.0,"enemies":"Slavers","floor":31.0,"turns":3.0},{"damage":61.0,"enemies":"Automaton","floor":33.0,"turns":5.0},{"damage":8,"enemies":"3 Darklings","floor":35,"turns":3},{"damage":3,"enemies":"Orb Walker","floor":36,"turns":3},{"damage":36,"enemies":"2 Orb Walkers","floor":39,"turns":3},{"damage":31,"enemies":"3 Darklings","floor":41,"turns":3},{"damage":21,"enemies":"Nemesis","floor":42,"turns":5},{"damage":17,"enemies":"Writhing Mass","floor":44,"turns":2},{"damage":2,"enemies":"Reptomancer","floor":47,"turns":3},{"damage":28,"enemies":"Time Eater","floor":50,"turns":5}],"seed_played":"2186341649507462037","potions_obtained":[{"floor":3.0,"key":"Regen Potion"},{"floor":11.0,"key":"Regen Potion"},{"floor":12.0,"key":"Block Potion"},{"floor":18.0,"key":"GamblersBrew"},{"floor":20.0,"key":"Ancient Potion"},{"floor":33.0,"key":"BloodPotion"},{"floor":42,"key":"AttackPotion"}],"is_trial":false,"path_per_floor":["M","$","M","?","T","R","M","R","T","E","M","M","?","$","R","B",null,"M","?","M","M","?","R","E","R","T","?","M","$","M","E","R","B",null,"M","M","?","?","?","R","M","E","T","M","R","$","E","?","R","B",null],"character_chosen":"IRONCLAD","items_purchased":["Sword Boomerang","Battle Trance","Combust","Heavy Blade+1","Whetstone","Flex"],"campfire_rested":6,"item_purchase_floors":[2,2,14,29,46,46],"current_hp_per_floor":[63,63,61,54,54,54,48,48,48,27,28,39,39,39,61,28,63,40,40,44,46,46,68,43,65,65,65,55,55,50,46,70,31,69,67,70,70,70,50,74,51,42,42,43,67,67,71,71,71,43],"gold":92,"neow_bonus":"BOSS_RELIC","is_prod":false,"is_daily":false,"chose_seed":false,"campfire_upgraded":2,"win_rate":0,"timestamp":1553361423,"path_taken":["M","$","M","?","?","R","M","R","T","E","M","M","?","?","R","BOSS","M","?","M","M","?","R","E","R","T","?","M","?","M","E","R","BOSS","M","M","?","?","?","R","M","E","T","M","R","$","E","?","R","BOSS"],"build_version":"2019-01-23","purchased_purges":1,"victory":true,"max_hp_per_floor":[75,75,75,75,75,75,75,75,75,75,75,75,75,75,75,75,75,75,75,75,75,75,75,75,75,75,75,75,75,75,82,82,82,82,82,82,82,82,82,82,82,82,82,82,82,82,82,82,82,82],"card_choices":[{"not_picked":["Sword Boomerang","Flame Barrier"],"picked":"Rupture","floor":1.0},{"not_picked":["Perfected Strike","Feel No Pain"],"picked":"Bloodletting","floor":3.0},{"not_picked":["Clash","Anger"],"picked":"Twin Strike","floor":7.0},{"not_picked":["Fire Breathing","Clothesline+1"],"picked":"Shockwave","floor":10.0},{"not_picked":["Clash+1","Armaments"],"picked":"Carnage+1","floor":11.0},{"not_picked":["Battle Trance","Body Slam+1"],"picked":"Shrug It Off","floor":12.0},{"not_picked":["Exhume","Impervious"],"picked":"Immolate+1","floor":16.0},{"not_picked":["True Grit","Thunderclap+1"],"picked":"Rupture","floor":18.0},{"not_picked":["Warcry","Clash+1"],"picked":"Shrug It Off","floor":20.0},{"not_picked":["Pommel Strike+1","Wild Strike+1","Anger+1"],"picked":"SKIP","floor":21.0},{"not_picked":["Barricade","Armaments+1"],"picked":"Blood for Blood+1","floor":24.0},{"not_picked":["Evolve","Pommel Strike+1"],"picked":"Heavy Blade+1","floor":28.0},{"not_picked":["Clothesline+1","Body Slam+1","Anger+1"],"picked":"SKIP","floor":30.0},{"not_picked":["Disarm","Fire Breathing"],"picked":"Dual Wield","floor":31.0},{"not_picked":["Offering","Bludgeon+1"],"picked":"Limit Break","floor":33.0},{"not_picked":["Havoc","Power Through"],"picked":"Warcry","floor":35},{"not_picked":["Clothesline+1","Combust"],"picked":"Headbutt+1","floor":36},{"not_picked":["Blind","Chrysalis"],"picked":"PanicButton","floor":38},{"not_picked":["Cleave+1","Seeing Red"],"picked":"Bloodletting","floor":39},{"not_picked":["Headbutt+1","Fire Breathing"],"picked":"Whirlwind+1","floor":41},{"not_picked":["Havoc","Evolve"],"picked":"Inflame+1","floor":42},{"not_picked":["Hemokinesis+1","Rage","Shockwave"],"picked":"SKIP","floor":44},{"not_picked":["Cleave+1","Burning Pact"],"picked":"Demon Form","floor":47}],"player_experience":1245208,"relics_obtained":[{"floor":5.0,"key":"Meat on the Bone"},{"floor":9.0,"key":"Molten Egg 2"},{"floor":10.0,"key":"Anchor"},{"floor":24.0,"key":"Sundial"},{"floor":26.0,"key":"Charon\u0027s Ashes"},{"floor":31.0,"key":"Strawberry"},{"floor":39,"key":"Dead Branch"},{"floor":42,"key":"Torii"},{"floor":42,"key":"Mercury Hourglass"},{"floor":43,"key":"Shuriken"},{"floor":47,"key":"Self Forming Clay"},{"floor":47,"key":"Bottled Flame"}],"event_choices":[{"cards_removed":["Defend_R"],"damage_healed":0.0,"max_hp_gain":0.0,"max_hp_loss":0.0,"gold_gain":0.0,"event_name":"Golden Wing","player_choice":"Card Removal","floor":4.0,"gold_loss":0.0,"damage_taken":7.0},{"cards_removed":["Defend_R"],"damage_healed":0.0,"max_hp_gain":0.0,"max_hp_loss":0.0,"gold_gain":0.0,"event_name":"Living Wall","player_choice":"Forget","floor":13.0,"gold_loss":0.0,"damage_taken":0.0},{"damage_healed":0.0,"max_hp_gain":0.0,"max_hp_loss":0.0,"gold_gain":0.0,"event_name":"Addict","player_choice":"Obtained Relic","floor":19.0,"gold_loss":85.0,"damage_taken":0.0,"relics_obtained":["Bird Faced Urn"]},{"cards_removed":["Strike_R"],"damage_healed":0.0,"max_hp_gain":0.0,"max_hp_loss":0.0,"gold_gain":0.0,"event_name":"Back to Basics","player_choice":"Elegance","floor":22.0,"gold_loss":0.0,"damage_taken":0.0},{"damage_healed":0.0,"max_hp_gain":0.0,"max_hp_loss":0.0,"gold_gain":50.0,"event_name":"Nest","player_choice":"Stole From Cult","floor":27.0,"gold_loss":0.0,"damage_taken":0.0},{"cards_removed":["Twin Strike"],"damage_healed":0,"gold_gain":0,"player_choice":"Removed Attack","damage_taken":0,"max_hp_gain":0,"max_hp_loss":0,"event_name":"Falling","floor":37,"gold_loss":0},{"damage_healed":0,"gold_gain":0,"player_choice":"Memory 1","damage_taken":0,"max_hp_gain":0,"max_hp_loss":0,"event_name":"SensoryStone","floor":38,"gold_loss":0},{"damage_healed":0,"gold_gain":0,"player_choice":"Fight","damage_taken":0,"max_hp_gain":0,"max_hp_loss":0,"event_name":"Mysterious Sphere","floor":39,"gold_loss":0},{"damage_healed":0,"gold_gain":0,"player_choice":"Upgrade","damage_taken":0,"relics_obtained":["Mark of the Bloom"],"max_hp_gain":0,"max_hp_loss":0,"event_name":"MindBloom","floor":48,"gold_loss":0,"cards_upgraded":["Defend_R","Rupture","Bloodletting","Shockwave","Shrug It Off","Combust","Rupture","Shrug It Off","Dual Wield","Limit Break","Warcry","PanicButton","Bloodletting","Flex","Demon Form"]}],"is_beta":false,"boss_relics":[{"not_picked":["Pandora\u0027s Box","Busted Crown"],"picked":"Fusion Hammer"},{"not_picked":["Orrery","Coffee Dripper"],"picked":"Black Star"}],"items_purged_floors":[29],"is_endless":false,"potions_floor_spawned":[3,11,12,18,20,21,33,39,42],"ascension_level":17}