{"gold_per_floor":[115,127,52,52,52,52,62,62,62,80,96,17,0,0,0,95,145,161,161,236,136,151,151,26,26,26,26,40,60,60,76,76,181,181,191,41,141,157,157,157,173,192,270,305,318,333,333,364,364,364,364,364,43,69,69],"floor_reached":56,"playtime":11192,"items_purged":["Defend_G","Defend_G","Strike_G","Noxious Fumes","Prepared"],"score":1647,"play_id":"b0a360ef-2044-45e2-b0d5-fb2cfca6f27a","local_time":"20190813191231","is_ascension_mode":false,"campfire_choices":[{"floor":6.0,"key":"REST"},{"data":"Tactician","floor":8.0,"key":"SMITH"},{"data":"Reflex","floor":15.0,"key":"SMITH"},{"data":"Strike_G","floor":23.0,"key":"PURGE"},{"data":"Defend_G+1","floor":27.0,"key":"PURGE"},{"data":"Strike_G","floor":30.0,"key":"PURGE"},{"data":"Defend_G+1","floor":32.0,"key":"PURGE"},{"data":"Concentrate+1","floor":40.0,"key":"PURGE"},{"data":"Reflex+1","floor":47.0,"key":"PURGE"},{"floor":49.0,"key":"RECALL"},{"data":"Acrobatics","floor":52.0,"key":"SMITH"}],"neow_cost":"PERCENT_DAMAGE","seed_source_timestamp":0,"circlet_count":0,"master_deck":["Tactician+1","Underhanded Strike+1","Acrobatics+1","Backflip+1"],"special_seed":0,"relics":["Ring of the Snake","Peace Pipe","Tiny House","Matryoshka","Empty Cage","Potion Belt","Pear","Gremlin Horn","War Paint","Whetstone"],"potions_floor_usage":[55],"damage_taken":[{"damage":5.0,"enemies":"Cultist","floor":1.0,"turns":7.0},{"damage":0.0,"enemies":"2 Louse","floor":2.0,"turns":3.0},{"damage":1.0,"enemies":"Jaw Worm","floor":7.0,"turns":6.0},{"damage":0.0,"enemies":"Large Slime","floor":10.0,"turns":8.0},{"damage":8.0,"enemies":"3 Louse","floor":11.0,"turns":3.0},{"damage":28.0,"enemies":"The Guardian","floor":16.0,"turns":16.0},{"damage":8.0,"enemies":"2 Thieves","floor":18.0,"turns":5.0},{"damage":2.0,"enemies":"Chosen","floor":22.0,"turns":8.0},{"damage":0.0,"enemies":"3 Cultists","floor":28.0,"turns":5.0},{"damage":24.0,"enemies":"Chosen and Byrds","floor":29.0,"turns":7.0},{"damage":0.0,"enemies":"Sentry and Sphere","floor":31.0,"turns":4.0},{"damage":0.0,"enemies":"Champ","floor":33.0,"turns":1.0},{"damage":0.0,"enemies":"3 Darklings","floor":35.0,"turns":1.0},{"damage":0.0,"enemies":"3 Shapes","floor":38.0,"turns":1.0},{"damage":0.0,"enemies":"3 Darklings","floor":41.0,"turns":1.0},{"damage":0.0,"enemies":"Spire Growth","floor":42.0,"turns":1.0},{"damage":0.0,"enemies":"Giant Head","floor":44.0,"turns":1.0},{"damage":0.0,"enemies":"4 Shapes","floor":45.0,"turns":1.0},{"damage":0.0,"enemies":"Jaw Worm Horde","floor":46.0,"turns":1.0},{"damage":0.0,"enemies":"Nemesis","floor":48.0,"turns":1.0},{"damage":0.0,"enemies":"Awakened One","floor":50.0,"turns":2.0},{"damage":0.0,"enemies":"Shield and Spear","floor":54.0,"turns":1.0},{"damage":0,"enemies":"The Heart","floor":55,"turns":4}],"seed_played":"5698273102958441047","potions_obtained":[{"floor":2.0,"key":"Fire Potion"},{"floor":7.0,"key":"SpeedPotion"},{"floor":10.0,"key":"Swift Potion"},{"floor":16.0,"key":"Explosive Potion"},{"floor":17.0,"key":"SmokeBomb"},{"floor":18.0,"key":"SteroidPotion"},{"floor":22.0,"key":"Explosive Potion"},{"floor":46.0,"key":"Swift Potion"},{"floor":48.0,"key":"Energy Potion"}],"is_trial":false,"path_per_floor":["M","M","$","?","?","R","M","R","T","M","M","$","?","?","R","B",null,"M","?","?","$","M","R","$","?","T","R","M","M","R","M","R","B",null,"M","$","?","M","?","R","M","M","T","E","M","M","R","E","R","B",null,"R","$","E","B",null],"character_chosen":"THE_SILENT","items_purchased":["Concentrate","War Paint"],"campfire_rested":1,"item_purchase_floors":[12,53],"current_hp_per_floor":[44,44,44,37,23,44,43,43,43,43,35,35,35,35,35,7,75,67,67,60,60,58,58,58,58,58,58,58,34,34,34,34,34,75,75,75,75,75,75,75,75,75,75,85,85,85,85,85,85,85,85,85,85,85,85],"gold":69,"neow_bonus":"REMOVE_TWO","is_prod":false,"is_daily":false,"chose_seed":false,"campfire_upgraded":3,"win_rate":0,"timestamp":1565716351,"path_taken":["M","?","?","?","?","R","M","R","T","M","M","?","?","?","R","BOSS","M","?","?","$","?","R","?","?","T","R","M","M","R","M","R","BOSS","M","$","?","?","?","R","M","M","T","E","M","M","R","E","R","BOSS","R","$","E","BOSS"],"build_version":"2019-07-17","purchased_purges":5,"victory":true,"max_hp_per_floor":[70,70,70,70,70,70,70,70,70,70,70,70,70,70,70,70,75,75,75,75,75,75,75,75,75,75,75,75,75,75,75,75,75,75,75,75,75,75,75,75,75,75,75,85,85,85,85,85,85,85,85,85,85,85,85],"card_choices":[{"not_picked":["Poisoned Stab","Cloak And Dagger"],"picked":"Tactician","floor":1.0},{"not_picked":["Riddle With Holes","Crippling Poison"],"picked":"Prepared","floor":2.0},{"not_picked":["Infinite Blades","Distraction"],"picked":"Noxious Fumes","floor":7.0},{"not_picked":["Bane","Slice"],"picked":"Reflex","floor":10.0},{"not_picked":["Crippling Poison","Dagger Spray"],"picked":"Underhanded Strike","floor":11.0},{"not_picked":["Dodge and Roll","Skewer"],"picked":"Acrobatics","floor":17.0},{"not_picked":["Footwork+1","Deadly Poison","Deflect+1"],"picked":"SKIP","floor":18.0},{"not_picked":["Deflect","Poisoned Stab"],"picked":"Backflip","floor":22.0},{"not_picked":["Bane","Underhanded Strike","Concentrate+1"],"picked":"SKIP","floor":28.0},{"not_picked":["Riddle With Holes","Skewer+1","Quick Slash+1"],"picked":"SKIP","floor":29.0},{"not_picked":["Infinite Blades+1","Dodge and Roll+1","Sucker Punch"],"picked":"SKIP","floor":31.0},{"not_picked":["Skewer+1","Footwork+1","Accuracy+1"],"picked":"SKIP","floor":35.0},{"not_picked":["Terror+1","PiercingWail+1","Calculated Gamble"],"picked":"SKIP","floor":38.0},{"not_picked":["Bane+1","PiercingWail+1","Slice"],"picked":"SKIP","floor":41.0},{"not_picked":["PiercingWail","Predator+1","Calculated Gamble"],"picked":"SKIP","floor":42.0},{"not_picked":["Acrobatics","Underhanded Strike","Skewer+1"],"picked":"SKIP","floor":44.0},{"not_picked":["Crippling Poison+1","Dagger Throw","Flechettes"],"picked":"SKIP","floor":45.0},{"not_picked":["Dodge and Roll+1","Bane","Acrobatics"],"picked":"SKIP","floor":46.0},{"not_picked":["Terror+1","Sucker Punch","Tactician"],"picked":"SKIP","floor":48.0},{"not_picked":["Dodge and Roll","All Out Attack","Unload"],"picked":"SKIP","floor":54.0}],"player_experience":286860,"relics_obtained":[{"floor":9.0,"key":"Peace Pipe"},{"floor":26.0,"key":"Matryoshka"},{"floor":43.0,"key":"Potion Belt"},{"floor":44.0,"key":"Pear"},{"floor":48.0,"key":"Gremlin Horn"},{"floor":54.0,"key":"Whetstone"}],"event_choices":[{"cards_removed":["Defend_G"],"damage_healed":0.0,"max_hp_gain":0.0,"max_hp_loss":0.0,"gold_gain":0.0,"event_name":"Golden Wing","player_choice":"Card Removal","floor":4.0,"gold_loss":0.0,"damage_taken":7.0},{"damage_healed":0.0,"max_hp_gain":0.0,"max_hp_loss":0.0,"gold_gain":0.0,"event_name":"Shining Light","player_choice":"Entered Light","floor":5.0,"gold_loss":0.0,"damage_taken":14.0,"cards_upgraded":["Defend_G","Defend_G"]},{"damage_healed":0.0,"max_hp_gain":0.0,"max_hp_loss":0.0,"gold_gain":0.0,"event_name":"World of Goop","player_choice":"Left Gold","floor":13.0,"gold_loss":17.0,"damage_taken":0.0},{"damage_healed":0.0,"max_hp_gain":0.0,"max_hp_loss":0.0,"gold_gain":0.0,"event_name":"Dead Adventurer","player_choice":"Searched \u00270\u0027 times","floor":14.0,"gold_loss":0.0,"damage_taken":0.0},{"damage_healed":0.0,"max_hp_gain":0.0,"max_hp_loss":0.0,"gold_gain":0.0,"event_name":"The Mausoleum","player_choice":"Ignored","floor":19.0,"gold_loss":0.0,"damage_taken":0.0},{"damage_healed":0.0,"max_hp_gain":0.0,"max_hp_loss":0.0,"gold_gain":75.0,"event_name":"FaceTrader","player_choice":"Touch","floor":20.0,"gold_loss":0.0,"damage_taken":7.0},{"damage_healed":0.0,"max_hp_gain":0.0,"max_hp_loss":0.0,"gold_gain":0.0,"event_name":"Ghosts","player_choice":"Ignored","floor":25.0,"gold_loss":0.0,"damage_taken":0.0},{"damage_healed":0.0,"max_hp_gain":0.0,"max_hp_loss":0.0,"gold_gain":100.0,"event_name":"Golden Shrine","player_choice":"Pray","floor":37.0,"gold_loss":0.0,"damage_taken":0.0},{"damage_healed":0.0,"max_hp_gain":0.0,"max_hp_loss":0.0,"gold_gain":0.0,"event_name":"Accursed Blacksmith","player_choice":"Ignored","floor":39.0,"gold_loss":0.0,"damage_taken":0.0}],"is_beta":false,"boss_relics":[{"not_picked":["WristBlade","Calling Bell"],"picked":"Tiny House"},{"not_picked":["Ring of the Serpent","Coffee Dripper"],"picked":"Empty Cage"}],"items_purged_floors":[3,21,24,36,53],"is_endless":false,"potions_floor_spawned":[2,7,10,16,18,22,29,41,42,46,48],"ascension_level":0}