{"gold_per_floor":[117,117,136,61,79,79,106,106,106,125,139,169,169,181,181,257,257],"floor_reached":17,"playtime":897,"items_purged":[],"score":283,"play_id":"b253ba74-8ad6-44a5-8486-b44f795abd1b","local_time":"20190617212610","is_ascension_mode":true,"campfire_choices":[{"data":"Backstab","floor":6,"key":"SMITH"},{"data":"Deflect","floor":8,"key":"SMITH"},{"data":"Well Laid Plans","floor":15,"key":"SMITH"}],"neow_cost":"NONE","seed_source_timestamp":0,"circlet_count":0,"master_deck":["AscendersBane","Defend_G","Defend_G","Defend_G","Defend_G","Defend_G","Strike_G","Strike_G","Strike_G","Strike_G","Survivor","Neutralize","Escape Plan","Backflip","Backstab+1","Deflect+1","Well Laid Plans+1","Blur","Flying Knee","Burst"],"special_seed":0,"relics":["Coffee Dripper","Letter Opener","Gambling Chip","Pantograph"],"potions_floor_usage":[7,16],"damage_taken":[{"damage":0.0,"enemies":"Cultist","floor":1.0,"turns":5.0},{"damage":6.0,"enemies":"Jaw Worm","floor":3.0,"turns":5.0},{"damage":8,"enemies":"Small Slimes","floor":5,"turns":4},{"damage":19,"enemies":"Lagavulin","floor":7,"turns":7},{"damage":0,"enemies":"Exordium Wildlife","floor":10,"turns":5},{"damage":0,"enemies":"Lots of Slimes","floor":11,"turns":2},{"damage":0,"enemies":"Exordium Thugs","floor":14,"turns":4},{"damage":19,"enemies":"The Guardian","floor":16,"turns":16}],"seed_played":"-4426183270084051729","potions_obtained":[{"floor":1.0,"key":"AttackPotion"},{"floor":10,"key":"SneckoOil"},{"floor":14,"key":"Poison Potion"}],"is_trial":false,"path_per_floor":["M","?","M","?","M","R","E","R","T","M","M","?","?","M","R","B",null],"character_chosen":"THE_SILENT","items_purchased":[],"campfire_rested":0,"item_purchase_floors":[],"current_hp_per_floor":[59,59,53,53,45,45,26,26,26,26,26,26,26,26,26,32,32],"gold":257,"neow_bonus":"BOSS_RELIC","is_prod":false,"is_daily":false,"chose_seed":false,"campfire_upgraded":3,"win_rate":0,"timestamp":1560831970,"path_taken":["M","?","M","?","M","R","E","R","T","?","M","?","?","M","R","BOSS"],"build_version":"2019-01-23","purchased_purges":0,"victory":false,"max_hp_per_floor":[66,66,66,66,66,66,66,66,66,66,66,66,66,66,66,66,66],"card_choices":[{"not_picked":["Reflex","Dodge and Roll"],"picked":"Escape Plan","floor":1.0},{"not_picked":["Cloak And Dagger","Eviscerate"],"picked":"Backflip","floor":3.0},{"not_picked":["Skewer","Infinite Blades"],"picked":"Backstab","floor":5},{"not_picked":["Riddle With Holes","Poisoned Stab"],"picked":"Deflect","floor":7},{"not_picked":["Dagger Throw","Concentrate"],"picked":"Well Laid Plans","floor":10},{"not_picked":["Concentrate","Sucker Punch"],"picked":"Blur","floor":11},{"not_picked":["Sucker Punch","Accuracy"],"picked":"Flying Knee","floor":14},{"not_picked":["A Thousand Cuts","Bullet Time"],"picked":"Burst","floor":16}],"player_experience":1414411,"relics_obtained":[{"floor":7,"key":"Gambling Chip"},{"floor":9,"key":"Pantograph"}],"event_choices":[{"damage_healed":0.0,"max_hp_gain":0.0,"max_hp_loss":0.0,"gold_gain":0.0,"event_name":"Big Fish","player_choice":"Box","floor":2.0,"gold_loss":0.0,"damage_taken":0.0,"relics_obtained":["Letter Opener"],"cards_obtained":["Regret"]},{"cards_removed":["Regret"],"damage_healed":0,"gold_gain":0,"player_choice":"Card Removal","damage_taken":0,"max_hp_gain":0,"max_hp_loss":0,"event_name":"The Cleric","floor":4,"gold_loss":75},{"damage_healed":0,"gold_gain":30,"player_choice":"Searched \u00271\u0027 times","damage_taken":0,"max_hp_gain":0,"max_hp_loss":0,"event_name":"Dead Adventurer","floor":12,"gold_loss":0},{"cards_removed":["Strike_G"],"damage_healed":0,"gold_gain":0,"player_choice":"Forget","damage_taken":0,"max_hp_gain":0,"max_hp_loss":0,"event_name":"Living Wall","floor":13,"gold_loss":0}],"is_beta":false,"boss_relics":[],"items_purged_floors":[],"is_endless":false,"potions_floor_spawned":[1,10,14],"ascension_level":16}