{"gold_per_floor":[115,25,25,25,25,61,61,105,105,105,119,119,119,138,138,229,229,229],"floor_reached":18,"playtime":703,"items_purged":[],"score":452,"play_id":"69759fb1-dfd2-4784-b005-c1b54bf879c2","local_time":"20190612172752","is_ascension_mode":true,"campfire_choices":[{"data":"Evolve","floor":7.0,"key":"SMITH"},{"data":"Bash","floor":10.0,"key":"SMITH"},{"data":"Rage","floor":15,"key":"SMITH"}],"neow_cost":"NONE","seed_source_timestamp":0,"circlet_count":0,"master_deck":["AscendersBane","Strike_R","Strike_R","Strike_R","Strike_R","Defend_R","Defend_R","Defend_R","Defend_R","Bash+1","Wild Strike","Evolve+1","Injury","Rupture+1","Rage+1","Dark Embrace+1"],"special_seed":0,"relics":["Burning Blood","NeowsBlessing","Golden Idol","Unceasing Top","Frozen Egg 2","Kunai","Ectoplasm"],"potions_floor_usage":[16],"damage_taken":[{"damage":0.0,"enemies":"Jaw Worm","floor":1.0,"turns":1.0},{"damage":0.0,"enemies":"Lagavulin","floor":6.0,"turns":2.0},{"damage":0.0,"enemies":"3 Sentries","floor":8.0,"turns":2.0},{"damage":11.0,"enemies":"Small Slimes","floor":11.0,"turns":3.0},{"damage":0.0,"enemies":"Gremlin Nob","floor":12.0,"turns":2.0},{"damage":8,"enemies":"2 Louse","floor":14,"turns":2},{"damage":51,"enemies":"Slime Boss","floor":16,"turns":11},{"damage":71,"enemies":"3 Byrds","floor":18,"turns":8}],"seed_played":"-2469246711735328326","potions_obtained":[{"floor":6.0,"key":"Fire Potion"},{"floor":8.0,"key":"SmokeBomb"}],"is_trial":false,"path_per_floor":["M","$","?","$","?","E","R","E","T","R","M","E","?","M","R","B",null,"M"],"character_chosen":"IRONCLAD","items_purchased":["Evolve"],"campfire_rested":0,"item_purchase_floors":[2],"current_hp_per_floor":[74,74,67,67,67,73,73,75,75,75,70,75,75,73,73,28,63,0],"gold":229,"neow_bonus":"THREE_ENEMY_KILL","is_prod":false,"is_daily":false,"chose_seed":false,"campfire_upgraded":3,"win_rate":0,"timestamp":1560385672,"path_taken":["M","$","?","$","?","E","R","E","T","R","M","E","?","M","R","BOSS","M"],"build_version":"2019-01-23","purchased_purges":0,"victory":false,"max_hp_per_floor":[75,75,75,75,75,75,75,75,75,75,75,75,75,75,75,75,75,75],"card_choices":[{"not_picked":["Clash","Rage"],"picked":"Wild Strike","floor":1.0},{"not_picked":["Second Wind","Havoc","Wild Strike"],"picked":"SKIP","floor":6.0},{"not_picked":["Second Wind","Havoc","Wild Strike"],"picked":"SKIP","floor":6.0},{"not_picked":["Wild Strike","Perfected Strike","Twin Strike"],"picked":"SKIP","floor":8.0},{"not_picked":["True Grit","Twin Strike"],"picked":"Rupture+1","floor":11.0},{"not_picked":["Cleave","Spot Weakness"],"picked":"Rage","floor":14},{"not_picked":["Double Tap","Demon Form+1"],"picked":"Dark Embrace+1","floor":16}],"player_experience":1394135,"relics_obtained":[{"floor":6.0,"key":"Unceasing Top"},{"floor":8.0,"key":"Frozen Egg 2"},{"floor":9.0,"key":"Kunai"}],"event_choices":[{"cards_removed":["Strike_R"],"damage_healed":0.0,"max_hp_gain":0.0,"max_hp_loss":0.0,"gold_gain":0.0,"event_name":"Golden Wing","player_choice":"Card Removal","floor":3.0,"gold_loss":0.0,"damage_taken":7.0},{"damage_healed":0.0,"max_hp_gain":0.0,"max_hp_loss":0.0,"gold_gain":0.0,"event_name":"Golden Idol","player_choice":"Take Wound","floor":5.0,"gold_loss":0.0,"damage_taken":0.0,"relics_obtained":["Golden Idol"],"cards_obtained":["Injury"]},{"damage_healed":0,"gold_gain":0,"player_choice":"Ignored","damage_taken":0,"max_hp_gain":0,"max_hp_loss":0,"event_name":"Liars Game","floor":13,"gold_loss":0}],"is_beta":false,"boss_relics":[{"not_picked":["Mark of Pain","Calling Bell"],"picked":"Ectoplasm"}],"items_purged_floors":[],"is_endless":false,"potions_floor_spawned":[6,8],"killed_by":"3 Byrds","ascension_level":20}