{"gold_per_floor":[112,112,112,123,123,123,133,148,175,186,186,199,199,217,217,319,319,335,172,172,206,57,57,68,68,91,91,101,131,131,150,150,246,246,262,262,262,262,262,281,299,313,313,313,21,33,33],"floor_reached":47,"playtime":897,"items_purged":["Strike_R"],"score":512,"play_id":"dacc703f-7292-4c24-868b-cd12b47a49cd","local_time":"20190707171508","is_ascension_mode":false,"campfire_choices":[{"data":"Offering","floor":13,"key":"SMITH"},{"data":"Heavy Blade","floor":15,"key":"SMITH"},{"data":"Rupture","floor":23,"key":"SMITH"},{"data":"Whirlwind","floor":25,"key":"SMITH"},{"data":"Seeing Red","floor":27,"key":"SMITH"},{"floor":32,"key":"REST"}],"neow_cost":"NONE","seed_source_timestamp":1072527850560395,"circlet_count":0,"master_deck":["Strike_R+1","Strike_R+1","Strike_R+1","Bash+1","Spot Weakness+1","Offering+1","Flex+1","Flex+1","Rupture+1","Heavy Blade+1","Immolate+1","Seeing Red+1","Combust+1","Heavy Blade+1","Sword Boomerang+1","Offering+1","Whirlwind+1","Bloodletting+1","Exhume+1","Seeing Red+1","Exhume+1","Inflame+1","Madness+1","Madness+1","Bash+1","Heavy Blade","Spot Weakness","Sword Boomerang+1","Inflame","Headbutt+1"],"relics":["Burning Blood","NeowsBlessing","Lantern","Empty Cage","Red Mask","Juzu Bracelet","Orichalcum","Fusion Hammer","Mark of the Bloom","Calipers","Bottled Flame"],"potions_floor_usage":[33],"damage_taken":[{"damage":0,"enemies":"Jaw Worm","floor":1,"turns":1},{"damage":0,"enemies":"2 Louse","floor":4,"turns":1},{"damage":0,"enemies":"Cultist","floor":7,"turns":1},{"damage":0,"enemies":"3 Louse","floor":8,"turns":2},{"damage":0,"enemies":"2 Fungi Beasts","floor":10,"turns":2},{"damage":11,"enemies":"Lots of Slimes","floor":12,"turns":2},{"damage":27,"enemies":"Exordium Wildlife","floor":14,"turns":2},{"damage":6,"enemies":"Slime Boss","floor":16,"turns":4},{"damage":6,"enemies":"2 Thieves","floor":18,"turns":1},{"damage":10,"enemies":"Masked Bandits","floor":21,"turns":3},{"damage":7,"enemies":"3 Byrds","floor":24,"turns":2},{"damage":12,"enemies":"Snecko","floor":28,"turns":2},{"damage":38,"enemies":"Gremlin Leader","floor":29,"turns":3},{"damage":18,"enemies":"Centurion and Healer","floor":31,"turns":2},{"damage":34,"enemies":"Automaton","floor":33,"turns":4},{"damage":0,"enemies":"3 Darklings","floor":35,"turns":1},{"damage":6,"enemies":"Orb Walker","floor":40,"turns":1},{"damage":39,"enemies":"Transient","floor":41,"turns":5},{"damage":9,"enemies":"4 Shapes","floor":42,"turns":1},{"damage":6,"enemies":"Jaw Worm Horde","floor":46,"turns":1},{"damage":25,"enemies":"Maw","floor":47,"turns":2}],"seed_played":"7038782932123320999","potions_obtained":[{"floor":1,"key":"SpeedPotion"},{"floor":4,"key":"Explosive Potion"},{"floor":8,"key":"Swift Potion"},{"floor":29,"key":"Poison Potion"},{"floor":31,"key":"FearPotion"},{"floor":41,"key":"FearPotion"},{"floor":42,"key":"Strength Potion"}],"is_trial":false,"path_per_floor":["M","?","?","M","?","?","M","M","T","M","?","M","R","M","R","B",null,"M","$","?","?","$","R","M","R","T","R","M","E","?","M","R","B",null,"M","?","?","?","?","M","M","M","T","?","$","M","M"],"character_chosen":"IRONCLAD","items_purchased":["Combust","Heavy Blade","Offering","Bottled Flame","Inflame"],"campfire_rested":1,"item_purchase_floors":[19,19,22,45,45],"current_hp_per_floor":[80,73,73,79,63,63,69,75,75,80,85,80,80,59,59,59,85,85,85,85,81,81,81,80,80,80,80,74,42,42,30,55,27,85,85,74,74,74,74,68,29,20,20,20,20,14,0],"gold":33,"neow_bonus":"THREE_ENEMY_KILL","is_prod":false,"is_daily":false,"chose_seed":false,"campfire_upgraded":5,"win_rate":0,"timestamp":1562544908,"path_taken":["M","?","?","?","?","?","?","M","T","M","?","M","R","M","R","BOSS","M","$","?","?","$","R","M","R","T","R","M","E","?","M","R","BOSS","M","?","?","?","?","M","M","M","T","?","$","M","M"],"build_version":"2019-07-05","purchased_purges":1,"victory":false,"max_hp_per_floor":[80,80,80,80,80,80,80,80,80,80,85,85,85,85,85,85,85,85,85,85,85,85,85,85,85,85,85,85,85,85,85,85,85,85,85,85,85,85,85,85,85,85,85,85,85,85,85],"card_choices":[{"not_picked":["Sword Boomerang","Second Wind"],"picked":"Spot Weakness","floor":1},{"not_picked":["Rage","Wild Strike"],"picked":"Flex","floor":4},{"not_picked":["Thunderclap","Clothesline"],"picked":"Sword Boomerang","floor":7},{"not_picked":["Pommel Strike","Entrench"],"picked":"Flex","floor":8},{"not_picked":["Pommel Strike","Second Wind","Perfected Strike"],"picked":"SKIP","floor":10},{"not_picked":["Iron Wave","Sentinel"],"picked":"Rupture","floor":12},{"not_picked":["Seeing Red","Intimidate"],"picked":"Heavy Blade","floor":14},{"not_picked":["Impervious","Exhume"],"picked":"Immolate","floor":16},{"not_picked":["Body Slam","Clothesline"],"picked":"Seeing Red","floor":18},{"not_picked":["Corruption","Clash"],"picked":"Sword Boomerang","floor":21},{"not_picked":["Havoc","Clothesline"],"picked":"Whirlwind","floor":24},{"not_picked":["Ghostly Armor","Dropkick"],"picked":"Bloodletting+1","floor":28},{"not_picked":["Sever Soul","Clothesline"],"picked":"Exhume","floor":29},{"not_picked":["Armaments","Wild Strike"],"picked":"Seeing Red","floor":31},{"not_picked":["Demon Form","Juggernaut"],"picked":"Exhume","floor":33},{"not_picked":["Warcry","Cleave+1"],"picked":"Inflame","floor":35},{"not_picked":["Twin Strike+1","Headbutt"],"picked":"Heavy Blade","floor":40},{"not_picked":["Havoc","Cleave+1"],"picked":"Spot Weakness","floor":41},{"not_picked":["Heavy Blade","Warcry+1"],"picked":"Sword Boomerang+1","floor":42},{"not_picked":["Flame Barrier+1","True Grit"],"picked":"Headbutt+1","floor":46}],"player_experience":1429862,"relics_obtained":[{"floor":9,"key":"Lantern"},{"floor":21,"key":"Red Mask"},{"floor":26,"key":"Juzu Bracelet"},{"floor":29,"key":"Orichalcum"},{"floor":43,"key":"Calipers"}],"event_choices":[{"cards_removed":["Defend_R"],"damage_healed":0,"gold_gain":0,"player_choice":"Card Removal","damage_taken":7,"max_hp_gain":0,"max_hp_loss":0,"event_name":"Golden Wing","floor":2,"gold_loss":0},{"damage_healed":0,"gold_gain":0,"cards_transformed":["Defend_R"],"player_choice":"Transformed","damage_taken":0,"max_hp_gain":0,"max_hp_loss":0,"event_name":"Transmorgrifier","floor":3,"gold_loss":0,"cards_obtained":["Offering"]},{"damage_healed":0,"gold_gain":0,"player_choice":"Entered Light","damage_taken":16,"max_hp_gain":0,"max_hp_loss":0,"event_name":"Shining Light","floor":5,"gold_loss":0,"cards_upgraded":["Flex","Strike_R"]},{"damage_healed":0,"gold_gain":0,"player_choice":"0 cards matched","damage_taken":0,"max_hp_gain":0,"max_hp_loss":0,"event_name":"Match and Keep!","floor":6,"gold_loss":0,"cards_obtained":[]},{"damage_healed":0,"gold_gain":0,"player_choice":"Donut","damage_taken":0,"max_hp_gain":5,"max_hp_loss":0,"event_name":"Big Fish","floor":11,"gold_loss":0},{"damage_healed":0,"gold_gain":0,"player_choice":"Ignored","damage_taken":0,"max_hp_gain":0,"max_hp_loss":0,"event_name":"Ghosts","floor":20,"gold_loss":0},{"damage_healed":0,"gold_gain":0,"player_choice":"Fought Bandits","damage_taken":0,"max_hp_gain":0,"max_hp_loss":0,"event_name":"Masked Bandits","floor":21,"gold_loss":0},{"cards_removed":["Strike_R"],"damage_healed":0,"gold_gain":0,"player_choice":"Elegance","damage_taken":0,"max_hp_gain":0,"max_hp_loss":0,"event_name":"Back to Basics","floor":30,"gold_loss":0},{"damage_healed":0,"gold_gain":0,"player_choice":"Embrace Madness","damage_taken":11,"max_hp_gain":0,"max_hp_loss":0,"event_name":"Winding Halls","floor":36,"gold_loss":0,"cards_obtained":["Madness","Madness"]},{"damage_healed":0,"gold_gain":0,"player_choice":"1 cards matched","damage_taken":0,"max_hp_gain":0,"max_hp_loss":0,"event_name":"Match and Keep!","floor":37,"gold_loss":0,"cards_obtained":["Bash"]},{"damage_healed":0,"gold_gain":0,"player_choice":"Upgrade","damage_taken":0,"relics_obtained":["Mark of the Bloom"],"max_hp_gain":0,"max_hp_loss":0,"event_name":"MindBloom","floor":38,"gold_loss":0,"cards_upgraded":["Strike_R","Strike_R","Bash","Spot Weakness","Sword Boomerang","Flex","Immolate","Combust","Heavy Blade","Sword Boomerang","Offering","Exhume","Seeing Red","Exhume","Inflame","Madness","Madness","Bash"]},{"damage_healed":11,"gold_gain":0,"player_choice":"Full Heal","damage_taken":0,"max_hp_gain":0,"max_hp_loss":0,"event_name":"Wheel of Change","floor":39,"gold_loss":0},{"cards_removed":["Sword Boomerang"],"damage_healed":0,"gold_gain":0,"player_choice":"Removed Attack","damage_taken":0,"max_hp_gain":0,"max_hp_loss":0,"event_name":"Falling","floor":44,"gold_loss":0}],"is_beta":false,"boss_relics":[{"not_picked":["Runic Pyramid","Orrery"],"picked":"Empty Cage"},{"not_picked":["Calling Bell","Lizard Tail"],"picked":"Fusion Hammer"}],"items_purged_floors":[19],"is_endless":false,"potions_floor_spawned":[1,4,8,12,21,29,31,41,42],"killed_by":"Maw","ascension_level":0}