{"gold_per_floor":[109,109,109,133,22,61,61,99,124,139,139,154,175,194,194,315,315,333,166,179,179,104,104,104],"floor_reached":24,"playtime":1740,"items_purged":["Injury"],"score":206,"play_id":"29311290-d384-462c-9726-823414b16a8d","local_time":"20190813204845","is_ascension_mode":false,"campfire_choices":[{"floor":7,"key":"REST"},{"floor":11,"key":"REST"},{"floor":15,"key":"REST"},{"data":"Chaos","floor":23,"key":"SMITH"}],"neow_cost":"NONE","seed_source_timestamp":213307268459500,"circlet_count":0,"master_deck":["Defend_B","Defend_B","Defend_B","Zap","Dualcast","Darkness","Steam","Conserve Battery","Loop","Consume","Go for the Eyes","Hologram","Chaos+1","Turbo","Defragment","Amplify","Tempest+1","Machine Learning+1","Reinforced Body+1","Auto Shields","Finesse","BootSequence","BootSequence","J.A.X."],"relics":["Cracked Core","Bronze Scales","Golden Idol","Bag of Preparation","Regal Pillow","Potion Belt","Astrolabe"],"potions_floor_usage":[6,16,24,24],"damage_taken":[{"damage":1,"enemies":"Jaw Worm","floor":1,"turns":4},{"damage":0,"enemies":"Small Slimes","floor":4,"turns":4},{"damage":61,"enemies":"Gremlin Nob","floor":6,"turns":4},{"damage":20,"enemies":"3 Sentries","floor":8,"turns":5},{"damage":0,"enemies":"Cultist","floor":10,"turns":3},{"damage":15,"enemies":"Exordium Thugs","floor":12,"turns":5},{"damage":5,"enemies":"Blue Slaver","floor":13,"turns":4},{"damage":7,"enemies":"Looter","floor":14,"turns":3},{"damage":35,"enemies":"Slime Boss","floor":16,"turns":9},{"damage":17,"enemies":"Spheric Guardian","floor":18,"turns":6},{"damage":0,"enemies":"3 Byrds","floor":20,"turns":2},{"damage":64,"enemies":"Gremlin Leader","floor":24,"turns":4}],"seed_played":"-6313686682423303432","potions_obtained":[{"floor":4,"key":"FearPotion"},{"floor":10,"key":"AttackPotion"},{"floor":14,"key":"Poison Potion"},{"floor":18,"key":"SkillPotion"}],"is_trial":false,"path_per_floor":["M","?","?","M","$","E","R","E","T","M","R","M","M","M","R","B",null,"M","$","M","?","?","R","E"],"character_chosen":"DEFECT","items_purchased":["Loop","Finesse","BootSequence"],"campfire_rested":3,"item_purchase_floors":[5,19,19],"current_hp_per_floor":[74,74,74,74,74,13,35,15,15,15,52,37,32,25,62,27,75,58,58,58,58,58,58,0],"gold":104,"neow_bonus":"RANDOM_COMMON_RELIC","is_prod":false,"is_daily":false,"chose_seed":false,"campfire_upgraded":1,"win_rate":0.0,"timestamp":1565700525,"path_taken":["M","?","?","?","?","E","R","E","T","M","R","M","M","M","R","BOSS","M","$","M","?","?","R","E"],"build_version":"2019-07-17","purchased_purges":1,"victory":false,"max_hp_per_floor":[75,75,75,75,75,75,75,75,75,75,75,75,75,75,75,75,75,75,75,75,75,75,75,75],"card_choices":[{"not_picked":["Streamline","Steam Power"],"picked":"Darkness","floor":1},{"not_picked":["Lockon","Redo"],"picked":"Conserve Battery","floor":4},{"not_picked":["Conserve Battery","Hologram"],"picked":"Consume","floor":6},{"not_picked":["Beam Cell","Hologram"],"picked":"Go for the Eyes","floor":8},{"not_picked":["Ball Lightning","Rebound"],"picked":"Hologram","floor":10},{"not_picked":["Lockon","Redo"],"picked":"Chaos","floor":12},{"not_picked":["Gash","Leap"],"picked":"Turbo","floor":13},{"not_picked":["Go for the Eyes","Beam Cell"],"picked":"Defragment","floor":14},{"not_picked":["Multi-Cast","Echo Form"],"picked":"Amplify","floor":16},{"not_picked":["Rebound","Reinforced Body"],"picked":"Auto Shields","floor":18},{"not_picked":["Cold Snap","Go for the Eyes"],"picked":"BootSequence","floor":20}],"player_experience":107951,"relics_obtained":[{"floor":6,"key":"Bag of Preparation"},{"floor":8,"key":"Regal Pillow"},{"floor":9,"key":"Potion Belt"}],"event_choices":[{"damage_healed":0,"gold_gain":0,"player_choice":"Take Wound","damage_taken":0,"relics_obtained":["Golden Idol"],"max_hp_gain":0,"max_hp_loss":0,"event_name":"Golden Idol","floor":2,"gold_loss":0,"cards_obtained":["Injury"]},{"damage_healed":0,"gold_gain":0,"cards_transformed":["Strike_B"],"player_choice":"Transformed","damage_taken":0,"max_hp_gain":0,"max_hp_loss":0,"event_name":"Transmorgrifier","floor":3,"gold_loss":0,"cards_obtained":["Steam"]},{"damage_healed":0,"gold_gain":0,"player_choice":"Obtain J.A.X.","damage_taken":0,"max_hp_gain":0,"max_hp_loss":0,"event_name":"Drug Dealer","floor":21,"gold_loss":0,"cards_obtained":["J.A.X."]},{"cards_removed":["Defend_B"],"damage_healed":0,"gold_gain":0,"player_choice":"Gave Gold","damage_taken":0,"max_hp_gain":0,"max_hp_loss":0,"event_name":"Beggar","floor":22,"gold_loss":75}],"is_beta":false,"boss_relics":[{"not_picked":["Runic Dome","Fusion Hammer"],"picked":"Astrolabe"}],"items_purged_floors":[5],"is_endless":false,"potions_floor_spawned":[4,10,14,18],"killed_by":"Gremlin Leader","ascension_level":0}