{"gold_per_floor":[218,218,230,27,39,39,69,69,69,69,69,82,82,117,117,196,196,210,210,222,26,26,26,57,57,57,57,74,74,104,123,123,202,202,212,212,230,230,230,230,249,249,320,332,332,342,3,3,3,3],"floor_reached":51,"playtime":5755,"items_purged":["Strike_B","Writhe"],"score":1265,"play_id":"f4355446-9a31-41ba-b869-0e164d622cdc","local_time":"20190809162649","is_ascension_mode":true,"campfire_choices":[{"data":"Sunder","floor":6.0,"key":"SMITH"},{"data":"Zap","floor":8.0,"key":"SMITH"},{"data":"Glacier","floor":10.0,"key":"SMITH"},{"data":"Rainbow","floor":13.0,"key":"SMITH"},{"data":"BootSequence","floor":15.0,"key":"SMITH"},{"data":"Defragment","floor":23.0,"key":"SMITH"},{"data":"White Noise","floor":25.0,"key":"SMITH"},{"data":"Dualcast","floor":29.0,"key":"SMITH"},{"data":"Genetic Algorithm","floor":32.0,"key":"SMITH"},{"data":"Multi-Cast","floor":40.0,"key":"SMITH"},{"data":"Coolheaded","floor":42.0,"key":"SMITH"},{"data":"Leap","floor":45.0,"key":"SMITH"},{"floor":49,"key":"REST"}],"neow_cost":"NONE","seed_source_timestamp":922097262944772,"circlet_count":0,"master_deck":["AscendersBane","Strike_B+1","Strike_B+1","Strike_B+1","Defend_B+1","Defend_B+1","Defend_B+1","Defend_B+1","Zap+1","Dualcast+1","Gash","Rainbow+1","Melter","BootSequence+1","Sunder+1","Leap+1","Gash","Glacier+1","Conserve Battery","Compile Driver","Echo Form","Leap","Defragment+1","Coolheaded+1","Glacier","White Noise+1","Glacier","Reprogram+1","Genetic Algorithm+1","Multi-Cast+1","Go for the Eyes+1","FTL"],"special_seed":0,"relics":["FrozenCore","Mummified Hand","The Courier","Shuriken","Busted Crown","Bottled Lightning","Meat on the Bone","Bronze Scales","Pantograph","Kunai"],"potions_floor_usage":[50],"damage_taken":[{"damage":4.0,"enemies":"Jaw Worm","floor":1.0,"turns":5.0},{"damage":1.0,"enemies":"Cultist","floor":3.0,"turns":3.0},{"damage":0.0,"enemies":"2 Louse","floor":5.0,"turns":2.0},{"damage":26.0,"enemies":"Gremlin Nob","floor":7.0,"turns":4.0},{"damage":2.0,"enemies":"Exordium Wildlife","floor":12.0,"turns":2.0},{"damage":11.0,"enemies":"3 Sentries","floor":14.0,"turns":4.0},{"damage":25.0,"enemies":"Hexaghost","floor":16.0,"turns":12.0},{"damage":0.0,"enemies":"Spheric Guardian","floor":18.0,"turns":4.0},{"damage":0.0,"enemies":"Shell Parasite","floor":20.0,"turns":4.0},{"damage":30.0,"enemies":"Slavers","floor":24.0,"turns":7.0},{"damage":8.0,"enemies":"Centurion and Healer","floor":28.0,"turns":8.0},{"damage":15.0,"enemies":"Gremlin Leader","floor":30.0,"turns":7.0},{"damage":0.0,"enemies":"Cultist and Chosen","floor":31.0,"turns":4.0},{"damage":13.0,"enemies":"Champ","floor":33.0,"turns":21.0},{"damage":21.0,"enemies":"3 Shapes","floor":35.0,"turns":4.0},{"damage":9.0,"enemies":"3 Darklings","floor":37.0,"turns":8.0},{"damage":0.0,"enemies":"Maw","floor":41.0,"turns":9.0},{"damage":11.0,"enemies":"Jaw Worm Horde","floor":44.0,"turns":6.0},{"damage":28.0,"enemies":"Transient","floor":46.0,"turns":6.0},{"damage":44,"enemies":"Time Eater","floor":50,"turns":17}],"seed_played":"1667528881524862761","potions_obtained":[{"floor":1.0,"key":"FairyPotion"},{"floor":3.0,"key":"Explosive Potion"},{"floor":16.0,"key":"SpeedPotion"},{"floor":24.0,"key":"SpeedPotion"},{"floor":28.0,"key":"EssenceOfSteel"},{"floor":30.0,"key":"Regen Potion"},{"floor":35.0,"key":"Energy Potion"},{"floor":46.0,"key":"Swift Potion"}],"is_trial":false,"path_per_floor":["M","?","M","$","M","R","E","R","T","R","?","M","R","E","R","B",null,"M","?","M","$","?","R","E","R","T","?","M","R","E","M","R","B",null,"M","?","M","?","?","R","M","R","T","M","R","M","$","?","R","B",null],"character_chosen":"DEFECT","items_purchased":["Sunder","Leap","Glacier","White Noise","Glacier","Kunai","Block Potion"],"campfire_rested":1,"item_purchase_floors":[4,4,21,21,21,47,47],"current_hp_per_floor":[60,60,59,59,59,59,33,33,33,33,33,31,31,20,20,7,55,55,55,55,55,55,55,25,25,25,25,29,29,26,38,38,40,63,42,42,45,45,59,59,59,59,59,48,48,32,32,32,53,39],"gold":3,"neow_bonus":"HUNDRED_GOLD","is_prod":false,"is_daily":false,"chose_seed":false,"campfire_upgraded":12,"win_rate":0,"timestamp":1565382409,"path_taken":["M","?","M","$","?","R","E","R","T","R","?","M","R","E","R","BOSS","M","?","M","$","?","R","E","R","T","?","M","R","E","M","R","BOSS","M","?","M","?","?","R","M","R","T","M","R","M","$","?","R","BOSS"],"build_version":"2019-07-17","purchased_purges":2,"victory":true,"max_hp_per_floor":[71,71,71,71,71,71,71,71,71,71,71,71,71,71,71,71,71,71,71,71,71,71,71,71,71,71,71,71,71,71,71,71,71,71,71,71,71,71,71,71,71,71,71,71,71,71,71,71,71,71],"card_choices":[{"not_picked":["Fusion","Leap"],"picked":"Gash","floor":1.0},{"not_picked":["Tempest","Coolheaded"],"picked":"BootSequence","floor":3.0},{"not_picked":["Steam","Sweeping Beam"],"picked":"Gash","floor":5.0},{"not_picked":["Storm","Go for the Eyes"],"picked":"Glacier","floor":7.0},{"not_picked":["Heatsinks","Cold Snap"],"picked":"Conserve Battery","floor":12.0},{"not_picked":["Go for the Eyes","Redo"],"picked":"Compile Driver","floor":14.0},{"not_picked":["Electrodynamics","Fission"],"picked":"Echo Form","floor":16.0},{"not_picked":[],"picked":"Leap","floor":18.0},{"not_picked":[],"picked":"Coolheaded","floor":20.0},{"not_picked":[],"picked":"Reprogram+1","floor":24.0},{"not_picked":["Ball Lightning"],"picked":"SKIP","floor":28.0},{"not_picked":["Ball Lightning"],"picked":"SKIP","floor":28.0},{"not_picked":["Ball Lightning"],"picked":"SKIP","floor":28.0},{"not_picked":[],"picked":"Genetic Algorithm","floor":30.0},{"not_picked":["Cold Snap"],"picked":"SKIP","floor":31.0},{"not_picked":["Cold Snap"],"picked":"SKIP","floor":31.0},{"not_picked":[],"picked":"Multi-Cast","floor":33.0},{"not_picked":["Chaos"],"picked":"SKIP","floor":35.0},{"not_picked":[],"picked":"Go for the Eyes+1","floor":37.0},{"not_picked":[],"picked":"FTL","floor":41.0},{"not_picked":["Rebound"],"picked":"SKIP","floor":44.0},{"not_picked":["Darkness"],"picked":"SKIP","floor":46.0}],"player_experience":434953,"relics_obtained":[{"floor":7.0,"key":"Mummified Hand"},{"floor":9.0,"key":"The Courier"},{"floor":14.0,"key":"Shuriken"},{"floor":24.0,"key":"Bottled Lightning"},{"floor":26.0,"key":"Meat on the Bone"},{"floor":30.0,"key":"Bronze Scales"},{"floor":43.0,"key":"Pantograph"}],"event_choices":[{"damage_healed":0.0,"max_hp_gain":0.0,"max_hp_loss":0.0,"gold_gain":0.0,"event_name":"Match and Keep!","player_choice":"3 cards matched","floor":2.0,"gold_loss":0.0,"damage_taken":0.0,"cards_obtained":["Rainbow","Melter","Ball Lightning"]},{"damage_healed":0.0,"max_hp_gain":0.0,"max_hp_loss":0.0,"gold_gain":0.0,"event_name":"Liars Game","player_choice":"Ignored","floor":11.0,"gold_loss":0.0,"damage_taken":0.0},{"damage_healed":0.0,"max_hp_gain":0.0,"max_hp_loss":0.0,"gold_gain":0.0,"event_name":"The Library","player_choice":"Read","floor":19.0,"gold_loss":0.0,"damage_taken":0.0,"cards_obtained":["Defragment"]},{"damage_healed":0.0,"max_hp_gain":0.0,"max_hp_loss":0.0,"gold_gain":0.0,"event_name":"Back to Basics","player_choice":"Simplicity","floor":22.0,"gold_loss":0.0,"damage_taken":0.0,"cards_upgraded":["Strike_B","Strike_B","Strike_B","Defend_B","Defend_B","Defend_B","Defend_B"]},{"damage_healed":0.0,"max_hp_gain":0.0,"max_hp_loss":0.0,"gold_gain":0.0,"event_name":"Vampires","player_choice":"Ignored","floor":27.0,"gold_loss":0.0,"damage_taken":0.0},{"cards_removed":["Ball Lightning"],"damage_healed":0.0,"max_hp_gain":0.0,"max_hp_loss":0.0,"gold_gain":0.0,"event_name":"Falling","player_choice":"Removed Attack","floor":36.0,"gold_loss":0.0,"damage_taken":0.0},{"damage_healed":0.0,"max_hp_gain":0.0,"max_hp_loss":0.0,"gold_gain":0.0,"event_name":"Tomb of Lord Red Mask","player_choice":"Ignored","floor":38.0,"gold_loss":0.0,"damage_taken":0.0},{"damage_healed":14.0,"max_hp_gain":0.0,"max_hp_loss":0.0,"gold_gain":0.0,"event_name":"Winding Halls","player_choice":"Writhe","floor":39.0,"gold_loss":0.0,"damage_taken":0.0,"cards_obtained":["Writhe"]},{"damage_healed":0,"gold_gain":0,"player_choice":"Memory 1","damage_taken":0,"max_hp_gain":0,"max_hp_loss":0,"event_name":"SensoryStone","floor":48,"gold_loss":0}],"is_beta":false,"boss_relics":[{"not_picked":["Lizard Tail","Calling Bell"],"picked":"Busted Crown"},{"not_picked":["Cursed Key","Empty Cage"],"picked":"FrozenCore"}],"items_purged_floors":[4,47],"is_endless":false,"potions_floor_spawned":[1,3,16,24,28,30,35,46],"ascension_level":18}