{"gold_per_floor":[109,124,124,15,27,27,58,58,58,58,73,73,99,116,116,187,187,205,205,205,215,233,233,252,264,288,288,321,321,353,353,353,424,424,444,455,44,63,78,78,78,78,78,113,125,180,180,196,196,196],"floor_reached":51,"playtime":10874,"items_purged":["Writhe"],"score":1303,"play_id":"f0cf89c2-7111-4745-bd2d-48669a2f6db8","local_time":"20181113005919","is_ascension_mode":true,"campfire_choices":[{"data":"Defragment","floor":6.0,"key":"SMITH"},{"data":"Loop","floor":8.0,"key":"SMITH"},{"data":"Chill","floor":10.0,"key":"SMITH"},{"floor":12.0,"key":"REST"},{"data":"Loop","floor":15.0,"key":"SMITH"},{"data":"Coolheaded","floor":23.0,"key":"SMITH"},{"data":"Loop","floor":27.0,"key":"SMITH"},{"floor":29.0,"key":"REST"},{"floor":32.0,"key":"REST"},{"data":"Seek","floor":40,"key":"SMITH"},{"data":"Coolheaded","floor":42,"key":"SMITH"},{"data":"Coolheaded","floor":47,"key":"SMITH"},{"data":"Echo Form","floor":49,"key":"SMITH"}],"neow_cost":"NONE","seed_source_timestamp":0,"circlet_count":0,"master_deck":["AscendersBane","Zap","Dualcast","Aggregate+1","Cold Snap","Chill+1","Defragment+1","Loop+1","Coolheaded+1","Loop+1","Barrage","Echo Form+1","Go for the Eyes","Loop+1","Cold Snap","Seek+1","Hologram","Go for the Eyes","Barrage","Hello World","Conserve Battery","Consume","Gash","Beam Cell","Chill+1","Coolheaded+1","Skim","Compile Driver","Coolheaded+1","Parasite"],"special_seed":0,"relics":["White Beast Statue","Meat on the Bone","The Courier","Kunai","Nuclear Battery","Calipers","Blood Vial","Shuriken","Thread and Needle","Strawberry","Pandora\u0027s Box","Bronze Scales","Mango","Ginger","Bag of Preparation","Du-Vu Doll"],"potions_floor_usage":[39,44,46,50,50,50],"damage_taken":[{"damage":0.0,"enemies":"Small Slimes","floor":1.0,"turns":3.0},{"damage":9.0,"enemies":"Cultist","floor":2.0,"turns":5.0},{"damage":0.0,"enemies":"2 Louse","floor":5.0,"turns":5.0},{"damage":24.0,"enemies":"Gremlin Nob","floor":7.0,"turns":9.0},{"damage":9.0,"enemies":"Blue Slaver","floor":11.0,"turns":5.0},{"damage":0.0,"enemies":"Lagavulin","floor":13.0,"turns":7.0},{"damage":23.0,"enemies":"Gremlin Gang","floor":14.0,"turns":7.0},{"damage":24.0,"enemies":"The Guardian","floor":16.0,"turns":13.0},{"damage":5.0,"enemies":"Shell Parasite","floor":18.0,"turns":7.0},{"damage":19.0,"enemies":"3 Byrds","floor":21.0,"turns":6.0},{"damage":24.0,"enemies":"Snake Plant","floor":22.0,"turns":9.0},{"damage":11.0,"enemies":"Shelled Parasite and Fungi","floor":24.0,"turns":9.0},{"damage":0.0,"enemies":"Centurion and Healer","floor":25.0,"turns":18.0},{"damage":35.0,"enemies":"Slavers","floor":28.0,"turns":13.0},{"damage":44.0,"enemies":"Book of Stabbing","floor":30.0,"turns":8.0},{"damage":29.0,"enemies":"Collector","floor":33.0,"turns":12.0},{"damage":34.0,"enemies":"3 Darklings","floor":35.0,"turns":7.0},{"damage":9.0,"enemies":"3 Shapes","floor":36.0,"turns":8.0},{"damage":5.0,"enemies":"Sphere and 2 Shapes","floor":38.0,"turns":6.0},{"damage":0,"enemies":"4 Shapes","floor":39,"turns":5},{"damage":1,"enemies":"Giant Head","floor":44,"turns":10},{"damage":0,"enemies":"3 Darklings","floor":45,"turns":5},{"damage":11,"enemies":"2 Orb Walkers","floor":46,"turns":6},{"damage":0,"enemies":"Writhing Mass","floor":48,"turns":6},{"damage":0,"enemies":"Time Eater","floor":50,"turns":11}],"seed_played":"-6156143206738682689","potions_obtained":[{"floor":1.0,"key":"AttackPotion"},{"floor":2.0,"key":"AttackPotion"},{"floor":7.0,"key":"SpeedPotion"},{"floor":11.0,"key":"Swift Potion"},{"floor":13.0,"key":"FearPotion"},{"floor":14.0,"key":"AttackPotion"},{"floor":16.0,"key":"SpeedPotion"},{"floor":18.0,"key":"AttackPotion"},{"floor":21.0,"key":"Fruit Juice"},{"floor":22.0,"key":"PowerPotion"},{"floor":24.0,"key":"Swift Potion"},{"floor":25.0,"key":"Fire Potion"},{"floor":28.0,"key":"Energy Potion"},{"floor":35.0,"key":"PowerPotion"},{"floor":36.0,"key":"Strength Potion"},{"floor":38.0,"key":"AttackPotion"},{"floor":39,"key":"Regen Potion"},{"floor":44,"key":"FocusPotion"},{"floor":46,"key":"EntropicBrew"}],"is_trial":false,"path_per_floor":["M","M","?","$","M","R","E","R","T","R","M","R","E","M","R","B",null,"M","?","?","M","M","R","M","M","T","R","E","R","E","T","R","B",null,"M","M","$","M","M","R","?","R","T","E","M","?","R","M","R","B",null],"character_chosen":"DEFECT","items_purchased":["Chill","Defragment","Bronze Scales","Mango"],"campfire_rested":3,"item_purchase_floors":[4,4,37,37],"current_hp_per_floor":[64,55,55,55,55,55,31,31,31,31,34,55,55,44,44,32,61,56,56,56,37,30,30,31,43,43,43,22,44,14,21,45,30,70,50,43,57,54,56,56,56,56,56,72,74,65,65,67,67,69],"gold":196,"neow_bonus":"BOSS_RELIC","is_prod":false,"is_daily":false,"chose_seed":false,"campfire_upgraded":10,"win_rate":0,"timestamp":1542099559,"path_taken":["M","M","?","?","M","R","E","R","T","R","M","R","E","M","R","BOSS","M","?","?","M","M","R","M","M","T","R","E","R","E","?","R","BOSS","M","M","$","?","M","R","?","R","T","E","M","?","R","M","R","BOSS"],"build_version":"2018-11-08","purchased_purges":1,"victory":true,"max_hp_per_floor":[71,71,71,71,71,71,71,71,71,71,71,71,71,71,71,71,71,71,71,71,71,76,76,76,76,76,76,76,76,76,83,83,83,83,83,83,97,97,97,97,97,97,97,97,97,97,97,97,97,97],"card_choices":[{"not_picked":["Barrage","Steam"],"picked":"Aggregate","floor":1.0},{"not_picked":["Steam","Storm"],"picked":"Cold Snap","floor":2.0},{"not_picked":["Recycle","Leap"],"picked":"Loop","floor":5.0},{"not_picked":["Skim","Darkness","Meteor Strike"],"picked":"SKIP","floor":7.0},{"not_picked":["Tempest","Cold Snap"],"picked":"Coolheaded","floor":11.0},{"not_picked":["Conserve Battery","Barrage"],"picked":"Loop","floor":13.0},{"not_picked":["Melter","Lockon"],"picked":"Barrage","floor":14.0},{"not_picked":["Biased Cognition","Meteor Strike"],"picked":"Echo Form","floor":16.0},{"not_picked":["Ball Lightning","Reinforced Body","Leap"],"picked":"SKIP","floor":18.0},{"not_picked":["Stack","Sweeping Beam"],"picked":"Go for the Eyes","floor":21.0},{"not_picked":["Redo","Hologram","Scrape+1"],"picked":"SKIP","floor":22.0},{"not_picked":["Rebound","Skim"],"picked":"Loop","floor":24.0},{"not_picked":["Hologram","Beam Cell"],"picked":"Cold Snap","floor":25.0},{"not_picked":["Conserve Battery","Steam+1","Compile Driver"],"picked":"SKIP","floor":28.0},{"not_picked":["Storm","Beam Cell"],"picked":"Meteor Strike","floor":30.0},{"not_picked":["Meteor Strike","Hyperbeam"],"picked":"Seek","floor":33.0},{"not_picked":["Auto Shields","Leap+1","Turbo"],"picked":"SKIP","floor":35.0},{"not_picked":["Rebound","Storm","Lockon"],"picked":"SKIP","floor":36.0},{"not_picked":["Sweeping Beam","Fusion"],"picked":"Chill+1","floor":38.0},{"not_picked":["Aggregate","Redo"],"picked":"Coolheaded","floor":39},{"not_picked":["Echo Form","Rainbow"],"picked":"Skim","floor":44},{"not_picked":["Genetic Algorithm+1","Stack"],"picked":"Compile Driver","floor":45},{"not_picked":["Barrage","Beam Cell"],"picked":"Coolheaded","floor":46},{"not_picked":["Darkness+1","BootSequence+1","Streamline"],"picked":"SKIP","floor":48}],"player_experience":967573,"relics_obtained":[{"floor":7.0,"key":"Meat on the Bone"},{"floor":9.0,"key":"The Courier"},{"floor":13.0,"key":"Kunai"},{"floor":26.0,"key":"Blood Vial"},{"floor":28.0,"key":"Shuriken"},{"floor":30.0,"key":"Thread and Needle"},{"floor":31.0,"key":"Strawberry"},{"floor":43,"key":"Ginger"},{"floor":44,"key":"Bag of Preparation"},{"floor":46,"key":"Du-Vu Doll"}],"event_choices":[{"damage_healed":0.0,"max_hp_gain":0.0,"max_hp_loss":0.0,"gold_gain":0.0,"event_name":"Upgrade Shrine","player_choice":"Upgraded","floor":3.0,"gold_loss":0.0,"damage_taken":0.0,"cards_upgraded":["Aggregate"]},{"damage_healed":0.0,"max_hp_gain":0.0,"max_hp_loss":0.0,"gold_gain":0.0,"event_name":"Vampires","player_choice":"Ignored","floor":19.0,"gold_loss":0.0,"damage_taken":0.0},{"damage_healed":0.0,"max_hp_gain":0.0,"max_hp_loss":0.0,"gold_gain":0.0,"event_name":"The Mausoleum","player_choice":"Opened","floor":20.0,"gold_loss":0.0,"damage_taken":0.0,"relics_obtained":["Calipers"],"cards_obtained":["Writhe"]},{"cards_removed":["Meteor Strike"],"damage_healed":0,"gold_gain":0,"player_choice":"Removed Attack","damage_taken":0,"max_hp_gain":0,"max_hp_loss":0,"event_name":"Falling","floor":41,"gold_loss":0},{"damage_healed":0,"gold_gain":0,"player_choice":"Fight","damage_taken":0,"max_hp_gain":0,"max_hp_loss":0,"event_name":"Mysterious Sphere","floor":46,"gold_loss":0}],"is_beta":false,"boss_relics":[{"not_picked":["Lizard Tail","Snecko Eye"],"picked":"Nuclear Battery"},{"not_picked":["Velvet Choker","Cursed Key"],"picked":"Pandora\u0027s Box"}],"items_purged_floors":[37],"is_endless":false,"potions_floor_spawned":[1,2,5,7,11,13,14,16,18,21,22,24,25,28,30,33,35,36,38,39,44,45,46,48],"ascension_level":14}