{"gold_per_floor":[114,114,114,39,55,55,84,84,109,109,128,146,176,196,196,196],"floor_reached":16,"playtime":2661,"items_purged":["Strike_G"],"score":116,"play_id":"a383303c-aa91-48ee-bf2c-d86940c1c8ae","local_time":"20180729215921","is_ascension_mode":true,"campfire_choices":[{"data":"Neutralize","floor":6,"key":"SMITH"},{"data":"Quick Slash","floor":8,"key":"SMITH"},{"data":"Flechettes","floor":15,"key":"SMITH"}],"neow_cost":"","seed_source_timestamp":413247606293705,"circlet_count":0,"master_deck":["Defend_G","Defend_G","Defend_G","Defend_G","Strike_G","Strike_G","Strike_G","Strike_G","Survivor","Neutralize+1","Quick Slash+1","Doppelganger","Mind Blast","Outmaneuver","Flechettes+1","Skewer"],"relics":["Ring of the Snake","Torii","Oddly Smooth Stone","Toxic Egg 2"],"potions_floor_usage":[13,13],"damage_taken":[{"damage":2,"enemies":"2 Louse","floor":1,"turns":3},{"damage":0,"enemies":"Jaw Worm","floor":5,"turns":4},{"damage":12,"enemies":"3 Sentries","floor":7,"turns":13},{"damage":0,"enemies":"Small Slimes","floor":11,"turns":4},{"damage":0,"enemies":"Exordium Wildlife","floor":12,"turns":4},{"damage":6,"enemies":"Gremlin Nob","floor":13,"turns":4},{"damage":1,"enemies":"Looter","floor":14,"turns":3},{"damage":48,"enemies":"Hexaghost","floor":16,"turns":12}],"seed_played":"-40428805481698983","potions_obtained":[{"floor":5,"key":"Poison Potion"},{"floor":12,"key":"Block Potion"},{"floor":14,"key":"Ancient Potion"}],"is_trial":false,"path_per_floor":["M","?","?","$","M","R","E","R","T","?","M","M","E","M","R"],"character_chosen":"THE_SILENT","items_purchased":[],"campfire_rested":0,"item_purchase_floors":[],"current_hp_per_floor":[68,73,66,66,66,66,54,54,54,54,54,54,48,47,47,0],"gold":196,"neow_bonus":"","is_prod":false,"is_daily":false,"chose_seed":false,"campfire_upgraded":3,"win_rate":0,"timestamp":1532926761,"path_taken":["M","?","?","?","M","R","E","R","T","?","M","?","E","M","R","BOSS"],"build_version":"2018-07-26","purchased_purges":1,"victory":false,"max_hp_per_floor":[70,75,75,75,75,75,75,75,75,75,75,75,75,75,75,75],"card_choices":[{"not_picked":["Sucker Punch","Dodge and Roll"],"picked":"Quick Slash","floor":1},{"not_picked":["Distraction","Deflect","Leg Sweep"],"picked":"SKIP","floor":5},{"not_picked":["Dagger Spray","Quick Slash"],"picked":"Doppelganger","floor":7},{"not_picked":["Acrobatics","Flechettes"],"picked":"Outmaneuver","floor":11},{"not_picked":["Poisoned Stab","Choke","All Out Attack"],"picked":"SKIP","floor":12},{"not_picked":["Underhanded Strike","Noxious Fumes"],"picked":"Flechettes","floor":13},{"not_picked":["Masterful Stab","Infinite Blades"],"picked":"Skewer","floor":14}],"player_experience":566477,"relics_obtained":[{"floor":7,"key":"Torii"},{"floor":9,"key":"Oddly Smooth Stone"},{"floor":13,"key":"Toxic Egg 2"}],"event_choices":[{"event_name":"Big Fish","player_choice":"Donut","floor":2,"damage_taken":0},{"event_name":"Golden Wing","player_choice":"Card Removal","floor":3,"damage_taken":0},{"event_name":"Match and Keep!","player_choice":"1 cards matched","floor":10,"damage_taken":0}],"is_beta":false,"boss_relics":[],"items_purged_floors":[4],"is_endless":false,"potions_floor_spawned":[5,12,14],"killed_by":"Hexaghost","ascension_level":1}