{"gold_per_floor":[112,122,197,197,217,217,237,237,237,250,266,144,156,180,180,180],"floor_reached":16,"playtime":355,"items_purged":["Defend_B"],"score":94,"play_id":"46eeaf90-2824-4809-ae5c-289a7c5a6e65","local_time":"20181021022709","is_ascension_mode":false,"campfire_choices":[{"data":"Streamline","floor":6,"key":"SMITH"},{"data":"FTL","floor":8,"key":"SMITH"},{"floor":15,"key":"REST"}],"neow_cost":"NONE","seed_source_timestamp":64631542737162,"circlet_count":0,"master_deck":["Strike_B","Strike_B","Strike_B","Strike_B","Defend_B","Defend_B","Defend_B","Zap","Dualcast","Streamline+1","Rebound","FTL+1","Gash","Streamline"],"relics":["Cracked Core","NeowsBlessing","Bottled Flame","PreservedInsect"],"potions_floor_usage":[10],"damage_taken":[{"damage":0,"enemies":"Cultist","floor":1,"turns":1},{"damage":0,"enemies":"Jaw Worm","floor":2,"turns":1},{"damage":0,"enemies":"2 Louse","floor":5,"turns":1},{"damage":0,"enemies":"Large Slime","floor":7,"turns":4},{"damage":10,"enemies":"Exordium Thugs","floor":10,"turns":3},{"damage":11,"enemies":"Exordium Wildlife","floor":11,"turns":2},{"damage":9,"enemies":"2 Fungi Beasts","floor":13,"turns":2},{"damage":0,"enemies":"Hexaghost","floor":16,"turns":1}],"seed_played":"3526451101600811289","potions_obtained":[{"floor":2,"key":"AttackPotion"},{"floor":7,"key":"GamblersBrew"},{"floor":10,"key":"Swift Potion"}],"is_trial":false,"path_per_floor":["M","M","?","?","M","R","M","R","T","M","M","$","M","T","R"],"character_chosen":"DEFECT","items_purchased":["Streamline"],"campfire_rested":1,"item_purchase_floors":[12],"current_hp_per_floor":[75,75,64,69,69,69,69,69,69,59,48,48,39,39,63,63],"gold":180,"neow_bonus":"THREE_ENEMY_KILL","is_prod":false,"is_daily":false,"chose_seed":false,"campfire_upgraded":2,"win_rate":0,"timestamp":1540114029,"path_taken":["M","?","?","?","M","R","M","R","T","?","M","$","M","?","R","BOSS"],"build_version":"2018-10-18","purchased_purges":1,"victory":false,"max_hp_per_floor":[75,75,75,80,80,80,80,80,80,80,80,80,80,80,80,80],"card_choices":[{"not_picked":["Conserve Battery","Compile Driver"],"picked":"Streamline","floor":1},{"not_picked":["Scrape","Turbo"],"picked":"Rebound","floor":2},{"not_picked":["Stack","Scrape"],"picked":"FTL","floor":5},{"not_picked":["Steam","Reinforced Body"],"picked":"Gash","floor":7},{"not_picked":["Blizzard","Aggregate","Hologram"],"picked":"SKIP","floor":10},{"not_picked":["Cold Snap","Hologram","Heatsinks"],"picked":"SKIP","floor":11},{"not_picked":["Sweeping Beam","Reprogram","Loop"],"picked":"SKIP","floor":13}],"player_experience":904387,"relics_obtained":[{"floor":9,"key":"Bottled Flame"},{"floor":14,"key":"PreservedInsect"}],"event_choices":[{"damage_healed":0,"gold_gain":75,"player_choice":"Gather Gold","damage_taken":11,"max_hp_gain":0,"max_hp_loss":0,"event_name":"World of Goop","floor":3,"gold_loss":0},{"damage_healed":0,"gold_gain":0,"player_choice":"Donut","damage_taken":0,"max_hp_gain":5,"max_hp_loss":0,"event_name":"Big Fish","floor":4,"gold_loss":0}],"is_beta":false,"boss_relics":[],"items_purged_floors":[12],"is_endless":false,"potions_floor_spawned":[2,7,10],"killed_by":"Hexaghost","ascension_level":0}