{"gold_per_floor":[117,117,18,30,30,30,43,62,87,87,97,123,133,152,152,152],"floor_reached":16,"playtime":802,"items_purged":["Defend_G"],"score":182,"play_id":"b46f4fb7-c93b-4545-a8bb-2845e5d87c28","local_time":"20190616184144","is_ascension_mode":true,"campfire_choices":[{"floor":6,"key":"REST"},{"data":"Underhanded Strike","floor":10,"key":"SMITH"},{"floor":15,"key":"REST"}],"neow_cost":"NONE","seed_source_timestamp":24285779586021,"circlet_count":0,"master_deck":["AscendersBane","Defend_G","Defend_G","Defend_G+1","Defend_G","Strike_G","Strike_G","Strike_G","Strike_G","Strike_G","Survivor+1","Neutralize","Underhanded Strike+1","Deflect","PiercingWail","PiercingWail","All Out Attack","Reflex","Backflip","Underhanded Strike"],"relics":["Sozu","Oddly Smooth Stone","Pen Nib"],"potions_floor_usage":[],"damage_taken":[{"damage":5,"enemies":"2 Louse","floor":1,"turns":3},{"damage":2,"enemies":"Small Slimes","floor":4,"turns":4},{"damage":0,"enemies":"Cultist","floor":7,"turns":4},{"damage":5,"enemies":"Blue Slaver","floor":8,"turns":4},{"damage":0,"enemies":"Exordium Wildlife","floor":11,"turns":4},{"damage":18,"enemies":"Lagavulin","floor":12,"turns":8},{"damage":6,"enemies":"2 Fungi Beasts","floor":13,"turns":5},{"damage":0,"enemies":"Looter","floor":14,"turns":3},{"damage":46,"enemies":"Hexaghost","floor":16,"turns":11}],"seed_played":"-5349593876396495774","potions_obtained":[],"is_trial":false,"path_per_floor":["M","?","$","M","?","R","M","M","T","R","M","E","M","M","R","B"],"character_chosen":"THE_SILENT","items_purchased":["Deflect"],"campfire_rested":2,"item_purchase_floors":[3],"current_hp_per_floor":[54,34,34,32,32,51,51,46,46,46,46,28,22,22,41,0],"gold":152,"neow_bonus":"BOSS_RELIC","is_prod":false,"is_daily":false,"chose_seed":false,"campfire_upgraded":1,"win_rate":0,"timestamp":1560735704,"path_taken":["M","?","$","M","?","R","M","M","T","R","M","E","M","M","R","BOSS"],"build_version":"2019-01-23","purchased_purges":1,"victory":false,"max_hp_per_floor":[66,66,66,66,66,66,66,66,66,66,66,66,66,66,66,66],"card_choices":[{"not_picked":["Dodge and Roll","Heel Hook"],"picked":"Underhanded Strike","floor":1},{"not_picked":["Leg Sweep","Outmaneuver","Bane"],"picked":"SKIP","floor":4},{"not_picked":["Outmaneuver","Caltrops"],"picked":"PiercingWail","floor":7},{"not_picked":["Heel Hook","Quick Slash"],"picked":"PiercingWail","floor":8},{"not_picked":["Sucker Punch","Eviscerate"],"picked":"All Out Attack","floor":11},{"not_picked":["Blade Dance","Leg Sweep"],"picked":"Reflex","floor":12},{"not_picked":["Doppelganger","Bane"],"picked":"Backflip","floor":13},{"not_picked":["Quick Slash","Infinite Blades"],"picked":"Underhanded Strike","floor":14}],"player_experience":1404604,"relics_obtained":[{"floor":9,"key":"Oddly Smooth Stone"},{"floor":12,"key":"Pen Nib"}],"event_choices":[{"damage_healed":0,"gold_gain":0,"player_choice":"Entered Light","damage_taken":20,"max_hp_gain":0,"max_hp_loss":0,"event_name":"Shining Light","floor":2,"gold_loss":0,"cards_upgraded":["Defend_G","Survivor"]},{"damage_healed":0,"gold_gain":0,"player_choice":"Got Potions","damage_taken":0,"max_hp_gain":0,"max_hp_loss":0,"event_name":"Lab","floor":5,"gold_loss":0}],"is_beta":false,"boss_relics":[],"items_purged_floors":[3],"is_endless":false,"potions_floor_spawned":[8,11,14],"killed_by":"Hexaghost","ascension_level":15}