{"gold_per_floor":[112,15,15,28,28,28,45,64,64,64,64,95,109,32,32,106,106,118,33,0,26,51,63,75],"floor_reached":24,"playtime":834,"items_purged":["Strike_B"],"score":343,"play_id":"7f158a05-1819-4f4b-9baa-c4ab359f47fd","local_time":"20190326165134","is_ascension_mode":true,"campfire_choices":[{"data":"Fission","floor":6,"key":"SMITH"},{"floor":10,"key":"REST"},{"floor":15,"key":"REST"},{"floor":23,"key":"REST"}],"neow_cost":"NONE","seed_source_timestamp":113553436945805,"circlet_count":0,"master_deck":["AscendersBane","Strike_B","Strike_B","Defend_B","Defend_B","Defend_B","Zap","Dualcast","Machine Learning","Ball Lightning","Fission+1","Machine Learning","Ball Lightning","White Noise","Streamline","Capacitor","Static Discharge","Buffer","Static Discharge","Force Field+1","Defragment"],"relics":["Cracked Core","Darkstone Periapt","Gremlin Horn","Shuriken","Runic Dome","MawBank"],"potions_floor_usage":[12,22,24,24,24],"damage_taken":[{"damage":6,"enemies":"Cultist","floor":1,"turns":3},{"damage":4,"enemies":"Jaw Worm","floor":4,"turns":3},{"damage":10,"enemies":"2 Louse","floor":7,"turns":2},{"damage":8,"enemies":"Blue Slaver","floor":8,"turns":2},{"damage":10,"enemies":"Lagavulin","floor":12,"turns":4},{"damage":13,"enemies":"Large Slime","floor":13,"turns":3},{"damage":51,"enemies":"Hexaghost","floor":16,"turns":9},{"damage":0,"enemies":"Spheric Guardian","floor":18,"turns":3},{"damage":6,"enemies":"Chosen","floor":21,"turns":3},{"damage":23,"enemies":"3 Cultists","floor":22,"turns":5},{"damage":50,"enemies":"Slavers","floor":24,"turns":3}],"seed_played":"3496965518752017409","potions_obtained":[{"floor":1,"key":"FocusPotion"},{"floor":4,"key":"Explosive Potion"},{"floor":16,"key":"Dexterity Potion"},{"floor":18,"key":"EntropicBrew"}],"is_trial":false,"path_per_floor":["M","$","?","M","?","R","M","M","T","R","T","E","M","$","R","B",null,"M","?","?","M","M","R","E"],"character_chosen":"DEFECT","items_purchased":["Ball Lightning","Static Discharge"],"campfire_rested":3,"item_purchase_floors":[2,14],"current_hp_per_floor":[58,58,58,54,54,54,44,36,36,57,57,47,34,34,55,4,54,54,54,54,48,25,46,0],"gold":75,"neow_bonus":"ONE_RANDOM_RARE_CARD","is_prod":false,"is_daily":false,"chose_seed":false,"campfire_upgraded":1,"win_rate":0,"timestamp":1553644294,"path_taken":["M","$","?","?","?","R","M","?","T","R","?","E","?","$","R","BOSS","M","?","?","M","M","R","E"],"build_version":"2019-01-23","purchased_purges":1,"victory":false,"max_hp_per_floor":[71,71,71,71,71,71,71,71,71,71,71,71,71,71,71,71,71,71,71,71,71,71,71,71],"card_choices":[{"not_picked":["Recycle","Compile Driver","Redo"],"picked":"SKIP","floor":1},{"not_picked":["Steam","Hologram"],"picked":"Fission","floor":4},{"not_picked":["Skim","Go for the Eyes"],"picked":"Ball Lightning","floor":7},{"not_picked":["Rebound","Hologram"],"picked":"White Noise","floor":8},{"not_picked":["Multi-Cast","Steam"],"picked":"Streamline","floor":12},{"not_picked":["Cold Snap","Sweeping Beam"],"picked":"Capacitor","floor":13},{"not_picked":["Core Surge","Seek"],"picked":"Buffer","floor":16},{"not_picked":["Ball Lightning","Gash+1"],"picked":"Static Discharge","floor":18},{"not_picked":["Consume","Chill"],"picked":"Force Field+1","floor":21},{"not_picked":["Sweeping Beam","Compile Driver+1"],"picked":"Defragment","floor":22}],"player_experience":1250529,"relics_obtained":[{"floor":9,"key":"Darkstone Periapt"},{"floor":11,"key":"Gremlin Horn"},{"floor":12,"key":"Shuriken"}],"event_choices":[{"cards_removed":["Defend_B"],"damage_healed":0,"gold_gain":0,"player_choice":"Offered Basic","damage_taken":0,"max_hp_gain":0,"max_hp_loss":0,"event_name":"Bonfire Elementals","floor":3,"gold_loss":0},{"damage_healed":0,"gold_gain":0,"cards_transformed":["Strike_B"],"player_choice":"Transformed","damage_taken":0,"max_hp_gain":0,"max_hp_loss":0,"event_name":"Transmorgrifier","floor":5,"gold_loss":0,"cards_obtained":["Machine Learning"]},{"damage_healed":0,"gold_gain":0,"player_choice":"Obtained Relic","damage_taken":0,"relics_obtained":["MawBank"],"max_hp_gain":0,"max_hp_loss":0,"event_name":"Addict","floor":19,"gold_loss":85},{"damage_healed":0,"gold_gain":0,"player_choice":"Paid Fearfully","damage_taken":0,"max_hp_gain":0,"max_hp_loss":0,"event_name":"Masked Bandits","floor":20,"gold_loss":45}],"is_beta":false,"boss_relics":[{"not_picked":["Snecko Eye","Orrery"],"picked":"Runic Dome"}],"items_purged_floors":[2],"is_endless":false,"potions_floor_spawned":[1,4,8,16,18,21],"killed_by":"Slavers","ascension_level":15}