{"gold_per_floor":[99,99,99,28,28,28,5,5,5,5,5,5,5,5,5,5,5],"floor_reached":17,"playtime":466,"items_purged":[],"score":207,"play_id":"d0440c7b-5849-4284-91ca-87084cd0eb33","local_time":"20190713131257","is_ascension_mode":false,"campfire_choices":[{"data":"Whirlwind","floor":6,"key":"SMITH"},{"data":"Bludgeon","floor":10,"key":"SMITH"},{"data":"Anger","floor":15,"key":"SMITH"}],"neow_cost":"NONE","seed_source_timestamp":974916239438525,"circlet_count":0,"master_deck":["Strike_R","Strike_R","Strike_R","Strike_R","Strike_R","Defend_R","Defend_R","Defend_R","Defend_R","Bash","Pommel Strike+1","Whirlwind+1","Bludgeon+1","Anger+1","Headbutt","Offering","Normality","Parasite","Normality"],"relics":["Ectoplasm","Centennial Puzzle","Art of War","Calling Bell","Ancient Tea Set","Pantograph","FossilizedHelix"],"potions_floor_usage":[16],"damage_taken":[{"damage":6,"enemies":"Jaw Worm","floor":1,"turns":2},{"damage":0,"enemies":"Cultist","floor":3,"turns":2},{"damage":0,"enemies":"2 Louse","floor":5,"turns":2},{"damage":2,"enemies":"Blue Slaver","floor":8,"turns":2},{"damage":9,"enemies":"3 Sentries","floor":11,"turns":2},{"damage":0,"enemies":"Exordium Wildlife","floor":12,"turns":1},{"damage":0,"enemies":"2 Fungi Beasts","floor":14,"turns":1},{"damage":0,"enemies":"Slime Boss","floor":16,"turns":3}],"seed_played":"4304245437188870791","potions_obtained":[{"floor":3,"key":"EssenceOfSteel"},{"floor":8,"key":"FearPotion"},{"floor":12,"key":"Strength Potion"}],"is_trial":false,"path_per_floor":["M","?","M","$","M","R","?","M","T","R","E","M","?","M","R","B",null],"character_chosen":"IRONCLAD","items_purchased":["Bludgeon"],"campfire_rested":0,"item_purchase_floors":[4],"current_hp_per_floor":[74,74,74,74,74,74,74,72,72,72,63,63,63,63,63,63,80],"gold":5,"neow_bonus":"BOSS_RELIC","is_prod":false,"is_daily":false,"chose_seed":false,"campfire_upgraded":3,"win_rate":0,"timestamp":1563037977,"path_taken":["M","?","M","?","M","R","?","M","T","R","E","?","?","M","R","BOSS"],"build_version":"2019-07-05","purchased_purges":0,"victory":false,"max_hp_per_floor":[80,80,80,80,80,80,80,80,80,80,80,80,80,80,80,80,80],"card_choices":[{"not_picked":["Cleave","Sentinel"],"picked":"Pommel Strike","floor":1},{"not_picked":["Sentinel","Blood for Blood"],"picked":"Whirlwind","floor":3},{"not_picked":["Cleave","Wild Strike","Clothesline"],"picked":"SKIP","floor":5},{"not_picked":["Havoc","Wild Strike"],"picked":"Anger","floor":8},{"not_picked":["Corruption","Power Through"],"picked":"Headbutt","floor":11},{"not_picked":["Havoc","Blood for Blood","Uppercut"],"picked":"SKIP","floor":12},{"not_picked":["Havoc","Uppercut","Entrench"],"picked":"SKIP","floor":14},{"not_picked":["Berserk","Demon Form"],"picked":"Offering","floor":16}],"player_experience":233004,"relics_obtained":[{"floor":9,"key":"Centennial Puzzle"},{"floor":11,"key":"Art of War"},{"floor":17,"key":"Ancient Tea Set"},{"floor":17,"key":"Pantograph"},{"floor":17,"key":"FossilizedHelix"}],"event_choices":[{"damage_healed":0,"gold_gain":0,"player_choice":"Upgraded","damage_taken":0,"max_hp_gain":0,"max_hp_loss":0,"event_name":"Upgrade Shrine","floor":2,"gold_loss":0,"cards_upgraded":["Pommel Strike"]},{"damage_healed":0,"gold_gain":0,"player_choice":"Left Gold","damage_taken":0,"max_hp_gain":0,"max_hp_loss":0,"event_name":"World of Goop","floor":7,"gold_loss":23},{"damage_healed":0,"gold_gain":0,"player_choice":"Searched \u00270\u0027 times","damage_taken":0,"max_hp_gain":0,"max_hp_loss":0,"event_name":"Dead Adventurer","floor":13,"gold_loss":0}],"is_beta":false,"boss_relics":[{"not_picked":["White Beast Statue","Velvet Choker"],"picked":"Calling Bell"}],"items_purged_floors":[],"is_endless":false,"potions_floor_spawned":[3,8,12],"ascension_level":0}