{"gold_per_floor":[117,117,130,144,22,53,53,53,79,79,89,100,20,20,20,125,125,138,148,159,61,80,80,90,90,171,49,49,49,69,88,88,88],"floor_reached":33,"playtime":3983,"items_purged":[],"score":249,"play_id":"e0300046-5f73-41ca-ab60-505f58f73d03","local_time":"20190804220514","is_ascension_mode":false,"campfire_choices":[{"floor":7,"key":"REST"},{"data":"Perfected Strike","floor":15,"key":"SMITH"},{"floor":23,"key":"REST"},{"floor":29,"key":"REST"},{"floor":32,"key":"REST"}],"neow_cost":"","seed_source_timestamp":426741185641700,"circlet_count":0,"master_deck":["Strike_R","Strike_R","Strike_R","Strike_R","Strike_R","Defend_R","Defend_R","Defend_R","Defend_R","Bash","Shockwave+1","Twin Strike","Dropkick","Perfected Strike+1","Reaper","Cleave","Rage","Cleave","Rampage","Feed","Armaments","Metallicize","Seeing Red","Mind Blast","Carnage","Twin Strike+1","Seeing Red","Bandage Up","Warcry","Armaments"],"relics":["Burning Blood","Vajra","Bronze Scales","Eternal Feather","Dodecahedron"],"potions_floor_usage":[16,16,22,22,33],"damage_taken":[{"damage":7,"enemies":"Jaw Worm","floor":1,"turns":6},{"damage":3,"enemies":"2 Louse","floor":3,"turns":4},{"damage":0,"enemies":"Cultist","floor":4,"turns":4},{"damage":40,"enemies":"Lagavulin","floor":6,"turns":7},{"damage":11,"enemies":"Red Slaver","floor":11,"turns":3},{"damage":7,"enemies":"Looter","floor":12,"turns":3},{"damage":22,"enemies":"The Guardian","floor":16,"turns":8},{"damage":4,"enemies":"3 Byrds","floor":18,"turns":4},{"damage":40,"enemies":"Spheric Guardian","floor":19,"turns":6},{"damage":28,"enemies":"Cultist and Chosen","floor":20,"turns":9},{"damage":23,"enemies":"Chosen and Byrds","floor":22,"turns":6},{"damage":57,"enemies":"Centurion and Healer","floor":24,"turns":8},{"damage":18,"enemies":"Snake Plant","floor":30,"turns":4},{"damage":19,"enemies":"Chosen and Byrds","floor":31,"turns":3},{"damage":98,"enemies":"Champ","floor":33,"turns":11}],"seed_played":"6983782459480566747","potions_obtained":[{"floor":4,"key":"LiquidBronze"},{"floor":6,"key":"PowerPotion"},{"floor":16,"key":"Swift Potion"},{"floor":20,"key":"Dexterity Potion"},{"floor":22,"key":"Swift Potion"}],"is_trial":false,"path_per_floor":["M","?","M","M","$","E","R","?","T","?","M","M","$","$","R","B",null,"M","M","M","$","M","R","M","?","T","$","?","R","M","M","R","B"],"character_chosen":"IRONCLAD","items_purchased":["Perfected Strike","Reaper","Rampage","Mind Blast","Seeing Red","Bandage Up"],"campfire_rested":4,"item_purchase_floors":[5,5,13,21,27,27],"current_hp_per_floor":[79,79,80,80,80,46,70,70,70,70,70,69,69,69,69,60,80,80,51,33,33,16,55,14,14,14,14,5,44,39,26,68,0],"gold":88,"neow_bonus":"","is_prod":false,"is_daily":false,"chose_seed":false,"campfire_upgraded":1,"win_rate":0.0,"timestamp":1564920314,"path_taken":["M","?","M","M","$","E","R","?","T","?","?","M","?","$","R","BOSS","M","M","M","$","M","R","M","?","T","$","?","R","M","M","R","BOSS"],"build_version":"2019-07-17","purchased_purges":0,"victory":false,"max_hp_per_floor":[80,80,80,80,80,80,80,80,80,80,80,80,80,80,80,80,80,80,80,80,80,80,80,80,80,80,80,80,80,80,80,80,80],"card_choices":[{"not_picked":["Headbutt","Carnage"],"picked":"Shockwave","floor":1},{"not_picked":["Iron Wave","Pommel Strike"],"picked":"Twin Strike","floor":3},{"not_picked":["Disarm","Warcry"],"picked":"Dropkick","floor":4},{"not_picked":["Shrug It Off","Thunderclap"],"picked":"Cleave","floor":6},{"not_picked":["Disarm","Headbutt"],"picked":"Rage","floor":11},{"not_picked":["Searing Blow","Flex"],"picked":"Cleave","floor":12},{"not_picked":["Barricade","Dark Embrace"],"picked":"Feed","floor":16},{"not_picked":["Fire Breathing","True Grit"],"picked":"Armaments","floor":18},{"not_picked":["Second Wind","Flex+1"],"picked":"Metallicize","floor":19},{"not_picked":["Whirlwind","Dropkick"],"picked":"Seeing Red","floor":20},{"not_picked":["Iron Wave","Flex"],"picked":"Carnage","floor":22},{"not_picked":["Sword Boomerang+1","True Grit"],"picked":"Twin Strike+1","floor":24},{"not_picked":["Bloodletting","Armaments"],"picked":"Warcry","floor":30},{"not_picked":["Clash","Combust+1"],"picked":"Armaments","floor":31}],"player_experience":0,"relics_obtained":[{"floor":6,"key":"Vajra"},{"floor":9,"key":"Bronze Scales"},{"floor":26,"key":"Dodecahedron"}],"event_choices":[{"damage_healed":0,"gold_gain":0,"player_choice":"Grow","damage_taken":0,"max_hp_gain":0,"max_hp_loss":0,"event_name":"Living Wall","floor":2,"gold_loss":0,"cards_upgraded":["Shockwave"]},{"damage_healed":0,"gold_gain":0,"player_choice":"Leave","damage_taken":0,"max_hp_gain":0,"max_hp_loss":0,"event_name":"The Cleric","floor":8,"gold_loss":0},{"damage_healed":0,"gold_gain":0,"player_choice":"Bought 0 Potions","damage_taken":0,"max_hp_gain":0,"max_hp_loss":0,"event_name":"The Woman in Blue","floor":10,"gold_loss":0},{"damage_healed":0,"gold_gain":0,"player_choice":"Ignored","damage_taken":0,"max_hp_gain":0,"max_hp_loss":0,"event_name":"Beggar","floor":25,"gold_loss":0},{"damage_healed":0,"gold_gain":0,"player_choice":"Stopped","damage_taken":9,"max_hp_gain":0,"max_hp_loss":0,"event_name":"Cursed Tome","floor":28,"gold_loss":0}],"is_beta":false,"boss_relics":[{"not_picked":["Runic Dome","Empty Cage"],"picked":"Eternal Feather"}],"items_purged_floors":[],"is_endless":false,"potions_floor_spawned":[4,6,16,20,22],"killed_by":"Champ","ascension_level":0}