{"gold_per_floor":[112,125,50,50,104,135,135,149,149,149,149],"floor_reached":11,"playtime":196,"items_purged":["Strike_G"],"score":101,"play_id":"c92d0618-aae9-4ec9-882e-fa64b23b3c7a","local_time":"20190815205330","is_ascension_mode":true,"campfire_choices":[{"data":"Backstab","floor":7,"key":"SMITH"}],"neow_cost":"NONE","seed_source_timestamp":20112825665500,"circlet_count":0,"master_deck":["Strike_G","Strike_G","Strike_G","Strike_G","Defend_G","Defend_G","Defend_G","Defend_G","Defend_G","Survivor","Neutralize","Sucker Punch","Backstab+1","Blur","Regret"],"relics":["Ring of the Snake","NeowsBlessing","Snake Skull","Mummified Hand","Boot","Oddly Smooth Stone"],"potions_floor_usage":[],"damage_taken":[{"damage":0,"enemies":"2 Louse","floor":1,"turns":1},{"damage":0,"enemies":"Jaw Worm","floor":2,"turns":1},{"damage":0,"enemies":"Gremlin Nob","floor":6,"turns":1},{"damage":0,"enemies":"Small Slimes","floor":8,"turns":3},{"damage":2,"enemies":"Lagavulin","floor":11,"turns":4}],"seed_played":"-5812536781229463074","potions_obtained":[{"floor":2,"key":"GamblersBrew"}],"is_trial":false,"path_per_floor":["M","M","$","?","T","E","R","M","T","?","E"],"character_chosen":"THE_SILENT","items_purchased":[],"campfire_rested":0,"item_purchase_floors":[],"current_hp_per_floor":[70,70,70,70,70,70,70,70,70,70,68],"gold":149,"neow_bonus":"THREE_ENEMY_KILL","is_prod":false,"is_daily":false,"chose_seed":false,"campfire_upgraded":1,"win_rate":0,"timestamp":1565866410,"path_taken":["M","M","$","?","?","E","R","M","T","?","E"],"build_version":"2019-07-17","purchased_purges":1,"victory":false,"max_hp_per_floor":[70,70,70,70,70,70,70,70,70,70,70],"card_choices":[{"not_picked":["Prepared","Deadly Poison"],"picked":"Sucker Punch","floor":1},{"not_picked":["Prepared","Skewer","Slice"],"picked":"SKIP","floor":2},{"not_picked":["Acrobatics","Blade Dance"],"picked":"Backstab","floor":6},{"not_picked":["Blade Dance","Eviscerate"],"picked":"Blur","floor":8}],"player_experience":37302,"relics_obtained":[{"floor":5,"key":"Snake Skull"},{"floor":6,"key":"Mummified Hand"},{"floor":9,"key":"Boot"}],"event_choices":[{"damage_healed":0,"gold_gain":0,"player_choice":"Ignored","damage_taken":0,"max_hp_gain":0,"max_hp_loss":0,"event_name":"Liars Game","floor":4,"gold_loss":0},{"damage_healed":0,"gold_gain":0,"player_choice":"Box","damage_taken":0,"relics_obtained":["Oddly Smooth Stone"],"max_hp_gain":0,"max_hp_loss":0,"event_name":"Big Fish","floor":10,"gold_loss":0,"cards_obtained":["Regret"]}],"is_beta":false,"boss_relics":[],"items_purged_floors":[3],"is_endless":false,"potions_floor_spawned":[2],"killed_by":"Lagavulin","ascension_level":1}