{"gold_per_floor":[116,135,58,58,136,136,163,163,186,215,215,233,4,38,38,166,166,182,207,207,228,79,79,79,178,254,71,71,91,91,126,126,250,250,266,286,411,411,424,424,93,127,195,211,227,270,290,356,356,356],"floor_reached":51,"playtime":7197,"items_purged":["Strike_R","Shame","Bash"],"score":1316,"play_id":"907675be-3bd8-4281-a7e9-1e4000dcfcb1","local_time":"20190702003516","is_ascension_mode":true,"campfire_choices":[{"data":"Corruption","floor":6.0,"key":"SMITH"},{"data":"Whirlwind","floor":8.0,"key":"SMITH"},{"floor":15.0,"key":"REST"},{"data":"Apotheosis","floor":23.0,"key":"SMITH"},{"data":"Offering","floor":28.0,"key":"SMITH"},{"data":"Dark Embrace","floor":30.0,"key":"SMITH"},{"data":"Battle Trance","floor":32.0,"key":"SMITH"},{"data":"Combust","floor":40,"key":"SMITH"},{"data":"True Grit","floor":49,"key":"SMITH"}],"neow_cost":"PERCENT_DAMAGE","seed_source_timestamp":102745871666246,"circlet_count":0,"master_deck":["AscendersBane","Defend_R+1","Defend_R","Defend_R+1","Defend_R","Pommel Strike","Pommel Strike","Corruption+1","Whirlwind+1","Metallicize","Dark Embrace+1","Offering+1","True Grit","Reckless Charge","Sword Boomerang","Apotheosis+1","Combust+1","Shockwave","Secret Technique","Metallicize","Pommel Strike","Battle Trance+1","Headbutt","Shrug It Off","Metallicize","True Grit+1","Regret","Headbutt+1","Pommel Strike","Sentinel+1"],"special_seed":0,"relics":["Burning Blood","Matryoshka","Boot","Lantern","War Paint","Bag of Preparation","Golden Idol","Membership Card","Bag of Marbles","Busted Crown","Blood Vial","Art of War","Meat on the Bone","Dream Catcher","Cursed Key","Charon\u0027s Ashes","Pen Nib","Peace Pipe","Smiling Mask","Paper Frog","Kunai","Du-Vu Doll"],"potions_floor_usage":[39,50],"damage_taken":[{"damage":14.0,"enemies":"Jaw Worm","floor":1.0,"turns":3.0},{"damage":4.0,"enemies":"2 Louse","floor":2.0,"turns":4.0},{"damage":20.0,"enemies":"Lagavulin","floor":7.0,"turns":7.0},{"damage":32.0,"enemies":"Gremlin Nob","floor":10.0,"turns":4.0},{"damage":0.0,"enemies":"Cultist","floor":12.0,"turns":3.0},{"damage":4.0,"enemies":"Lagavulin","floor":14.0,"turns":6.0},{"damage":52.0,"enemies":"Slime Boss","floor":16.0,"turns":10.0},{"damage":8.0,"enemies":"Shell Parasite","floor":18.0,"turns":3.0},{"damage":0.0,"enemies":"3 Byrds","floor":19.0,"turns":3.0},{"damage":6.0,"enemies":"Centurion and Healer","floor":21.0,"turns":1.0},{"damage":6.0,"enemies":"Shelled Parasite and Fungi","floor":29.0,"turns":4.0},{"damage":12.0,"enemies":"Slavers","floor":31.0,"turns":3.0},{"damage":56.0,"enemies":"Champ","floor":33.0,"turns":7.0},{"damage":6,"enemies":"3 Darklings","floor":35,"turns":2},{"damage":0,"enemies":"Orb Walker","floor":36,"turns":4},{"damage":3,"enemies":"Mind Bloom Boss Battle","floor":37,"turns":4},{"damage":6,"enemies":"3 Darklings","floor":39,"turns":2},{"damage":8,"enemies":"Reptomancer","floor":42,"turns":3},{"damage":6,"enemies":"Jaw Worm Horde","floor":44,"turns":1},{"damage":7,"enemies":"4 Shapes","floor":45,"turns":1},{"damage":12,"enemies":"Giant Head","floor":46,"turns":5},{"damage":11,"enemies":"Spire Growth","floor":47,"turns":3},{"damage":0,"enemies":"2 Orb Walkers","floor":48,"turns":1},{"damage":11,"enemies":"Donu and Deca","floor":50,"turns":4}],"seed_played":"1394917665571721904","potions_obtained":[{"floor":2.0,"key":"BloodPotion"},{"floor":7.0,"key":"SpeedPotion"},{"floor":16.0,"key":"Block Potion"},{"floor":18.0,"key":"Regen Potion"},{"floor":31.0,"key":"Dexterity Potion"},{"floor":36,"key":"SkillPotion"},{"floor":44,"key":"Swift Potion"},{"floor":48,"key":"Regen Potion"}],"is_trial":false,"path_per_floor":["M","M","$","?","T","R","E","R","T","E","?","M","$","E","R","B",null,"M","M","?","M","$","R","?","?","T","$","R","M","R","E","R","B",null,"M","M","?","?","M","R","$","E","T","M","M","E","M","?","R","B",null],"character_chosen":"IRONCLAD","items_purchased":["Corruption","Membership Card","Apotheosis","Combust","Shockwave","Secret Technique","Metallicize","Pommel Strike","Metallicize","True Grit","Pen Nib","Peace Pipe"],"campfire_rested":1,"item_purchase_floors":[3,13,22,22,22,27,27,27,41,41,41,41],"current_hp_per_floor":[43,45,45,45,45,45,51,51,51,25,25,31,31,33,55,9,58,56,62,62,62,62,62,62,62,62,62,62,64,64,60,60,29,63,65,73,74,74,74,74,74,72,72,74,73,68,65,73,73,74],"gold":356,"neow_bonus":"REMOVE_TWO","is_prod":false,"is_daily":false,"chose_seed":false,"campfire_upgraded":8,"win_rate":0,"timestamp":1562042116,"path_taken":["M","M","$","?","?","R","E","R","T","E","?","M","$","E","R","BOSS","M","M","?","M","$","R","?","?","T","$","R","M","R","E","R","BOSS","M","M","?","?","M","R","$","E","T","?","?","E","M","?","R","BOSS"],"build_version":"2019-07-01","purchased_purges":3,"victory":true,"max_hp_per_floor":[80,80,80,80,80,80,80,80,80,80,74,74,74,74,74,74,74,74,74,74,74,74,74,74,74,74,74,74,74,74,74,74,74,74,74,74,74,74,74,74,74,74,74,74,74,74,74,74,74,74],"card_choices":[{"not_picked":["Havoc","Infernal Blade"],"picked":"Pommel Strike","floor":1.0},{"not_picked":["Fire Breathing","Anger"],"picked":"Pommel Strike","floor":2.0},{"not_picked":["Evolve","Havoc"],"picked":"Whirlwind","floor":7.0},{"not_picked":["Clothesline","Body Slam"],"picked":"Metallicize","floor":10.0},{"not_picked":["Clash","Sword Boomerang","Infernal Blade"],"picked":"SKIP","floor":12.0},{"not_picked":["Wild Strike","Heavy Blade"],"picked":"Dark Embrace","floor":14.0},{"not_picked":["Reaper","Limit Break"],"picked":"Offering","floor":16.0},{"not_picked":["Cleave"],"picked":"SKIP","floor":18.0},{"not_picked":[],"picked":"True Grit","floor":19.0},{"not_picked":["Warcry"],"picked":"SKIP","floor":21.0},{"not_picked":["Perfected Strike+1"],"picked":"SKIP","floor":29.0},{"not_picked":[],"picked":"Battle Trance","floor":31.0},{"not_picked":["Uppercut"],"picked":"SKIP","floor":35},{"not_picked":[],"picked":"Headbutt","floor":36},{"not_picked":[],"picked":"Shrug It Off","floor":39},{"not_picked":["Body Slam"],"picked":"SKIP","floor":42},{"not_picked":[],"picked":"Headbutt+1","floor":44},{"not_picked":[],"picked":"Pommel Strike","floor":45},{"not_picked":[],"picked":"Sentinel+1","floor":46},{"not_picked":["Exhume"],"picked":"SKIP","floor":47}],"player_experience":163332,"relics_obtained":[{"floor":5.0,"key":"Matryoshka"},{"floor":7.0,"key":"Boot"},{"floor":9.0,"key":"Lantern"},{"floor":9.0,"key":"War Paint"},{"floor":10.0,"key":"Bag of Preparation"},{"floor":14.0,"key":"Bag of Marbles"},{"floor":26.0,"key":"Art of War"},{"floor":26.0,"key":"Meat on the Bone"},{"floor":31.0,"key":"Dream Catcher"},{"floor":37,"key":"Charon\u0027s Ashes"},{"floor":42,"key":"Smiling Mask"},{"floor":43,"key":"Paper Frog"},{"floor":46,"key":"Kunai"},{"floor":48,"key":"Du-Vu Doll"}],"event_choices":[{"damage_healed":0.0,"max_hp_gain":0.0,"max_hp_loss":0.0,"gold_gain":0.0,"event_name":"Liars Game","player_choice":"Ignored","floor":4.0,"gold_loss":0.0,"damage_taken":0.0},{"damage_healed":0.0,"max_hp_gain":0.0,"max_hp_loss":6.0,"gold_gain":0.0,"event_name":"Golden Idol","player_choice":"Lose Max HP","floor":11.0,"gold_loss":0.0,"damage_taken":0.0,"relics_obtained":["Golden Idol"]},{"damage_healed":0.0,"max_hp_gain":0.0,"max_hp_loss":0.0,"gold_gain":0.0,"cards_transformed":["Strike_R","Strike_R"],"event_name":"Drug Dealer","player_choice":"Became Test Subject","floor":20.0,"gold_loss":0.0,"damage_taken":0.0,"cards_obtained":["Reckless Charge","Sword Boomerang"]},{"damage_healed":0.0,"max_hp_gain":0.0,"max_hp_loss":0.0,"gold_gain":0.0,"event_name":"Addict","player_choice":"Stole Relic","floor":24.0,"gold_loss":0.0,"damage_taken":0.0,"relics_obtained":["Blood Vial"],"cards_obtained":["Shame"]},{"damage_healed":0.0,"max_hp_gain":0.0,"max_hp_loss":0.0,"gold_gain":99.0,"event_name":"Nest","player_choice":"Stole From Cult","floor":25.0,"gold_loss":0.0,"damage_taken":0.0},{"damage_healed":0,"gold_gain":0,"player_choice":"Fight","damage_taken":0,"max_hp_gain":0,"max_hp_loss":0,"event_name":"MindBloom","floor":37,"gold_loss":0},{"damage_healed":0,"gold_gain":0,"player_choice":"Ignored","damage_taken":0,"max_hp_gain":0,"max_hp_loss":0,"event_name":"SecretPortal","floor":38,"gold_loss":0},{"damage_healed":0,"gold_gain":0,"player_choice":"Fight","damage_taken":0,"max_hp_gain":0,"max_hp_loss":0,"event_name":"Mysterious Sphere","floor":48,"gold_loss":0}],"is_beta":false,"boss_relics":[{"not_picked":["Fusion Hammer","Runic Cube"],"picked":"Busted Crown"},{"not_picked":["Mark of Pain","Runic Dome"],"picked":"Cursed Key"}],"items_purged_floors":[13,27,41],"is_endless":false,"potions_floor_spawned":[2,7,16,18,31,36,37,44,45,48],"ascension_level":12}