{"gold_per_floor":[114,114,64,79,94,94,124,124,124,124,124,139,169,244,244,244],"floor_reached":16,"playtime":967,"items_purged":[],"score":108,"play_id":"9a036330-8081-455e-a69a-6e34e6cc5c38","local_time":"20190305170332","daily_mods":["Chimera","Hoarder","Terminal"],"is_ascension_mode":false,"campfire_choices":[{"data":"Pommel Strike","floor":6,"key":"SMITH"},{"data":"Pommel Strike","floor":8,"key":"SMITH"},{"data":"Pommel Strike","floor":11,"key":"SMITH"},{"data":"Bash","floor":15,"key":"SMITH"}],"neow_cost":"","seed_source_timestamp":0,"circlet_count":0,"master_deck":["Bash+1","Survivor","Strike_R","Strike_G","Strike_B+1","Defend_R","Defend_G","Defend_B","Heavy Blade+1","Heavy Blade","Heavy Blade","Ghostly Armor","Ghostly Armor","Ghostly Armor","Pommel Strike+1","Pommel Strike+1","Pommel Strike+1","Second Wind","Second Wind","Second Wind"],"special_seed":17960,"relics":["Burning Blood","Omamori","Whetstone","Magic Flower","Orichalcum"],"potions_floor_usage":[13,16],"damage_taken":[{"damage":0.0,"enemies":"Small Slimes","floor":1.0,"turns":4.0},{"damage":0.0,"enemies":"2 Louse","floor":4.0,"turns":2.0},{"damage":1,"enemies":"Cultist","floor":5,"turns":3},{"damage":30,"enemies":"Gremlin Nob","floor":7,"turns":5},{"damage":6,"enemies":"Large Slime","floor":12,"turns":5},{"damage":17,"enemies":"Lagavulin","floor":13,"turns":6},{"damage":27,"enemies":"Slime Boss","floor":16,"turns":11}],"seed_played":"-7796585460280550823","potions_obtained":[{"floor":1.0,"key":"Block Potion"},{"floor":7,"key":"LiquidBronze"},{"floor":12,"key":"Strength Potion"}],"is_trial":false,"path_per_floor":["M","?","?","M","M","R","E","R","T","?","R","M","E","?","R","B"],"character_chosen":"IRONCLAD","items_purchased":[],"campfire_rested":0,"item_purchase_floors":[],"current_hp_per_floor":[78,77,76,75,74,73,49,49,49,42,42,45,37,26,26,0],"gold":244,"neow_bonus":"","is_prod":false,"is_daily":true,"chose_seed":false,"campfire_upgraded":4,"win_rate":0,"timestamp":1551801812,"path_taken":["M","?","?","M","M","R","E","R","T","?","R","M","E","?","R","BOSS"],"build_version":"2019-02-06","purchased_purges":0,"victory":false,"max_hp_per_floor":[78,77,76,75,74,73,72,71,70,69,68,67,66,65,64,64],"card_choices":[{"not_picked":["Pummel","Clothesline"],"picked":"Heavy Blade","floor":1.0},{"not_picked":["Rupture","Twin Strike"],"picked":"Ghostly Armor","floor":4},{"not_picked":["Armaments","Anger"],"picked":"Pommel Strike","floor":5},{"not_picked":["Headbutt","Entrench"],"picked":"Second Wind","floor":7},{"not_picked":["True Grit","Pummel","Ghostly Armor"],"picked":"SKIP","floor":12},{"not_picked":["Blood for Blood","Shrug It Off","True Grit"],"picked":"SKIP","floor":13}],"player_experience":213338,"relics_obtained":[{"floor":7,"key":"Omamori"},{"floor":9,"key":"Whetstone"},{"floor":13,"key":"Orichalcum"}],"event_choices":[{"damage_healed":0.0,"max_hp_gain":0.0,"max_hp_loss":0.0,"gold_gain":0.0,"event_name":"Liars Game","player_choice":"Ignored","floor":2.0,"gold_loss":0.0,"damage_taken":0.0},{"cards_removed":["Zap"],"damage_healed":0.0,"max_hp_gain":0.0,"max_hp_loss":0.0,"gold_gain":0.0,"event_name":"The Cleric","player_choice":"Card Removal","floor":3.0,"gold_loss":50.0,"damage_taken":0.0},{"damage_healed":0,"gold_gain":0,"player_choice":"Success","damage_taken":7,"relics_obtained":["Magic Flower"],"max_hp_gain":0,"max_hp_loss":0,"event_name":"Scrap Ooze","floor":10,"gold_loss":0},{"damage_healed":0,"gold_gain":75,"player_choice":"Gather Gold","damage_taken":11,"max_hp_gain":0,"max_hp_loss":0,"event_name":"World of Goop","floor":14,"gold_loss":0}],"is_beta":true,"boss_relics":[],"items_purged_floors":[],"is_endless":false,"potions_floor_spawned":[1,7,12],"killed_by":"Slime Boss","ascension_level":0}