{"gold_per_floor":[114,114,129,129,279,279,309,1,26,26,26,26],"floor_reached":12,"playtime":328,"items_purged":["Doubt"],"score":133,"play_id":"d44e835f-a0d3-4e9c-83d3-a3d46064630b","local_time":"20190328215427","is_ascension_mode":true,"campfire_choices":[{"data":"Genetic Algorithm","floor":6,"key":"SMITH"},{"floor":11,"key":"REST"}],"neow_cost":"NONE","seed_source_timestamp":287202949435867,"circlet_count":0,"master_deck":["AscendersBane","Strike_B","Strike_B","Strike_B","Defend_B","Defend_B","Defend_B","Defend_B","Zap","Dualcast","Genetic Algorithm+1","Rip and Tear+1","Self Repair","Defragment"],"relics":["Eternal Feather","Molten Egg 2","Orichalcum","Membership Card","Centennial Puzzle"],"potions_floor_usage":[7,7],"damage_taken":[{"damage":1,"enemies":"Cultist","floor":1,"turns":4},{"damage":12,"enemies":"Jaw Worm","floor":3,"turns":5},{"damage":42,"enemies":"Gremlin Nob","floor":7,"turns":5},{"damage":43,"enemies":"3 Sentries","floor":12,"turns":8}],"seed_played":"-2121405487358291002","potions_obtained":[{"floor":1,"key":"PowerPotion"},{"floor":3,"key":"Swift Potion"}],"is_trial":false,"path_per_floor":["M","T","M","?","?","R","E","$","T","?","R","E"],"character_chosen":"DEFECT","items_purchased":["Membership Card","Defragment"],"campfire_rested":1,"item_purchase_floors":[8,8],"current_hp_per_floor":[63,63,51,51,51,57,15,15,15,15,42,0],"gold":26,"neow_bonus":"BOSS_RELIC","is_prod":false,"is_daily":false,"chose_seed":false,"campfire_upgraded":1,"win_rate":0,"timestamp":1553835267,"path_taken":["M","?","M","?","?","R","E","$","T","?","R","E"],"build_version":"2019-01-23","purchased_purges":1,"victory":false,"max_hp_per_floor":[71,71,71,71,71,71,71,71,71,71,71,71],"card_choices":[{"not_picked":["FTL","Leap"],"picked":"Genetic Algorithm","floor":1},{"not_picked":["Conserve Battery","Tempest"],"picked":"Rip and Tear+1","floor":3},{"not_picked":["Blizzard+1","Heatsinks"],"picked":"Self Repair","floor":7}],"player_experience":1255036,"relics_obtained":[{"floor":2,"key":"Molten Egg 2"},{"floor":7,"key":"Orichalcum"},{"floor":9,"key":"Centennial Puzzle"}],"event_choices":[{"cards_removed":["Strike_B"],"damage_healed":0,"gold_gain":0,"player_choice":"Forget","damage_taken":0,"max_hp_gain":0,"max_hp_loss":0,"event_name":"Living Wall","floor":4,"gold_loss":0},{"damage_healed":0,"gold_gain":150,"player_choice":"AGREE","damage_taken":0,"max_hp_gain":0,"max_hp_loss":0,"event_name":"Liars Game","floor":5,"gold_loss":0,"cards_obtained":["Doubt"]},{"damage_healed":0,"gold_gain":0,"player_choice":"Leave","damage_taken":0,"max_hp_gain":0,"max_hp_loss":0,"event_name":"The Cleric","floor":10,"gold_loss":0}],"is_beta":false,"boss_relics":[],"items_purged_floors":[8],"is_endless":false,"potions_floor_spawned":[1,3],"killed_by":"3 Sentries","ascension_level":16}