{"gold_per_floor":[112,128,128,48,123,123,134,151,202,202,202,202,23,36,36,132,132,146,146,245,245,259,292,292,292,292,292,73,92,92,92,92,197,197,211,60,60,76,0,0,0,0,0,19,19],"floor_reached":45,"playtime":2208,"items_purged":["Heavy Blade+1"],"score":467,"play_id":"85ee94f8-7006-488b-98b5-c8f7e2efb95b","local_time":"20190815231550","is_ascension_mode":false,"campfire_choices":[{"data":"Bash","floor":6,"key":"SMITH"},{"data":"Juggernaut","floor":12,"key":"SMITH"},{"floor":15,"key":"REST"},{"data":"Double Tap","floor":25,"key":"SMITH"},{"data":"Apotheosis","floor":27,"key":"SMITH"},{"data":"Barricade","floor":30,"key":"SMITH"},{"floor":32,"key":"REST"},{"data":"Limit Break","floor":40,"key":"SMITH"},{"data":"Inflame","floor":42,"key":"SMITH"}],"neow_cost":"NONE","seed_source_timestamp":505765346800,"circlet_count":0,"master_deck":["Strike_R+1","Strike_R+1","Defend_R","Defend_R","Defend_R","Defend_R","Bash+1","Juggernaut+1","Pommel Strike","Ghostly Armor","Seeing Red","Seeing Red","Headbutt","Apotheosis+1","Ghostly Armor","Reaper","Double Tap+1","Disarm","Battle Trance+1","Metallicize","Barricade+1","Limit Break+1","Feel No Pain+1","Heavy Blade+1","Body Slam+1","Inflame+1","Madness","Madness","True Grit"],"relics":["Burning Blood","Dream Catcher","Bag of Preparation","Potion Belt","Runic Cube","Ornamental Fan","Shuriken","Centennial Puzzle","Pear","Anchor","Astrolabe","Red Mask","StoneCalendar"],"potions_floor_usage":[16,16,33,33,33],"damage_taken":[{"damage":12,"enemies":"Cultist","floor":1,"turns":5},{"damage":6,"enemies":"Jaw Worm","floor":2,"turns":6},{"damage":0,"enemies":"Small Slimes","floor":7,"turns":3},{"damage":14,"enemies":"2 Fungi Beasts","floor":8,"turns":5},{"damage":4,"enemies":"Looter","floor":14,"turns":4},{"damage":27,"enemies":"The Guardian","floor":16,"turns":14},{"damage":4,"enemies":"Shell Parasite","floor":18,"turns":6},{"damage":25,"enemies":"Spheric Guardian","floor":22,"turns":6},{"damage":12,"enemies":"Book of Stabbing","floor":23,"turns":9},{"damage":21,"enemies":"Centurion and Healer","floor":29,"turns":8},{"damage":38,"enemies":"Champ","floor":33,"turns":14},{"damage":12,"enemies":"3 Shapes","floor":35,"turns":8},{"damage":29,"enemies":"Orb Walker","floor":38,"turns":7},{"damage":51,"enemies":"Jaw Worm Horde","floor":44,"turns":7},{"damage":57,"enemies":"Giant Head","floor":45,"turns":7}],"seed_played":"598559627081630574","potions_obtained":[{"floor":8,"key":"Block Potion"},{"floor":14,"key":"Weak Potion"},{"floor":22,"key":"Strength Potion"},{"floor":23,"key":"SteroidPotion"},{"floor":29,"key":"AttackPotion"},{"floor":38,"key":"Strength Potion"},{"floor":44,"key":"SteroidPotion"}],"is_trial":false,"path_per_floor":["M","M","?","$","?","R","M","M","T","?","T","R","$","M","R","B",null,"M","?","?","T","M","E","?","R","T","R","$","M","R","?","R","B",null,"M","$","?","M","?","R","?","R","T","M","E"],"character_chosen":"IRONCLAD","items_purchased":["Seeing Red","Apotheosis","Anchor","Metallicize","Inflame"],"campfire_rested":2,"item_purchase_floors":[4,13,28,28,36],"current_hp_per_floor":[74,74,62,62,51,51,57,49,49,33,33,33,33,35,59,43,80,80,65,65,65,46,40,40,40,50,50,50,47,47,47,75,60,95,89,89,77,62,62,62,62,62,62,41,0],"gold":19,"neow_bonus":"ONE_RANDOM_RARE_CARD","is_prod":false,"is_daily":false,"chose_seed":false,"campfire_upgraded":7,"win_rate":0,"timestamp":1565882150,"path_taken":["M","?","?","$","?","R","M","M","T","?","?","R","$","M","R","BOSS","M","?","?","?","?","E","?","R","T","R","$","M","R","?","R","BOSS","M","$","?","M","?","R","?","R","T","?","E"],"build_version":"2019-07-17","purchased_purges":1,"victory":false,"max_hp_per_floor":[80,80,80,80,80,80,80,80,80,80,80,80,80,80,80,80,80,80,85,85,85,85,85,85,85,95,95,95,95,95,95,95,95,95,95,95,95,95,95,95,95,95,95,95,95],"card_choices":[{"not_picked":["Warcry","Cleave"],"picked":"Pommel Strike","floor":1},{"not_picked":["True Grit","Sword Boomerang"],"picked":"Ghostly Armor","floor":2},{"not_picked":["True Grit","Warcry"],"picked":"Seeing Red","floor":7},{"not_picked":["Feel No Pain","Cleave"],"picked":"Headbutt","floor":8},{"not_picked":["Reckless Charge","Twin Strike"],"picked":"Ghostly Armor","floor":14},{"not_picked":["Rage","Clothesline"],"picked":"Reaper","floor":15},{"not_picked":["Bludgeon","Brutality"],"picked":"Double Tap","floor":16},{"not_picked":["Headbutt","Sword Boomerang"],"picked":"Disarm","floor":18},{"not_picked":["Heavy Blade","Pommel Strike"],"picked":"Battle Trance+1","floor":22},{"not_picked":["Juggernaut","Heavy Blade+1","Warcry"],"picked":"SKIP","floor":23},{"not_picked":["Wild Strike","Headbutt"],"picked":"Barricade","floor":29},{"not_picked":["Reaper","Bludgeon"],"picked":"Limit Break","floor":33},{"not_picked":["Flex+1","Sword Boomerang+1"],"picked":"Body Slam+1","floor":35},{"not_picked":["Anger","Cleave+1","Headbutt+1"],"picked":"SKIP","floor":38},{"not_picked":["Clash+1","Flame Barrier+1"],"picked":"True Grit","floor":44}],"player_experience":173715,"relics_obtained":[{"floor":9,"key":"Bag of Preparation"},{"floor":11,"key":"Potion Belt"},{"floor":21,"key":"Ornamental Fan"},{"floor":23,"key":"Shuriken"},{"floor":26,"key":"Pear"},{"floor":43,"key":"StoneCalendar"}],"event_choices":[{"damage_healed":0,"gold_gain":0,"player_choice":"Success","damage_taken":12,"relics_obtained":["Dream Catcher"],"max_hp_gain":0,"max_hp_loss":0,"event_name":"Scrap Ooze","floor":3,"gold_loss":0},{"damage_healed":0,"gold_gain":75,"player_choice":"Gather Gold","damage_taken":11,"max_hp_gain":0,"max_hp_loss":0,"event_name":"World of Goop","floor":5,"gold_loss":0},{"damage_healed":0,"gold_gain":0,"player_choice":"Entered Light","damage_taken":16,"max_hp_gain":0,"max_hp_loss":0,"event_name":"Shining Light","floor":10,"gold_loss":0,"cards_upgraded":["Strike_R","Strike_R"]},{"damage_healed":0,"gold_gain":0,"player_choice":"Shed Blood","damage_taken":20,"max_hp_gain":5,"max_hp_loss":0,"event_name":"Forgotten Altar","floor":19,"gold_loss":0},{"damage_healed":0,"gold_gain":99,"player_choice":"Stole From Cult","damage_taken":0,"max_hp_gain":0,"max_hp_loss":0,"event_name":"Nest","floor":20,"gold_loss":0},{"damage_healed":0,"gold_gain":0,"player_choice":"Opened","damage_taken":0,"relics_obtained":["Centennial Puzzle"],"max_hp_gain":0,"max_hp_loss":0,"event_name":"The Mausoleum","floor":24,"gold_loss":0},{"damage_healed":0,"gold_gain":0,"player_choice":"Ignored","damage_taken":0,"max_hp_gain":0,"max_hp_loss":0,"event_name":"NoteForYourself","floor":31,"gold_loss":0},{"damage_healed":0,"gold_gain":0,"player_choice":"Embrace Madness","damage_taken":12,"max_hp_gain":0,"max_hp_loss":0,"event_name":"Winding Halls","floor":37,"gold_loss":0,"cards_obtained":["Madness","Madness"]},{"damage_healed":0,"gold_gain":0,"player_choice":"Paid","damage_taken":0,"relics_obtained":["Red Mask"],"max_hp_gain":0,"max_hp_loss":0,"event_name":"Tomb of Lord Red Mask","floor":39,"gold_loss":76},{"damage_healed":0,"gold_gain":0,"player_choice":"Ignored","damage_taken":0,"max_hp_gain":0,"max_hp_loss":0,"event_name":"SecretPortal","floor":41,"gold_loss":0}],"is_beta":false,"boss_relics":[{"not_picked":["Lizard Tail","Calling Bell"],"picked":"Runic Cube"},{"not_picked":["Snecko Eye","White Beast Statue"],"picked":"Astrolabe"}],"items_purged_floors":[36],"is_endless":false,"potions_floor_spawned":[8,14,22,23,29,38,44],"killed_by":"Giant Head","ascension_level":0}