{"gold_per_floor":[116,116,96,107,32,63,75,75,100,100,0,0,26,36,36,136,136,148,148,166,266,266,276,276,366,445,463,473,294,294,144,144,244,244,262,262,274,274,99,99,112,112,112,130,130,142,142,158,158,158],"floor_reached":51,"playtime":3511,"items_purged":["Strike_R","Defend_R","Strike_R+1","Defend_R+1","Strike_R+1"],"score":1019,"play_id":"cfbc0328-7768-45c3-897e-5625835f06c5","local_time":"20190506144917","is_ascension_mode":true,"campfire_choices":[{"data":"Rampage","floor":8.0,"key":"SMITH"},{"data":"Strike_R","floor":12.0,"key":"SMITH"},{"data":"Defend_R","floor":15.0,"key":"SMITH"},{"floor":24.0,"key":"REST"},{"floor":32.0,"key":"REST"},{"data":"Shrug It Off","floor":40.0,"key":"SMITH"},{"floor":47,"key":"REST"},{"floor":49,"key":"REST"}],"neow_cost":"PERCENT_DAMAGE","seed_source_timestamp":55064982220300,"circlet_count":0,"master_deck":["Defend_R+1","Bash+1","Rampage+1","Shrug It Off+1","Pommel Strike+1"],"special_seed":0,"relics":["Black Blood","Oddly Smooth Stone","War Paint","Art of War","Velvet Choker","Charon\u0027s Ashes","Dodecahedron","Meat on the Bone","Enchiridion","Mercury Hourglass"],"potions_floor_usage":[50,50,50],"damage_taken":[{"damage":5.0,"enemies":"Small Slimes","floor":1.0,"turns":4.0},{"damage":4.0,"enemies":"Jaw Worm","floor":4.0,"turns":4.0},{"damage":26.0,"enemies":"Gremlin Nob","floor":6.0,"turns":5.0},{"damage":0.0,"enemies":"Cultist","floor":7.0,"turns":3.0},{"damage":5.0,"enemies":"Lagavulin","floor":13.0,"turns":6.0},{"damage":0.0,"enemies":"3 Louse","floor":14.0,"turns":4.0},{"damage":14.0,"enemies":"Slime Boss","floor":16.0,"turns":8.0},{"damage":15.0,"enemies":"3 Byrds","floor":18.0,"turns":5.0},{"damage":14.0,"enemies":"Shell Parasite","floor":20.0,"turns":5.0},{"damage":13.0,"enemies":"Colosseum Slavers","floor":21.0,"turns":4.0},{"damage":23.0,"enemies":"Colosseum Nobs","floor":21.0,"turns":5.0},{"damage":12.0,"enemies":"3 Cultists","floor":23.0,"turns":3.0},{"damage":12.0,"enemies":"Snake Plant","floor":27.0,"turns":4.0},{"damage":26.0,"enemies":"Sentry and Sphere","floor":28.0,"turns":6.0},{"damage":13.0,"enemies":"Collector","floor":33.0,"turns":8.0},{"damage":12.0,"enemies":"Orb Walker","floor":35.0,"turns":3.0},{"damage":0.0,"enemies":"3 Shapes","floor":37.0,"turns":5.0},{"damage":8.0,"enemies":"Sphere and 2 Shapes","floor":41.0,"turns":4.0},{"damage":0.0,"enemies":"3 Darklings","floor":44.0,"turns":3.0},{"damage":3,"enemies":"Jaw Worm Horde","floor":46,"turns":3},{"damage":0,"enemies":"Sphere and 2 Shapes","floor":48,"turns":3},{"damage":30,"enemies":"Time Eater","floor":50,"turns":6}],"seed_played":"7150694373761365297","potions_obtained":[{"floor":1.0,"key":"SkillPotion"},{"floor":3.0,"key":"SkillPotion"},{"floor":4.0,"key":"Block Potion"},{"floor":7.0,"key":"BloodPotion"},{"floor":20.0,"key":"Swift Potion"},{"floor":21.0,"key":"Explosive Potion"},{"floor":28.0,"key":"PowerPotion"},{"floor":33.0,"key":"Ancient Potion"},{"floor":37.0,"key":"SpeedPotion"},{"floor":44.0,"key":"Ancient Potion"},{"floor":48,"key":"Weak Potion"}],"is_trial":false,"path_per_floor":["M","?","?","M","$","E","M","R","T","?","$","R","E","M","R","B",null,"M","?","M","?","?","M","R","?","T","M","M","$","?","$","R","B",null,"M","?","M","?","$","R","M","$","T","M","?","M","R","M","R","B",null],"character_chosen":"IRONCLAD","items_purchased":["Shrug It Off"],"campfire_rested":4,"item_purchase_floors":[29],"current_hp_per_floor":[52,78,78,80,80,60,66,66,66,66,66,66,67,73,73,65,76,67,67,59,35,35,29,53,37,37,43,35,35,19,19,43,48,72,70,70,80,80,80,80,80,80,80,80,80,80,80,80,80,60],"gold":158,"neow_bonus":"REMOVE_TWO","is_prod":false,"is_daily":false,"chose_seed":false,"campfire_upgraded":4,"win_rate":0,"timestamp":1557146957,"path_taken":["M","?","?","?","$","E","M","R","T","?","$","R","E","M","R","BOSS","M","?","M","?","?","?","R","?","T","M","?","$","?","$","R","BOSS","M","?","M","?","?","R","M","$","T","M","?","M","R","M","R","BOSS"],"build_version":"2019-04-23","purchased_purges":5,"victory":true,"max_hp_per_floor":[80,80,80,80,80,80,80,80,80,80,80,80,80,80,80,80,80,80,80,80,80,80,80,80,80,80,80,80,80,80,80,80,80,80,80,80,80,80,80,80,80,80,80,80,80,80,80,80,80,80],"card_choices":[{"not_picked":["Shockwave","Evolve"],"picked":"Rampage","floor":1.0},{"not_picked":["Headbutt","True Grit","Power Through"],"picked":"SKIP","floor":4.0},{"not_picked":["Brutality","Inflame","Thunderclap"],"picked":"SKIP","floor":6.0},{"not_picked":["Inflame","True Grit","Wild Strike"],"picked":"SKIP","floor":7.0},{"not_picked":["Bloodletting","Clothesline","Armaments"],"picked":"SKIP","floor":13.0},{"not_picked":["Flex","Anger","Headbutt"],"picked":"SKIP","floor":14.0},{"not_picked":["True Grit","Sword Boomerang","Perfected Strike"],"picked":"SKIP","floor":18.0},{"not_picked":["Anger","Warcry","Burning Pact"],"picked":"SKIP","floor":20.0},{"not_picked":["Flex","Warcry+1","Clothesline"],"picked":"SKIP","floor":23.0},{"not_picked":["Limit Break","Flex","Burning Pact"],"picked":"SKIP","floor":27.0},{"not_picked":["Pummel+1","Clothesline","Warcry"],"picked":"SKIP","floor":28.0},{"not_picked":["Pommel Strike","Thunderclap","Clash+1"],"picked":"SKIP","floor":35.0},{"not_picked":["Spot Weakness+1","True Grit","Sword Boomerang"],"picked":"SKIP","floor":37.0},{"not_picked":["Dark Embrace","Heavy Blade","Entrench+1"],"picked":"SKIP","floor":41.0},{"not_picked":["Evolve","Headbutt+1","Wild Strike"],"picked":"SKIP","floor":44.0},{"not_picked":["Flex+1","Iron Wave+1"],"picked":"Pommel Strike+1","floor":46},{"not_picked":["Warcry","Uppercut","Havoc"],"picked":"SKIP","floor":48}],"player_experience":371660,"relics_obtained":[{"floor":6.0,"key":"Oddly Smooth Stone"},{"floor":9.0,"key":"War Paint"},{"floor":13.0,"key":"Art of War"},{"floor":21.0,"key":"Charon\u0027s Ashes"},{"floor":21.0,"key":"Dodecahedron"},{"floor":26.0,"key":"Meat on the Bone"},{"floor":30.0,"key":"Enchiridion"},{"floor":43.0,"key":"Mercury Hourglass"}],"event_choices":[{"damage_healed":26.0,"max_hp_gain":0.0,"max_hp_loss":0.0,"gold_gain":0.0,"event_name":"Big Fish","player_choice":"Banana","floor":2.0,"gold_loss":0.0,"damage_taken":0.0},{"damage_healed":0.0,"max_hp_gain":0.0,"max_hp_loss":0.0,"gold_gain":0.0,"event_name":"The Woman in Blue","player_choice":"Bought 1 Potion","floor":3.0,"gold_loss":0.0,"damage_taken":0.0},{"damage_healed":0.0,"max_hp_gain":0.0,"max_hp_loss":0.0,"gold_gain":0.0,"event_name":"Upgrade Shrine","player_choice":"Upgraded","floor":10.0,"gold_loss":0.0,"damage_taken":0.0,"cards_upgraded":["Bash"]},{"damage_healed":0.0,"max_hp_gain":0.0,"max_hp_loss":0.0,"gold_gain":0.0,"event_name":"The Mausoleum","player_choice":"Ignored","floor":19.0,"gold_loss":0.0,"damage_taken":0.0},{"damage_healed":0.0,"max_hp_gain":0.0,"max_hp_loss":0.0,"gold_gain":0.0,"event_name":"Colosseum","player_choice":"Fight","floor":21.0,"gold_loss":0.0,"damage_taken":0.0},{"damage_healed":0.0,"max_hp_gain":0.0,"max_hp_loss":0.0,"gold_gain":0.0,"event_name":"Colosseum","player_choice":"Fought Nobs","floor":21.0,"gold_loss":0.0,"damage_taken":0.0},{"damage_healed":0.0,"max_hp_gain":0.0,"max_hp_loss":0.0,"gold_gain":0.0,"event_name":"Accursed Blacksmith","player_choice":"Forge","floor":22.0,"gold_loss":0.0,"damage_taken":0.0,"cards_upgraded":["Strike_R"]},{"damage_healed":0.0,"max_hp_gain":0.0,"max_hp_loss":0.0,"gold_gain":90.0,"event_name":"Knowing Skull","player_choice":"GOLD ","floor":25.0,"potions_obtained":[],"gold_loss":0.0,"damage_taken":16.0,"cards_obtained":[]},{"damage_healed":0.0,"max_hp_gain":0.0,"max_hp_loss":0.0,"gold_gain":0.0,"event_name":"Cursed Tome","player_choice":"Obtained Book","floor":30.0,"gold_loss":0.0,"damage_taken":16.0},{"damage_healed":0.0,"max_hp_gain":0.0,"max_hp_loss":0.0,"gold_gain":0.0,"event_name":"Mysterious Sphere","player_choice":"Ignored","floor":36.0,"gold_loss":0.0,"damage_taken":0.0},{"damage_healed":0.0,"max_hp_gain":0.0,"max_hp_loss":0.0,"gold_gain":0.0,"event_name":"Tomb of Lord Red Mask","player_choice":"Ignored","floor":38.0,"gold_loss":0.0,"damage_taken":0.0},{"cards_removed":["Defend_R"],"damage_healed":0.0,"max_hp_gain":0.0,"max_hp_loss":0.0,"gold_gain":0.0,"event_name":"Bonfire Elementals","player_choice":"Offered Basic","floor":45.0,"gold_loss":0.0,"damage_taken":0.0}],"is_beta":true,"boss_relics":[{"not_picked":["Lizard Tail","Runic Cube"],"picked":"Velvet Choker"},{"not_picked":["Coffee Dripper","Eternal Feather"],"picked":"Black Blood"}],"items_purged_floors":[5,11,29,31,39],"is_endless":false,"potions_floor_spawned":[1,4,7,20,21,21,28,33,37,44,48],"ascension_level":6}