{"gold_per_floor":[11,11,11,25,49,49,80,94,119,154,154,170,201,201,201,297,297,321,342,342,355,125,166,81,81],"floor_reached":25,"playtime":2605,"items_purged":["Strike_B"],"score":398,"play_id":"fb8185b3-4043-49f7-8946-9e1c18674663","local_time":"20190806222039","is_ascension_mode":true,"campfire_choices":[{"data":"Zap","floor":6.0,"key":"SMITH"},{"floor":11.0,"key":"REST"},{"data":"Reboot","floor":15.0,"key":"SMITH"}],"neow_cost":"NO_GOLD","seed_source_timestamp":0,"circlet_count":0,"master_deck":["AscendersBane","Strike_B","Strike_B","Strike_B","Defend_B","Defend_B+1","Defend_B","Defend_B","Zap+1","Dualcast","Genetic Algorithm","Ball Lightning","Leap+1","FTL","Echo Form","Conserve Battery","Reboot+1","Hyperbeam","Hologram+1","Rebound","Cold Snap+1","Conserve Battery"],"special_seed":0,"relics":["Cracked Core","Pocketwatch","Golden Idol","War Paint","DataDisk","Dodecahedron","Black Star","Bag of Marbles","Ginger","Pantograph","Blood Vial"],"potions_floor_usage":[],"damage_taken":[{"damage":0.0,"enemies":"2 Louse","floor":1.0,"turns":3.0},{"damage":8.0,"enemies":"Small Slimes","floor":4.0,"turns":4.0},{"damage":0.0,"enemies":"Cultist","floor":5.0,"turns":3.0},{"damage":23.0,"enemies":"Gremlin Nob","floor":7.0,"turns":4.0},{"damage":0.0,"enemies":"Looter","floor":8.0,"turns":3.0},{"damage":24.0,"enemies":"3 Sentries","floor":10.0,"turns":8.0},{"damage":0.0,"enemies":"Large Slime","floor":12.0,"turns":3.0},{"damage":9.0,"enemies":"Gremlin Nob","floor":13.0,"turns":3.0},{"damage":14.0,"enemies":"Slime Boss","floor":16.0,"turns":8.0},{"damage":14.0,"enemies":"Shell Parasite","floor":18.0,"turns":6.0},{"damage":1.0,"enemies":"Spheric Guardian","floor":19.0,"turns":4.0},{"damage":0.0,"enemies":"Snecko","floor":21.0,"turns":4.0},{"damage":12.0,"enemies":"Book of Stabbing","floor":23.0,"turns":7.0},{"damage":46,"enemies":"Gremlin Leader","floor":25,"turns":5}],"seed_played":"-2329101544336405711","potions_obtained":[{"floor":4.0,"key":"SkillPotion"},{"floor":7.0,"key":"Poison Potion"},{"floor":10.0,"key":"SteroidPotion"},{"floor":12.0,"key":"Explosive Potion"},{"floor":21.0,"key":"LiquidBronze"}],"is_trial":false,"path_per_floor":["M","?","?","M","M","R","E","M","T","E","R","M","E","?","R","B",null,"M","M","?","M","$","E","?","E"],"character_chosen":"DEFECT","items_purchased":["Bag of Marbles"],"campfire_rested":1,"item_purchase_floors":[22],"current_hp_per_floor":[68,68,73,65,65,65,42,42,42,18,40,40,31,31,31,17,60,46,45,45,45,45,33,33,0],"gold":81,"neow_bonus":"ONE_RARE_RELIC","is_prod":false,"is_daily":false,"chose_seed":false,"campfire_upgraded":2,"win_rate":0,"timestamp":1565144439,"path_taken":["M","?","?","M","M","R","E","M","T","E","R","M","E","?","R","BOSS","M","M","?","?","$","E","?","E"],"build_version":"2019-07-17","purchased_purges":1,"victory":false,"max_hp_per_floor":[75,69,74,74,74,74,74,74,74,74,74,74,74,74,74,74,74,74,74,74,74,74,74,74,74],"card_choices":[{"not_picked":["Leap","Compile Driver"],"picked":"Genetic Algorithm","floor":1.0},{"not_picked":["Rip and Tear","Heatsinks"],"picked":"Ball Lightning","floor":4.0},{"not_picked":["Stack","Chaos"],"picked":"Leap","floor":5.0},{"not_picked":["Hologram","Go for the Eyes","Streamline"],"picked":"SKIP","floor":7.0},{"not_picked":["Aggregate","Rebound"],"picked":"FTL","floor":8.0},{"not_picked":["Static Discharge","Storm"],"picked":"Echo Form","floor":10.0},{"not_picked":["Stack","Coolheaded"],"picked":"Conserve Battery","floor":12.0},{"not_picked":["Conserve Battery","Go for the Eyes"],"picked":"Reboot","floor":13.0},{"not_picked":["Core Surge","Thunder Strike"],"picked":"Hyperbeam","floor":16.0},{"not_picked":["Go for the Eyes","Steam Power"],"picked":"Hologram+1","floor":18.0},{"not_picked":["Sweeping Beam","Compile Driver"],"picked":"Rebound","floor":19.0},{"not_picked":["BootSequence","Sweeping Beam"],"picked":"Cold Snap+1","floor":21.0},{"not_picked":["Go for the Eyes","Sunder"],"picked":"Conserve Battery","floor":23.0}],"player_experience":387040,"relics_obtained":[{"floor":7.0,"key":"War Paint"},{"floor":10.0,"key":"DataDisk"},{"floor":13.0,"key":"Dodecahedron"},{"floor":23.0,"key":"Ginger"},{"floor":23.0,"key":"Pantograph"}],"event_choices":[{"damage_healed":0.0,"max_hp_gain":0.0,"max_hp_loss":6.0,"gold_gain":0.0,"event_name":"Golden Idol","player_choice":"Lose Max HP","floor":2.0,"gold_loss":0.0,"damage_taken":0.0,"relics_obtained":["Golden Idol"]},{"damage_healed":0.0,"max_hp_gain":5.0,"max_hp_loss":0.0,"gold_gain":0.0,"event_name":"Big Fish","player_choice":"Donut","floor":3.0,"gold_loss":0.0,"damage_taken":0.0},{"damage_healed":0.0,"max_hp_gain":0.0,"max_hp_loss":0.0,"gold_gain":0.0,"event_name":"Liars Game","player_choice":"Ignored","floor":14.0,"gold_loss":0.0,"damage_taken":0.0},{"damage_healed":0.0,"max_hp_gain":0.0,"max_hp_loss":0.0,"gold_gain":0.0,"event_name":"Match and Keep!","player_choice":"0 cards matched","floor":20.0,"gold_loss":0.0,"damage_taken":0.0,"cards_obtained":[]},{"damage_healed":0.0,"max_hp_gain":0.0,"max_hp_loss":0.0,"gold_gain":0.0,"event_name":"Addict","player_choice":"Obtained Relic","floor":24.0,"gold_loss":85.0,"damage_taken":0.0,"relics_obtained":["Blood Vial"]}],"is_beta":false,"boss_relics":[{"not_picked":["Fusion Hammer","Lizard Tail"],"picked":"Black Star"}],"items_purged_floors":[22],"is_endless":false,"potions_floor_spawned":[4,7,10,12,21],"killed_by":"Gremlin Leader","ascension_level":13}