{"gold_per_floor":[118,135,150,150,166,166,195,120,120,120,120,135,165,184,184,287,287,307,127,141,161,161,191,191,211,211,211,231,106,135,145,145,241,241,256,273,223,237,237,237,252,252,276,276,276,306,317,329,329,329,329,329,0,33,33],"floor_reached":56,"playtime":4536,"items_purged":["Strike_B","Defend_B","Defend_B","Strike_B","Defend_B"],"score":1311,"play_id":"4da4f08d-e47e-4220-8e3d-6388c7c028ad","local_time":"20181207010530","is_ascension_mode":false,"campfire_choices":[{"data":"Chaos","floor":6.0,"key":"SMITH"},{"floor":11.0,"key":"RECALL"},{"floor":15.0,"key":"REST"},{"data":"Buffer","floor":24.0,"key":"SMITH"},{"data":"Fission","floor":32.0,"key":"SMITH"},{"data":"Rainbow","floor":40.0,"key":"SMITH"},{"data":"Barrage","floor":42.0,"key":"SMITH"},{"data":"Hologram","floor":49.0,"key":"SMITH"},{"data":"Electrodynamics","floor":52.0,"key":"SMITH"}],"neow_cost":"NONE","seed_source_timestamp":0,"circlet_count":0,"master_deck":["Dualcast","Rainbow+1","Barrage+1","Chaos+1","Buffer+1","Ball Lightning","White Noise","Creative AI","Conserve Battery","Electrodynamics+1","Self Repair+1","Hologram+1","Fission+1","Cold Snap","Compile Driver+1","Consume+1","Hologram+1","Thunder Strike+1","White Noise+1","Chaos+1","Capacitor+1","Meteor Strike+1","Defragment","Hologram"],"special_seed":0,"relics":["Cracked Core","Nunchaku","Dead Branch","Gremlin Horn","Snecko Eye","Question Card","Molten Egg 2","Smiling Mask","Busted Crown","Vajra","Blue Candle","Bird Faced Urn"],"potions_floor_usage":[55,55],"damage_taken":[{"damage":0.0,"enemies":"Cultist","floor":1.0,"turns":3.0},{"damage":2.0,"enemies":"Small Slimes","floor":2.0,"turns":3.0},{"damage":1.0,"enemies":"Jaw Worm","floor":3.0,"turns":3.0},{"damage":6.0,"enemies":"Looter","floor":5.0,"turns":3.0},{"damage":34.0,"enemies":"3 Sentries","floor":7.0,"turns":8.0},{"damage":9.0,"enemies":"Blue Slaver","floor":12.0,"turns":3.0},{"damage":0.0,"enemies":"Gremlin Nob","floor":13.0,"turns":3.0},{"damage":4.0,"enemies":"2 Fungi Beasts","floor":14.0,"turns":3.0},{"damage":17.0,"enemies":"The Guardian","floor":16.0,"turns":8.0},{"damage":5.0,"enemies":"Chosen","floor":18.0,"turns":4.0},{"damage":0.0,"enemies":"Spheric Guardian","floor":20.0,"turns":3.0},{"damage":0.0,"enemies":"Snecko","floor":21.0,"turns":4.0},{"damage":8.0,"enemies":"Gremlin Leader","floor":23.0,"turns":5.0},{"damage":0.0,"enemies":"3 Cultists","floor":25.0,"turns":2.0},{"damage":0.0,"enemies":"Cultist and Chosen","floor":28.0,"turns":5.0},{"damage":24.0,"enemies":"Book of Stabbing","floor":30.0,"turns":5.0},{"damage":20.0,"enemies":"Sentry and Sphere","floor":31.0,"turns":4.0},{"damage":0.0,"enemies":"Automaton","floor":33.0,"turns":5.0},{"damage":10.0,"enemies":"Orb Walker","floor":35.0,"turns":3.0},{"damage":16.0,"enemies":"3 Shapes","floor":36.0,"turns":3.0},{"damage":0.0,"enemies":"Jaw Worm Horde","floor":38.0,"turns":2.0},{"damage":0.0,"enemies":"Writhing Mass","floor":41.0,"turns":4.0},{"damage":0.0,"enemies":"Reptomancer","floor":46.0,"turns":2.0},{"damage":0.0,"enemies":"Spire Growth","floor":47.0,"turns":3.0},{"damage":10.0,"enemies":"Sphere and 2 Shapes","floor":48.0,"turns":3.0},{"damage":51.0,"enemies":"Donu and Deca","floor":50.0,"turns":5.0},{"damage":0,"enemies":"Shield and Spear","floor":54,"turns":1},{"damage":90,"enemies":"The Heart","floor":55,"turns":6}],"seed_played":"424751314052347334","potions_obtained":[{"floor":1.0,"key":"FairyPotion"},{"floor":5.0,"key":"Poison Potion"},{"floor":7.0,"key":"FocusPotion"},{"floor":18.0,"key":"Explosive Potion"},{"floor":20.0,"key":"Block Potion"},{"floor":30.0,"key":"Ancient Potion"},{"floor":46.0,"key":"PowerPotion"},{"floor":54,"key":"Weak Potion"}],"is_trial":false,"path_per_floor":["M","M","M","?","M","R","E","$","T","?","R","M","E","M","R","B",null,"M","$","M","M","?","E","R","M","T","?","M","$","E","M","R","B",null,"M","M","$","M","?","R","M","R","T","?","?","E","M","M","R","B",null,"R","$","E","B",null],"character_chosen":"DEFECT","items_purchased":["Electrodynamics","Meteor Strike+1","Defragment","Explosive Potion"],"campfire_rested":1,"item_purchase_floors":[19,53,53,53],"current_hp_per_floor":[75,73,72,72,66,66,32,32,32,29,29,20,20,16,38,21,75,70,70,70,75,75,75,75,75,75,75,75,75,61,51,51,51,75,75,69,69,75,75,75,75,75,75,75,71,71,71,71,71,30,71,71,71,71,8],"gold":33,"neow_bonus":"ONE_RANDOM_RARE_CARD","is_prod":false,"is_daily":false,"chose_seed":false,"campfire_upgraded":7,"win_rate":0,"timestamp":1544173530,"path_taken":["M","M","?","?","M","R","E","?","T","?","R","M","E","M","R","BOSS","M","$","M","M","?","E","R","M","T","?","M","?","E","M","R","BOSS","M","M","$","M","?","R","M","R","T","?","?","E","?","M","R","BOSS","R","$","E","BOSS"],"build_version":"2018-12-06","purchased_purges":5,"victory":true,"max_hp_per_floor":[75,75,75,75,75,75,75,75,75,75,75,75,75,75,75,75,75,75,75,75,75,75,75,75,75,75,75,75,75,75,75,75,75,75,75,75,75,75,75,75,75,75,75,75,71,71,71,71,71,71,71,71,71,71,71],"card_choices":[{"not_picked":["Scrape","Stack","Tempest"],"picked":"SKIP","floor":1.0},{"not_picked":["Go for the Eyes","Genetic Algorithm"],"picked":"Barrage","floor":2.0},{"not_picked":["Force Field","Beam Cell","Hello World"],"picked":"SKIP","floor":3.0},{"not_picked":["Conserve Battery","Sweeping Beam"],"picked":"Chaos","floor":5.0},{"not_picked":["Redo","Go for the Eyes","Lockon"],"picked":"SKIP","floor":7.0},{"not_picked":["Scrape","Cold Snap"],"picked":"Buffer","floor":12.0},{"not_picked":["Turbo","Coolheaded"],"picked":"Ball Lightning","floor":13.0},{"not_picked":["Gash","Streamline"],"picked":"White Noise","floor":14.0},{"not_picked":["Echo Form","Electrodynamics"],"picked":"Creative AI","floor":16.0},{"not_picked":["Consume","Cold Snap"],"picked":"Conserve Battery","floor":18.0},{"not_picked":["Steam+1","Leap"],"picked":"Self Repair+1","floor":20.0},{"not_picked":["Compile Driver","Force Field"],"picked":"Hologram","floor":21.0},{"not_picked":["Loop","Go for the Eyes+1","Beam Cell+1"],"picked":"SKIP","floor":23.0},{"not_picked":["Barrage+1","Turbo","Cold Snap+1"],"picked":"Compile Driver+1","floor":25.0},{"not_picked":["Consume","Force Field","Turbo+1","Loop+1"],"picked":"SKIP","floor":28.0},{"not_picked":["Gash+1","FTL+1","Go for the Eyes+1"],"picked":"Consume+1","floor":30.0},{"not_picked":["Stack","Steam+1","Conserve Battery"],"picked":"Hologram+1","floor":31.0},{"not_picked":["All For One+1","Multi-Cast","Biased Cognition"],"picked":"Thunder Strike+1","floor":33.0},{"not_picked":["Streamline+1","Coolheaded"],"picked":"SKIP","floor":35.0},{"not_picked":["Melter+1"],"picked":"White Noise+1","floor":36.0},{"not_picked":["Stack"],"picked":"Chaos+1","floor":38.0},{"not_picked":["Beam Cell+1"],"picked":"Capacitor+1","floor":41.0},{"not_picked":["Reprogram","Undo+1"],"picked":"SKIP","floor":46.0},{"not_picked":["Blizzard+1","Steam Power"],"picked":"SKIP","floor":47.0},{"not_picked":["Turbo","Gash+1"],"picked":"SKIP","floor":48.0},{"not_picked":["BootSequence"],"picked":"Hologram","floor":54}],"player_experience":1042012,"relics_obtained":[{"floor":7.0,"key":"Nunchaku"},{"floor":13.0,"key":"Gremlin Horn"},{"floor":23.0,"key":"Question Card"},{"floor":26.0,"key":"Molten Egg 2"},{"floor":30.0,"key":"Smiling Mask"},{"floor":43.0,"key":"Vajra"},{"floor":46.0,"key":"Blue Candle"},{"floor":54,"key":"Bird Faced Urn"}],"event_choices":[{"cards_removed":["Defend_B"],"damage_healed":0.0,"max_hp_gain":0.0,"max_hp_loss":0.0,"gold_gain":0.0,"event_name":"Living Wall","player_choice":"Forget","floor":4.0,"gold_loss":0.0,"damage_taken":0.0},{"damage_healed":0.0,"max_hp_gain":0.0,"max_hp_loss":0.0,"gold_gain":0.0,"event_name":"Scrap Ooze","player_choice":"Success","floor":10.0,"gold_loss":0.0,"damage_taken":3.0,"relics_obtained":["Dead Branch"]},{"damage_healed":0.0,"max_hp_gain":0.0,"max_hp_loss":0.0,"gold_gain":0.0,"cards_transformed":["Strike_B","Strike_B"],"event_name":"Drug Dealer","player_choice":"Became Test Subject","floor":22.0,"gold_loss":0.0,"damage_taken":0.0,"cards_obtained":["Fission","Cold Snap"]},{"damage_healed":0.0,"max_hp_gain":0.0,"max_hp_loss":0.0,"gold_gain":0.0,"event_name":"Vampires","player_choice":"Ignored","floor":27.0,"gold_loss":0.0,"damage_taken":0.0},{"cards_removed":["Zap"],"damage_healed":0.0,"max_hp_gain":0.0,"max_hp_loss":0.0,"gold_gain":0.0,"event_name":"Falling","player_choice":"Removed Skill","floor":39.0,"gold_loss":0.0,"damage_taken":0.0},{"damage_healed":0.0,"max_hp_gain":0.0,"max_hp_loss":0.0,"gold_gain":0.0,"event_name":"Tomb of Lord Red Mask","player_choice":"Ignored","floor":44.0,"gold_loss":0.0,"damage_taken":0.0},{"damage_healed":0.0,"max_hp_gain":0.0,"max_hp_loss":4.0,"gold_gain":0.0,"event_name":"Winding Halls","player_choice":"Max HP","floor":45.0,"gold_loss":0.0,"damage_taken":0.0}],"is_beta":false,"boss_relics":[{"not_picked":["Lizard Tail","Philosopher\u0027s Stone"],"picked":"Snecko Eye"},{"not_picked":["Coffee Dripper","Runic Pyramid"],"picked":"Busted Crown"}],"items_purged_floors":[8,19,29,37,53],"is_endless":false,"potions_floor_spawned":[1,5,7,18,20,30,35,46,54],"ascension_level":0}