{"gold_per_floor":[126,138,161,186,216,257,269,293,305,335,347,391,403,433,445,457],"floor_reached":16,"playtime":1020,"items_purged":[],"score":200,"play_id":"1ef94b69-ba30-485b-8b4d-2f7613159501","local_time":"20190809010010","is_ascension_mode":true,"campfire_choices":[{"data":"Inflame","floor":7,"key":"SMITH"},{"data":"Bash","floor":11,"key":"SMITH"},{"data":"Whirlwind","floor":15,"key":"SMITH"}],"neow_cost":"NONE","seed_source_timestamp":871336417096168,"circlet_count":0,"master_deck":["AscendersBane","Strike_R+1","Strike_R","Strike_R","Strike_R","Defend_R","Defend_R+1","Defend_R","Defend_R","Bash+1","Pommel Strike","Pommel Strike","Offering","Inflame+1","Whirlwind+1","Thunderclap"],"relics":["Burning Blood","MawBank","Magic Flower","Bottled Lightning","Potion Belt"],"potions_floor_usage":[8,12,16],"damage_taken":[{"damage":12,"enemies":"Jaw Worm","floor":1,"turns":3},{"damage":0,"enemies":"2 Louse","floor":3,"turns":3},{"damage":0,"enemies":"Cultist","floor":4,"turns":3},{"damage":16,"enemies":"Exordium Thugs","floor":5,"turns":5},{"damage":10,"enemies":"Gremlin Nob","floor":6,"turns":3},{"damage":11,"enemies":"Red Slaver","floor":8,"turns":3},{"damage":8,"enemies":"3 Louse","floor":10,"turns":3},{"damage":19,"enemies":"3 Sentries","floor":12,"turns":8},{"damage":6,"enemies":"2 Fungi Beasts","floor":14,"turns":1},{"damage":29,"enemies":"The Guardian","floor":16,"turns":4}],"seed_played":"8476465027145610758","potions_obtained":[{"floor":3,"key":"Dexterity Potion"},{"floor":4,"key":"EssenceOfSteel"},{"floor":8,"key":"SpeedPotion"}],"is_trial":false,"path_per_floor":["M","?","M","M","M","E","R","M","T","M","R","E","?","M","R","B"],"character_chosen":"IRONCLAD","items_purchased":[],"campfire_rested":0,"item_purchase_floors":[],"current_hp_per_floor":[62,39,45,51,41,37,37,35,35,36,36,26,26,29,29,0],"gold":457,"neow_bonus":"RANDOM_COMMON_RELIC","is_prod":false,"is_daily":false,"chose_seed":false,"campfire_upgraded":3,"win_rate":0,"timestamp":1565326810,"path_taken":["M","?","M","M","M","E","R","M","T","M","R","E","?","M","R","BOSS"],"build_version":"2019-07-17","purchased_purges":0,"victory":false,"max_hp_per_floor":[75,75,75,75,75,75,75,75,75,75,75,75,75,75,75,75],"card_choices":[{"not_picked":["Cleave","Sever Soul","Clash"],"picked":"SKIP","floor":1},{"not_picked":["Wild Strike","Burning Pact"],"picked":"Pommel Strike","floor":3},{"not_picked":["Clash","Shockwave"],"picked":"Pommel Strike","floor":4},{"not_picked":["Thunderclap","Uppercut"],"picked":"Offering","floor":5},{"not_picked":["Second Wind","Rage"],"picked":"Inflame","floor":6},{"not_picked":["Dropkick","Sever Soul","Seeing Red"],"picked":"SKIP","floor":8},{"not_picked":["Clash","Twin Strike","Sword Boomerang"],"picked":"SKIP","floor":10},{"not_picked":["Corruption","Combust"],"picked":"Whirlwind","floor":12},{"not_picked":["Iron Wave","Wild Strike"],"picked":"Thunderclap","floor":14}],"player_experience":422632,"relics_obtained":[{"floor":6,"key":"Magic Flower"},{"floor":9,"key":"Bottled Lightning"},{"floor":12,"key":"Potion Belt"}],"event_choices":[{"damage_healed":0,"gold_gain":0,"player_choice":"Entered Light","damage_taken":23,"max_hp_gain":0,"max_hp_loss":0,"event_name":"Shining Light","floor":2,"gold_loss":0,"cards_upgraded":["Defend_R","Strike_R"]},{"cards_removed":["Strike_R"],"damage_healed":0,"gold_gain":0,"player_choice":"Purged","damage_taken":0,"max_hp_gain":0,"max_hp_loss":0,"event_name":"Purifier","floor":13,"gold_loss":0}],"is_beta":false,"boss_relics":[],"items_purged_floors":[],"is_endless":false,"potions_floor_spawned":[3,4,6,8],"killed_by":"The Guardian","ascension_level":15}