{"gold_per_floor":[112,132,148,161,175,175,206,206,206,206,231,57,80,123,123,253,253,274,288,248,267,294,332,332,332,411,411,432,466,466,486,486,617,617,632,651,651,651,664,664,695,669,723,276,316,316,329,349,349,349,349,349,3,34,34],"floor_reached":55,"playtime":4642,"items_purged":["Bash","Cleave"],"score":1151,"play_id":"39f3a573-aa88-4e84-8032-f3a9bf0bfcfe","local_time":"20190404125649","is_ascension_mode":true,"campfire_choices":[{"data":"Perfected Strike","floor":6.0,"key":"SMITH"},{"data":"Barricade","floor":10.0,"key":"SMITH"},{"data":"Uppercut","floor":15.0,"key":"SMITH"},{"data":"Juggernaut","floor":25.0,"key":"SMITH"},{"data":"Metallicize","floor":27.0,"key":"SMITH"},{"data":"Flame Barrier","floor":30.0,"key":"SMITH"},{"data":"Pommel Strike","floor":32.0,"key":"SMITH"},{"data":"Flame Barrier","floor":40.0,"key":"SMITH"},{"data":"Battle Trance","floor":46.0,"key":"SMITH"},{"floor":49.0,"key":"RECALL"},{"data":"Flame Barrier","floor":52.0,"key":"SMITH"}],"neow_cost":"TEN_PERCENT_HP_LOSS","seed_source_timestamp":0,"circlet_count":0,"master_deck":["Strike_R","Strike_R","Strike_R","Strike_R","Strike_R","Defend_R","Defend_R","Defend_R","Defend_R","Battle Trance+1","Perfected Strike+1","Ghostly Armor","Barricade+1","Armaments+1","Flame Barrier+1","Perfected Strike","Uppercut+1","Juggernaut+1","Armaments+1","Metallicize+1","Pommel Strike+1","Disarm","Twin Strike+1","Flame Barrier+1","Warcry+1","Flame Barrier+1","Finesse","Thunderclap","Uppercut+1","Warcry+1","Spot Weakness+1","Entrench","Headbutt","Pommel Strike+1"],"special_seed":0,"relics":["Burning Blood","FossilizedHelix","Bag of Marbles","Golden Idol","Mercury Hourglass","Paper Frog","Velvet Choker","Lantern","Mummified Hand","Bottled Tornado","Matryoshka","Mark of Pain","Pear","Omamori","Oddly Smooth Stone","DollysMirror","Letter Opener","Dodecahedron"],"potions_floor_usage":[54,54,55],"damage_taken":[{"damage":0.0,"enemies":"Cultist","floor":1.0,"turns":3.0},{"damage":3.0,"enemies":"Small Slimes","floor":2.0,"turns":6.0},{"damage":0.0,"enemies":"2 Louse","floor":3.0,"turns":2.0},{"damage":16.0,"enemies":"Lots of Slimes","floor":4.0,"turns":3.0},{"damage":11.0,"enemies":"Exordium Thugs","floor":5.0,"turns":4.0},{"damage":5.0,"enemies":"3 Sentries","floor":7.0,"turns":6.0},{"damage":0.0,"enemies":"Large Slime","floor":11.0,"turns":3.0},{"damage":0.0,"enemies":"Exordium Wildlife","floor":13.0,"turns":3.0},{"damage":0.0,"enemies":"Gremlin Nob","floor":14.0,"turns":3.0},{"damage":0.0,"enemies":"Slime Boss","floor":16.0,"turns":5.0},{"damage":0.0,"enemies":"Chosen","floor":18.0,"turns":2.0},{"damage":1.0,"enemies":"2 Thieves","floor":19.0,"turns":3.0},{"damage":0.0,"enemies":"Cultist and Chosen","floor":21.0,"turns":5.0},{"damage":8.0,"enemies":"Book of Stabbing","floor":23.0,"turns":4.0},{"damage":0.0,"enemies":"Snake Plant","floor":28.0,"turns":3.0},{"damage":18.0,"enemies":"Gremlin Leader","floor":29.0,"turns":3.0},{"damage":0.0,"enemies":"Snecko","floor":31.0,"turns":4.0},{"damage":0.0,"enemies":"Automaton","floor":33.0,"turns":8.0},{"damage":5.0,"enemies":"Orb Walker","floor":35.0,"turns":3.0},{"damage":0.0,"enemies":"3 Shapes","floor":36.0,"turns":3.0},{"damage":0.0,"enemies":"3 Darklings","floor":39.0,"turns":4.0},{"damage":38.0,"enemies":"Giant Head","floor":41.0,"turns":8.0},{"damage":0.0,"enemies":"Reptomancer","floor":45.0,"turns":6.0},{"damage":0.0,"enemies":"Spire Growth","floor":47.0,"turns":3.0},{"damage":0.0,"enemies":"Transient","floor":48.0,"turns":5.0},{"damage":0.0,"enemies":"Time Eater","floor":50.0,"turns":9.0},{"damage":51,"enemies":"Shield and Spear","floor":54,"turns":8},{"damage":38,"enemies":"The Heart","floor":55,"turns":6}],"seed_played":"4583704125354344084","potions_obtained":[{"floor":2.0,"key":"Energy Potion"},{"floor":4.0,"key":"SteroidPotion"},{"floor":11.0,"key":"Explosive Potion"},{"floor":16.0,"key":"Poison Potion"},{"floor":19.0,"key":"SpeedPotion"},{"floor":28.0,"key":"Strength Potion"},{"floor":33.0,"key":"SteroidPotion"},{"floor":39.0,"key":"Ancient Potion"},{"floor":41.0,"key":"SpeedPotion"}],"is_trial":false,"path_per_floor":["M","M","M","M","M","R","E","?","T","R","M","$","M","E","R","B",null,"M","M","?","M","T","E","?","R","T","R","M","E","R","M","R","B",null,"M","M","?","?","M","R","E","$","T","$","E","R","M","M","R","B",null,"R","$","E","B"],"character_chosen":"IRONCLAD","items_purchased":["Armaments","Flame Barrier","Thunderclap","Oddly Smooth Stone","DollysMirror","SteroidPotion","Strength Potion","Entrench","Headbutt","GamblersBrew","SkillPotion"],"campfire_rested":0,"item_purchase_floors":[12,12,42,44,44,44,44,53,53,53,53],"current_hp_per_floor":[72,72,72,62,57,57,58,40,40,40,46,46,52,58,58,64,72,72,72,72,72,72,70,70,70,70,70,72,60,60,66,66,72,72,72,72,72,72,72,72,50,50,50,50,56,56,62,68,68,74,82,82,82,37,0],"gold":34,"neow_bonus":"ONE_RARE_RELIC","is_prod":false,"is_daily":false,"chose_seed":false,"campfire_upgraded":10,"win_rate":0,"timestamp":1554375409,"path_taken":["M","M","M","M","?","R","E","?","T","R","M","$","M","E","R","BOSS","M","M","?","?","?","E","?","R","T","R","?","E","R","M","R","BOSS","M","M","?","?","M","R","E","$","T","$","E","R","?","M","R","BOSS","R","$","E","BOSS"],"build_version":"2019-03-15","purchased_purges":2,"victory":false,"max_hp_per_floor":[72,72,72,72,72,72,72,72,72,72,72,72,72,72,72,72,72,72,72,72,72,72,72,72,72,72,72,72,72,72,72,72,72,72,72,72,72,72,72,72,82,82,82,82,82,82,82,82,82,82,82,82,82,82,82],"card_choices":[{"not_picked":["Iron Wave","Flex"],"picked":"Battle Trance","floor":1.0},{"not_picked":["Heavy Blade","Warcry"],"picked":"Perfected Strike","floor":2.0},{"not_picked":["Armaments","Anger"],"picked":"Cleave","floor":3.0},{"not_picked":["Blood for Blood","Bludgeon"],"picked":"Ghostly Armor","floor":4.0},{"not_picked":["Burning Pact","Rage","Cleave"],"picked":"SKIP","floor":5.0},{"not_picked":["Heavy Blade","Limit Break"],"picked":"Barricade","floor":7.0},{"not_picked":["Havoc","Rage","Sentinel"],"picked":"SKIP","floor":11.0},{"not_picked":["Headbutt","Sword Boomerang"],"picked":"Perfected Strike","floor":13.0},{"not_picked":["Pommel Strike","Iron Wave"],"picked":"Uppercut","floor":14.0},{"not_picked":["Limit Break","Dark Embrace"],"picked":"Juggernaut","floor":16.0},{"not_picked":["Intimidate","Flex","Feel No Pain"],"picked":"SKIP","floor":18.0},{"not_picked":["Anger","Fire Breathing+1"],"picked":"Armaments","floor":19.0},{"not_picked":["Disarm","Perfected Strike+1"],"picked":"Metallicize","floor":21.0},{"not_picked":["Sword Boomerang","Fiend Fire"],"picked":"Pommel Strike","floor":23.0},{"not_picked":["Havoc+1","Cleave+1"],"picked":"Disarm","floor":28.0},{"not_picked":["Spot Weakness","Burning Pact"],"picked":"Twin Strike+1","floor":29.0},{"not_picked":["Wild Strike","True Grit","Flex"],"picked":"SKIP","floor":31.0},{"not_picked":["Reaper","Limit Break"],"picked":"Berserk","floor":33.0},{"not_picked":["Body Slam","True Grit"],"picked":"Flame Barrier","floor":35.0},{"not_picked":["Combust+1","Bloodletting"],"picked":"Warcry+1","floor":36.0},{"not_picked":["True Grit","Iron Wave+1","Warcry"],"picked":"SKIP","floor":39.0},{"not_picked":["Iron Wave","Sentinel+1","Flex"],"picked":"SKIP","floor":41.0},{"not_picked":["Iron Wave+1","Flex+1"],"picked":"Warcry+1","floor":45.0},{"not_picked":["Entrench","Fiend Fire"],"picked":"Spot Weakness+1","floor":47.0},{"not_picked":["Twin Strike+1","True Grit","Sword Boomerang+1"],"picked":"SKIP","floor":48.0},{"not_picked":["Inflame","Iron Wave"],"picked":"Pommel Strike+1","floor":54}],"player_experience":267252,"relics_obtained":[{"floor":7.0,"key":"Bag of Marbles"},{"floor":9.0,"key":"Mercury Hourglass"},{"floor":14.0,"key":"Paper Frog"},{"floor":22.0,"key":"Lantern"},{"floor":23.0,"key":"Mummified Hand"},{"floor":26.0,"key":"Bottled Tornado"},{"floor":29.0,"key":"Matryoshka"},{"floor":41.0,"key":"Pear"},{"floor":43.0,"key":"Omamori"},{"floor":45.0,"key":"Letter Opener"},{"floor":54,"key":"Dodecahedron"}],"event_choices":[{"damage_healed":0.0,"max_hp_gain":0.0,"max_hp_loss":0.0,"gold_gain":0.0,"event_name":"Golden Idol","player_choice":"Take Damage","floor":8.0,"gold_loss":0.0,"damage_taken":18.0,"relics_obtained":["Golden Idol"]},{"damage_healed":0.0,"max_hp_gain":0.0,"max_hp_loss":0.0,"gold_gain":0.0,"event_name":"Designer","player_choice":"Upgrade","floor":20.0,"gold_loss":40.0,"damage_taken":0.0,"cards_upgraded":["Armaments"]},{"damage_healed":0.0,"max_hp_gain":0.0,"max_hp_loss":0.0,"gold_gain":0.0,"event_name":"Accursed Blacksmith","player_choice":"Forge","floor":24.0,"gold_loss":0.0,"damage_taken":0.0,"cards_upgraded":["Armaments"]},{"cards_removed":["Berserk"],"damage_healed":0.0,"max_hp_gain":0.0,"max_hp_loss":0.0,"gold_gain":0.0,"event_name":"Falling","player_choice":"Removed Power","floor":37.0,"gold_loss":0.0,"damage_taken":0.0},{"damage_healed":0.0,"max_hp_gain":0.0,"max_hp_loss":0.0,"gold_gain":0.0,"event_name":"Match and Keep!","player_choice":"2 cards matched","floor":38.0,"gold_loss":0.0,"damage_taken":0.0,"cards_obtained":["Flame Barrier","Finesse"]}],"is_beta":true,"boss_relics":[{"not_picked":["White Beast Statue","Tiny House"],"picked":"Velvet Choker"},{"not_picked":["Runic Dome","Empty Cage"],"picked":"Mark of Pain"}],"items_purged_floors":[12,53],"is_endless":false,"potions_floor_spawned":[2,4,11,16,19,28,33,39,41,45],"killed_by":"The Heart","ascension_level":3}