{"gold_per_floor":[118,137,137,154,131,131,146,146,146,146,157,172,172,185,185,185],"floor_reached":16,"playtime":1863,"items_purged":[],"score":94,"play_id":"57f84d53-2d3e-4bed-ac7b-d81977936302","local_time":"20190805221816","is_ascension_mode":false,"campfire_choices":[{"data":"Iron Wave","floor":6,"key":"SMITH"},{"floor":8,"key":"REST"},{"data":"Cleave","floor":15,"key":"SMITH"}],"neow_cost":"","seed_source_timestamp":8200319840000,"circlet_count":0,"master_deck":["Strike_R","Strike_R","Strike_R","Strike_R","Strike_R","Defend_R","Defend_R","Defend_R","Defend_R","Bash","Warcry","Iron Wave+1","Cleave+1","Sword Boomerang","Iron Wave","Power Through","Headbutt","Parasite","Juggernaut"],"relics":["Burning Blood","Matryoshka","Incense Burner"],"potions_floor_usage":[14,16,16],"damage_taken":[{"damage":5,"enemies":"Cultist","floor":1,"turns":4},{"damage":9,"enemies":"Jaw Worm","floor":2,"turns":4},{"damage":7,"enemies":"2 Louse","floor":4,"turns":3},{"damage":20,"enemies":"Exordium Thugs","floor":7,"turns":5},{"damage":29,"enemies":"Large Slime","floor":11,"turns":8},{"damage":8,"enemies":"2 Fungi Beasts","floor":12,"turns":4},{"damage":8,"enemies":"Lots of Slimes","floor":14,"turns":3},{"damage":74,"enemies":"The Guardian","floor":16,"turns":13}],"seed_played":"-2991031992421631219","potions_obtained":[{"floor":4,"key":"Block Potion"},{"floor":7,"key":"Dexterity Potion"},{"floor":11,"key":"Explosive Potion"}],"is_trial":false,"path_per_floor":["M","M","?","M","$","R","M","R","T","?","M","M","?","M","R","B"],"character_chosen":"IRONCLAD","items_purchased":["Sword Boomerang"],"campfire_rested":1,"item_purchase_floors":[5],"current_hp_per_floor":[80,77,70,69,69,69,55,79,79,79,56,54,74,72,72,0],"gold":185,"neow_bonus":"","is_prod":false,"is_daily":false,"chose_seed":false,"campfire_upgraded":2,"win_rate":0.0,"timestamp":1565014696,"path_taken":["M","M","?","M","$","R","M","R","T","?","?","M","?","M","R","BOSS"],"build_version":"2019-07-17","purchased_purges":0,"victory":false,"max_hp_per_floor":[80,80,80,80,80,80,80,80,80,80,80,80,80,80,80,80],"card_choices":[{"not_picked":["Combust","Entrench"],"picked":"Warcry","floor":1},{"not_picked":["Pummel","True Grit"],"picked":"Iron Wave","floor":2},{"not_picked":["Uppercut","Clothesline"],"picked":"Cleave","floor":4},{"not_picked":["Clash","Shockwave"],"picked":"Iron Wave","floor":7},{"not_picked":["Twin Strike","Burning Pact"],"picked":"Power Through","floor":11},{"not_picked":["Whirlwind","Warcry"],"picked":"Headbutt","floor":12},{"not_picked":["Seeing Red","Metallicize"],"picked":"Juggernaut","floor":14}],"player_experience":0,"relics_obtained":[{"floor":9,"key":"Matryoshka"}],"event_choices":[{"damage_healed":0,"gold_gain":0,"player_choice":"Fled","damage_taken":7,"max_hp_gain":0,"max_hp_loss":0,"event_name":"Scrap Ooze","floor":3,"gold_loss":0},{"damage_healed":0,"gold_gain":0,"player_choice":"Searched \u00272\u0027 times","damage_taken":0,"relics_obtained":["Incense Burner"],"max_hp_gain":0,"max_hp_loss":0,"event_name":"Dead Adventurer","floor":10,"gold_loss":0},{"damage_healed":20,"gold_gain":0,"player_choice":"Healed and dodged fight","damage_taken":0,"max_hp_gain":0,"max_hp_loss":0,"event_name":"Mushrooms","floor":13,"gold_loss":0,"cards_obtained":["Parasite"]}],"is_beta":false,"boss_relics":[],"items_purged_floors":[],"is_endless":false,"potions_floor_spawned":[4,7,11],"killed_by":"The Guardian","ascension_level":0}