{"gold_per_floor":[112,130,30,60,72,72,105,105,105,135,135,135,151,171,171,171],"floor_reached":16,"playtime":1148,"items_purged":["Strike_R"],"score":160,"play_id":"9f224c5c-5a11-404a-ab0b-1ed88cbfa4ca","local_time":"20180915022559","is_ascension_mode":true,"campfire_choices":[{"data":"Dual Wield","floor":6,"key":"SMITH"},{"data":"Body Slam","floor":8,"key":"SMITH"},{"data":"Entrench","floor":11,"key":"SMITH"},{"floor":15,"key":"REST"}],"neow_cost":"TEN_PERCENT_HP_LOSS","seed_source_timestamp":1487047398299220,"circlet_count":0,"master_deck":["Strike_R","Strike_R","Defend_R","Defend_R","Defend_R","Bash","Shrug It Off","Metallicize","Iron Wave","Dual Wield+1","Body Slam+1","Metallicize","Clothesline","Entrench+1","Iron Wave"],"relics":["Burning Blood","Tiny Chest","Bottled Lightning","StoneCalendar","Bottled Flame"],"potions_floor_usage":[7,16],"damage_taken":[{"damage":0,"enemies":"Cultist","floor":1,"turns":3},{"damage":0,"enemies":"2 Louse","floor":2,"turns":4},{"damage":14,"enemies":"Small Slimes","floor":5,"turns":4},{"damage":44,"enemies":"Gremlin Nob","floor":7,"turns":9},{"damage":12,"enemies":"3 Sentries","floor":10,"turns":7},{"damage":3,"enemies":"Blue Slaver","floor":13,"turns":3},{"damage":4,"enemies":"2 Fungi Beasts","floor":14,"turns":4},{"damage":56,"enemies":"Slime Boss","floor":16,"turns":11}],"seed_played":"-8484183723554298141","potions_obtained":[{"floor":5,"key":"Energy Potion"},{"floor":7,"key":"SpeedPotion"}],"is_trial":false,"path_per_floor":["M","M","$","T","M","R","E","R","T","E","R","?","M","M","R"],"character_chosen":"IRONCLAD","items_purchased":["Body Slam"],"campfire_rested":1,"item_purchase_floors":[3],"current_hp_per_floor":[72,72,72,72,64,64,26,26,26,20,20,13,16,18,39,0],"gold":171,"neow_bonus":"TRANSFORM_TWO_CARDS","is_prod":false,"is_daily":false,"chose_seed":false,"campfire_upgraded":3,"win_rate":0,"timestamp":1537003559,"path_taken":["M","M","$","?","M","R","E","R","T","E","R","?","M","M","R","BOSS"],"build_version":"2018-09-06","purchased_purges":1,"victory":false,"max_hp_per_floor":[72,72,72,72,72,72,72,72,72,72,72,72,72,72,72,72],"card_choices":[{"not_picked":["Thunderclap","Clothesline"],"picked":"Iron Wave","floor":1},{"not_picked":["Twin Strike","Seeing Red"],"picked":"Dual Wield","floor":2},{"not_picked":["Inflame","True Grit"],"picked":"Metallicize","floor":5},{"not_picked":["Corruption","Bludgeon"],"picked":"Clothesline","floor":7},{"not_picked":["Seeing Red","Shrug It Off"],"picked":"Entrench","floor":10},{"not_picked":["Cleave","Entrench"],"picked":"Iron Wave","floor":13},{"not_picked":["Rampage","Anger","Havoc"],"picked":"SKIP","floor":14}],"player_experience":804689,"relics_obtained":[{"floor":4,"key":"Tiny Chest"},{"floor":7,"key":"Bottled Lightning"},{"floor":9,"key":"StoneCalendar"},{"floor":10,"key":"Bottled Flame"}],"event_choices":[{"event_name":"Golden Wing","player_choice":"Card Removal","floor":12,"damage_taken":0}],"is_beta":false,"boss_relics":[],"items_purged_floors":[3],"is_endless":false,"potions_floor_spawned":[5,7],"killed_by":"Slime Boss","ascension_level":9}