{"gold_per_floor":[114,130,140,140,140,180,170,186,211,224,268,268,298,298,298,429,429,444,459,480,480,102,133,33,33,33,73,96,96,96,162,162,281,281,306,322,123,173,194,230,245,245,268,318,35,53,53,228,228,228],"floor_reached":51,"playtime":40617,"items_purged":["Strike_R","Strike_R","Strike_R"],"score":802,"play_id":"cc6bf201-9b59-4ecf-b4ce-a7a3e54a5b48","local_time":"20190206142223","is_ascension_mode":false,"campfire_choices":[{"data":"Shrug It Off","floor":12.0,"key":"SMITH"},{"data":"Body Slam","floor":15.0,"key":"SMITH"},{"data":"Armaments","floor":25.0,"key":"SMITH"},{"data":"Juggernaut","floor":29.0,"key":"SMITH"},{"data":"True Grit","floor":32,"key":"SMITH"},{"data":"Demon Form","floor":42,"key":"SMITH"},{"data":"Madness","floor":47,"key":"SMITH"},{"data":"Madness","floor":49,"key":"SMITH"}],"neow_cost":"NONE","seed_source_timestamp":0,"circlet_count":0,"master_deck":["Strike_R","Strike_R","Defend_R","Defend_R","Defend_R+1","Defend_R","Bash+1","Shrug It Off+1","Flex+1","Shrug It Off","Shrug It Off","Body Slam+1","Juggernaut+1","Inflame","Armaments+1","Shrug It Off","True Grit+1","Demon Form+1","Iron Wave+1","Madness+1","Madness+1","Barricade","Body Slam+1","Entrench"],"special_seed":0,"relics":["Burning Blood","Ornamental Fan","Golden Idol","Bronze Scales","Oddly Smooth Stone","Blood Vial","Orichalcum","Runic Dome","Dodecahedron","Letter Opener","War Paint","Matryoshka","Potion Belt","SsserpentHead","Coffee Dripper","HandDrill","Molten Egg 2","Sundial","Anchor","Calipers"],"potions_floor_usage":[33,35,50,50,50],"damage_taken":[{"damage":17.0,"enemies":"Small Slimes","floor":1.0,"turns":4.0},{"damage":1.0,"enemies":"Jaw Worm","floor":2.0,"turns":5.0},{"damage":2.0,"enemies":"2 Louse","floor":3.0,"turns":2.0},{"damage":15.0,"enemies":"Gremlin Nob","floor":6.0,"turns":4.0},{"damage":10.0,"enemies":"Exordium Thugs","floor":7.0,"turns":7.0},{"damage":0.0,"enemies":"Red Slaver","floor":8.0,"turns":4.0},{"damage":8.0,"enemies":"Large Slime","floor":10.0,"turns":6.0},{"damage":18.0,"enemies":"3 Sentries","floor":11.0,"turns":9.0},{"damage":9.0,"enemies":"Hexaghost","floor":16.0,"turns":11.0},{"damage":1.0,"enemies":"3 Byrds","floor":18.0,"turns":3.0},{"damage":0.0,"enemies":"Chosen","floor":19.0,"turns":3.0},{"damage":5.0,"enemies":"Centurion and Healer","floor":20.0,"turns":5.0},{"damage":0.0,"enemies":"Book of Stabbing","floor":23.0,"turns":4.0},{"damage":13.0,"enemies":"Slavers","floor":27.0,"turns":5.0},{"damage":0.0,"enemies":"3 Cultists","floor":28.0,"turns":4.0},{"damage":3.0,"enemies":"Shelled Parasite and Fungi","floor":31.0,"turns":4.0},{"damage":24,"enemies":"Champ","floor":33,"turns":11},{"damage":10,"enemies":"3 Shapes","floor":35,"turns":4},{"damage":0,"enemies":"Orb Walker","floor":36,"turns":4},{"damage":1,"enemies":"Sphere and 2 Shapes","floor":39,"turns":3},{"damage":0,"enemies":"Giant Head","floor":40,"turns":6},{"damage":6,"enemies":"3 Darklings","floor":41,"turns":4},{"damage":0,"enemies":"Jaw Worm Horde","floor":46,"turns":5},{"damage":13,"enemies":"Mind Bloom Boss Battle","floor":48,"turns":4},{"damage":11,"enemies":"Awakened One","floor":50,"turns":9}],"seed_played":"5633904714197162532","potions_obtained":[{"floor":2.0,"key":"Weak Potion"},{"floor":3.0,"key":"Fire Potion"},{"floor":11.0,"key":"Weak Potion"},{"floor":14.0,"key":"Swift Potion"},{"floor":14.0,"key":"FairyPotion"},{"floor":16.0,"key":"Block Potion"},{"floor":19.0,"key":"GamblersBrew"},{"floor":27.0,"key":"Dexterity Potion"},{"floor":33,"key":"SteroidPotion"},{"floor":40,"key":"Fire Potion"},{"floor":46,"key":"Ancient Potion"},{"floor":48,"key":"Energy Potion"}],"is_trial":false,"path_per_floor":["M","M","M","?","?","E","M","M","T","M","E","R","?","?","R","B",null,"M","M","M","?","$","E","$","R","T","E","M","R","?","M","R","B",null,"M","M","$","?","M","E","M","R","T","?","$","M","R","?","R","B",null],"character_chosen":"IRONCLAD","items_purchased":["Letter Opener","Armaments","HandDrill","Barricade"],"campfire_rested":0,"item_purchase_floors":[22,22,37,45],"current_hp_per_floor":[69,74,78,75,55,46,42,48,48,46,34,34,34,34,34,33,80,80,80,80,80,80,80,80,80,80,73,80,80,80,80,80,62,80,76,80,80,80,80,80,80,80,80,70,70,78,78,73,73,70],"gold":228,"neow_bonus":"UPGRADE_CARD","is_prod":false,"is_daily":false,"chose_seed":false,"campfire_upgraded":8,"win_rate":0.0,"timestamp":1549459343,"path_taken":["M","M","M","?","?","E","M","M","T","M","E","R","?","?","R","BOSS","M","M","M","?","$","E","$","R","T","E","?","R","?","?","R","BOSS","M","M","$","?","M","E","M","R","T","?","$","M","R","?","R","BOSS"],"build_version":"2019-01-23","purchased_purges":3,"victory":true,"max_hp_per_floor":[80,80,80,80,80,80,80,80,80,80,80,80,80,80,80,80,80,80,80,80,80,80,80,80,80,80,80,80,80,80,80,80,80,80,80,80,80,80,80,80,80,80,80,80,80,80,80,80,80,80],"card_choices":[{"not_picked":["True Grit","Disarm"],"picked":"Shrug It Off","floor":1.0},{"not_picked":["Anger","Headbutt"],"picked":"Flex","floor":2.0},{"not_picked":["Infernal Blade","Clothesline"],"picked":"Shrug It Off","floor":3.0},{"not_picked":["Reckless Charge","Warcry"],"picked":"Shrug It Off","floor":6.0},{"not_picked":["Dual Wield","Shrug It Off","Thunderclap"],"picked":"SKIP","floor":7.0},{"not_picked":["Pummel","Flame Barrier"],"picked":"Body Slam","floor":8.0},{"not_picked":["Sword Boomerang","Hemokinesis","Clothesline"],"picked":"SKIP","floor":10.0},{"not_picked":["Hemokinesis","Flame Barrier","Sword Boomerang"],"picked":"SKIP","floor":11.0},{"not_picked":["Demon Form","Dark Embrace"],"picked":"Juggernaut","floor":16.0},{"not_picked":["Pommel Strike","Twin Strike+1"],"picked":"Inflame","floor":18.0},{"not_picked":["Clash","Blood for Blood","Perfected Strike+1"],"picked":"SKIP","floor":19.0},{"not_picked":["Headbutt","Whirlwind+1","Disarm"],"picked":"SKIP","floor":20.0},{"not_picked":["Reckless Charge","Headbutt+1","Clash+1"],"picked":"SKIP","floor":23.0},{"not_picked":["Blood for Blood","Perfected Strike"],"picked":"Shrug It Off","floor":27.0},{"not_picked":["Bloodletting","Searing Blow","Uppercut"],"picked":"SKIP","floor":28.0},{"not_picked":["Rampage","Rage"],"picked":"True Grit","floor":31.0},{"not_picked":["Berserk","Double Tap"],"picked":"Demon Form","floor":33},{"not_picked":["Iron Wave+1","Shrug It Off+1"],"picked":"Flame Barrier+1","floor":35},{"not_picked":["Perfected Strike+1","Rampage","Clothesline"],"picked":"SKIP","floor":36},{"not_picked":["Armaments","Perfected Strike","Headbutt+1"],"picked":"SKIP","floor":39},{"not_picked":["Armaments","Perfected Strike","Headbutt+1"],"picked":"SKIP","floor":39},{"not_picked":["Sever Soul","Fire Breathing","Flex+1"],"picked":"SKIP","floor":40},{"not_picked":["Sever Soul+1","Twin Strike+1"],"picked":"Iron Wave+1","floor":41},{"not_picked":["True Grit","Juggernaut"],"picked":"Body Slam+1","floor":46},{"not_picked":["Anger+1","True Grit+1"],"picked":"Entrench","floor":48}],"player_experience":1677,"relics_obtained":[{"floor":6.0,"key":"Bronze Scales"},{"floor":9.0,"key":"Oddly Smooth Stone"},{"floor":11.0,"key":"Blood Vial"},{"floor":21.0,"key":"Dodecahedron"},{"floor":23.0,"key":"War Paint"},{"floor":26.0,"key":"Matryoshka"},{"floor":27.0,"key":"Potion Belt"},{"floor":40,"key":"Molten Egg 2"},{"floor":43,"key":"Sundial"},{"floor":43,"key":"Anchor"},{"floor":48,"key":"Calipers"}],"event_choices":[{"damage_healed":0.0,"max_hp_gain":0.0,"max_hp_loss":0.0,"gold_gain":0.0,"event_name":"Scrap Ooze","player_choice":"Success","floor":4.0,"gold_loss":0.0,"damage_taken":3.0,"relics_obtained":["Ornamental Fan"]},{"damage_healed":0.0,"max_hp_gain":0.0,"max_hp_loss":0.0,"gold_gain":0.0,"event_name":"Golden Idol","player_choice":"Take Damage","floor":5.0,"gold_loss":0.0,"damage_taken":20.0,"relics_obtained":["Golden Idol"]},{"damage_healed":0.0,"max_hp_gain":0.0,"max_hp_loss":0.0,"gold_gain":30.0,"event_name":"Dead Adventurer","player_choice":"Searched \u00273\u0027 times","floor":13.0,"gold_loss":0.0,"damage_taken":0.0,"relics_obtained":["Orichalcum"]},{"damage_healed":0.0,"max_hp_gain":0.0,"max_hp_loss":0.0,"gold_gain":0.0,"event_name":"Lab","player_choice":"Got Potions","floor":14.0,"gold_loss":0.0,"damage_taken":0.0},{"damage_healed":0.0,"max_hp_gain":0.0,"max_hp_loss":0.0,"gold_gain":0.0,"event_name":"Wheel of Change","player_choice":"Relic","floor":21.0,"gold_loss":0.0,"damage_taken":0.0},{"damage_healed":0.0,"max_hp_gain":0.0,"max_hp_loss":0.0,"gold_gain":0.0,"event_name":"FaceTrader","player_choice":"Trade","floor":30.0,"gold_loss":0.0,"damage_taken":0.0,"relics_obtained":["SsserpentHead"]},{"cards_removed":["Flame Barrier"],"damage_healed":0,"gold_gain":0,"player_choice":"Removed Skill","damage_taken":0,"max_hp_gain":0,"max_hp_loss":0,"event_name":"Falling","floor":38,"gold_loss":0},{"damage_healed":0,"gold_gain":0,"player_choice":"Embrace Madness","damage_taken":10,"max_hp_gain":0,"max_hp_loss":0,"event_name":"Winding Halls","floor":44,"gold_loss":0,"cards_obtained":["Madness","Madness"]},{"damage_healed":0,"gold_gain":0,"player_choice":"Fight","damage_taken":0,"max_hp_gain":0,"max_hp_loss":0,"event_name":"MindBloom","floor":48,"gold_loss":0}],"is_beta":true,"boss_relics":[{"not_picked":["Black Blood","Busted Crown"],"picked":"Runic Dome"},{"not_picked":["White Beast Statue","Cursed Key"],"picked":"Coffee Dripper"}],"items_purged_floors":[22,24,45],"is_endless":false,"potions_floor_spawned":[2,3,11,16,19,27,33,40,46,48],"ascension_level":0}