{"gold_per_floor":[111,36,48,60,78,78,103,30,30,50,50,50,106,95,95,95],"floor_reached":16,"playtime":969,"items_purged":["Defend_G"],"score":140,"play_id":"108445e7-bd91-4164-98e3-742df52f2fb6","local_time":"20180821193849","is_ascension_mode":true,"campfire_choices":[{"data":"Adrenaline","floor":6,"key":"SMITH"},{"floor":11,"key":"REST"},{"floor":15,"key":"REST"}],"neow_cost":"PERCENT_DAMAGE","seed_source_timestamp":295926925897754,"circlet_count":0,"master_deck":["Defend_G","Defend_G","Defend_G","Defend_G","Strike_G","Strike_G","Strike_G","Strike_G","Strike_G","Survivor","Neutralize","Adrenaline+1","Dagger Spray","Cloak And Dagger","Blade Dance","Well Laid Plans","Accuracy","Choke","Parasite","Adrenaline"],"relics":["Ring of the Snake","Dodecahedron","Bottled Lightning","Tiny Chest"],"potions_floor_usage":[7,16],"damage_taken":[{"damage":0,"enemies":"Cultist","floor":1,"turns":4},{"damage":0,"enemies":"2 Louse","floor":3,"turns":2},{"damage":0,"enemies":"Jaw Worm","floor":4,"turns":4},{"damage":5,"enemies":"2 Fungi Beasts","floor":5,"turns":4},{"damage":32,"enemies":"Gremlin Nob","floor":7,"turns":5},{"damage":0,"enemies":"Gremlin Gang","floor":10,"turns":3},{"damage":14,"enemies":"3 Sentries","floor":13,"turns":6},{"damage":13,"enemies":"Exordium Thugs","floor":14,"turns":4},{"damage":50,"enemies":"Slime Boss","floor":16,"turns":8}],"seed_played":"3097436163651447858","potions_obtained":[{"floor":3,"key":"Weak Potion"},{"floor":7,"key":"Weak Potion"},{"floor":13,"key":"Ancient Potion"}],"is_trial":false,"path_per_floor":["M","$","M","M","M","R","E","$","T","M","R","?","E","M","R"],"character_chosen":"THE_SILENT","items_purchased":["Accuracy"],"campfire_rested":2,"item_purchase_floors":[8],"current_hp_per_floor":[49,49,49,49,44,44,12,12,12,12,33,50,36,23,44,0],"gold":95,"neow_bonus":"THREE_RARE_CARDS","is_prod":false,"is_daily":false,"chose_seed":false,"campfire_upgraded":1,"win_rate":0,"timestamp":1534905529,"path_taken":["M","$","M","M","?","R","E","$","T","M","R","?","E","M","R","BOSS"],"build_version":"2018-08-16","purchased_purges":1,"victory":false,"max_hp_per_floor":[70,70,70,70,70,70,70,70,70,70,70,70,70,70,70,70],"card_choices":[{"not_picked":["Grand Finale","Burst"],"picked":"Adrenaline","floor":0},{"not_picked":["Sucker Punch","Outmaneuver"],"picked":"Dagger Spray","floor":1},{"not_picked":["Quick Slash","Poisoned Stab"],"picked":"Cloak And Dagger","floor":3},{"not_picked":["Footwork","Backflip"],"picked":"Blade Dance","floor":4},{"not_picked":["Outmaneuver","Slice","Sucker Punch"],"picked":"SKIP","floor":5},{"not_picked":["Underhanded Strike","Flying Knee"],"picked":"Well Laid Plans","floor":7},{"not_picked":["Outmaneuver","Quick Slash"],"picked":"Choke","floor":10},{"not_picked":["Catalyst","Outmaneuver"],"picked":"Adrenaline","floor":13},{"not_picked":["Backflip","Skewer","Expertise"],"picked":"SKIP","floor":14}],"player_experience":704609,"relics_obtained":[{"floor":7,"key":"Dodecahedron"},{"floor":9,"key":"Bottled Lightning"},{"floor":13,"key":"Tiny Chest"}],"event_choices":[{"event_name":"Mushrooms","player_choice":"Healed and dodged fight","floor":12,"damage_taken":0}],"is_beta":false,"boss_relics":[],"items_purged_floors":[2],"is_endless":false,"potions_floor_spawned":[3,7,13],"killed_by":"Slime Boss","ascension_level":5}