{"gold_per_floor":[115,64,77,77,98,98,113,113,113,113,63,103,119,119,119,240,240,263,279,61,61,84,84,98,98,98,129,129,29,73,91,91,222,222,242,256,256,82,82,120,120,120,120,145,145,166,166,190,190,190],"floor_reached":51,"playtime":4928,"items_purged":["Defend_R","Defend_R","Defend_R"],"score":765,"play_id":"41cac4f2-8cd6-4ca2-92cd-624ece9f1839","local_time":"20190112183454","is_ascension_mode":false,"campfire_choices":[{"data":"Pommel Strike","floor":6.0,"key":"SMITH"},{"data":"Bash","floor":8.0,"key":"SMITH"},{"data":"Wild Strike","floor":10.0,"key":"SMITH"},{"floor":15.0,"key":"REST"},{"floor":23.0,"key":"REST"},{"data":"Armaments","floor":25,"key":"SMITH"},{"data":"Perfected Strike","floor":28,"key":"SMITH"},{"floor":32,"key":"REST"},{"data":"Perfected Strike","floor":42,"key":"SMITH"},{"floor":45,"key":"REST"},{"data":"Perfected Strike","floor":49,"key":"SMITH"}],"neow_cost":"NONE","seed_source_timestamp":0,"circlet_count":0,"master_deck":["Strike_R","Strike_R","Strike_R","Strike_R","Strike_R","Bash+1","Pommel Strike+1","Wild Strike","Wild Strike+1","Headbutt","Perfected Strike+1","Perfected Strike+1","Perfected Strike+1","Perfected Strike+1","Perfected Strike+1","Armaments+1","Perfected Strike","Shrug It Off","Wild Strike+1","Pommel Strike","Perfected Strike+1","Twin Strike"],"special_seed":0,"relics":["Lizard Tail","Golden Idol","WingedGreaves","Turnip","Eternal Feather","Strawberry","Nunchaku","Red Skull","Singing Bowl","Snecko Eye","Blue Candle","Omamori","Ornamental Fan"],"potions_floor_usage":[33,33,44,50,50,50],"damage_taken":[{"damage":4.0,"enemies":"2 Louse","floor":1.0,"turns":4.0},{"damage":2.0,"enemies":"Small Slimes","floor":3.0,"turns":3.0},{"damage":1.0,"enemies":"Jaw Worm","floor":5.0,"turns":3.0},{"damage":5.0,"enemies":"Red Slaver","floor":7.0,"turns":4.0},{"damage":14.0,"enemies":"Gremlin Nob","floor":12.0,"turns":3.0},{"damage":18.0,"enemies":"Exordium Wildlife","floor":13.0,"turns":4.0},{"damage":56.0,"enemies":"Hexaghost","floor":16.0,"turns":8.0},{"damage":34.0,"enemies":"Shell Parasite","floor":18.0,"turns":4.0},{"damage":26.0,"enemies":"3 Byrds","floor":19.0,"turns":6.0},{"damage":21.0,"enemies":"3 Cultists","floor":22.0,"turns":4.0},{"damage":0.0,"enemies":"Snecko","floor":24.0,"turns":2.0},{"damage":20,"enemies":"Gremlin Leader","floor":27,"turns":5},{"damage":22,"enemies":"Slavers","floor":30,"turns":3},{"damage":21,"enemies":"Snake Plant","floor":31,"turns":2},{"damage":18,"enemies":"Collector","floor":33,"turns":5},{"damage":22,"enemies":"3 Darklings","floor":35,"turns":2},{"damage":0,"enemies":"3 Shapes","floor":36,"turns":2},{"damage":60,"enemies":"Reptomancer","floor":40,"turns":4},{"damage":10,"enemies":"Spire Growth","floor":44,"turns":3},{"damage":0,"enemies":"Sphere and 2 Shapes","floor":46,"turns":1},{"damage":22,"enemies":"4 Shapes","floor":48,"turns":2},{"damage":18,"enemies":"Time Eater","floor":50,"turns":3}],"seed_played":"-3424403000943568003","potions_obtained":[{"floor":5.0,"key":"SpeedPotion"},{"floor":13.0,"key":"GamblersBrew"},{"floor":16.0,"key":"Regen Potion"},{"floor":27,"key":"Regen Potion"},{"floor":30,"key":"Strength Potion"},{"floor":31,"key":"SneckoOil"},{"floor":33,"key":"Block Potion"},{"floor":36,"key":"Strength Potion"},{"floor":44,"key":"Strength Potion"},{"floor":46,"key":"FearPotion"}],"is_trial":false,"path_per_floor":["M","$","M","?","M","R","M","R","T","R","?","E","M","?","R","B",null,"M","M","$","?","M","R","M","R","T","E","R","$","E","M","R","B",null,"M","M","T","$","?","E","?","R","T","M","R","M","?","M","R","B",null],"character_chosen":"IRONCLAD","items_purchased":["Wild Strike","Strawberry","Pommel Strike"],"campfire_rested":4,"item_purchase_floors":[2,20,38],"current_hp_per_floor":[76,76,74,54,53,53,48,48,48,48,48,34,16,16,40,24,80,46,35,42,42,21,56,56,65,65,45,54,54,34,13,48,46,91,71,71,71,71,93,35,35,47,47,39,80,82,82,60,72,54],"gold":190,"neow_bonus":"BOSS_RELIC","is_prod":false,"is_daily":false,"chose_seed":false,"campfire_upgraded":7,"win_rate":0,"timestamp":1547346894,"path_taken":["M","$","M","?","M","R","M","R","T","R","?","E","M","?","R","BOSS","M","M","$","?","M","R","M","R","T","E","R","$","E","M","R","BOSS","M","M","?","$","?","E","?","R","T","?","R","M","?","M","R","BOSS"],"build_version":"2019-01-10","purchased_purges":3,"victory":true,"max_hp_per_floor":[80,80,80,80,80,80,80,80,80,80,80,80,80,80,80,80,80,80,80,87,87,87,87,87,87,87,87,87,87,89,89,89,91,91,93,93,93,93,93,95,95,95,95,97,97,99,99,99,99,99],"card_choices":[{"not_picked":["Cleave","Body Slam"],"picked":"Pommel Strike","floor":1.0},{"not_picked":["Anger","Bloodletting"],"picked":"Wild Strike","floor":3.0},{"not_picked":["Entrench","Rampage","Disarm"],"picked":"SKIP","floor":5.0},{"not_picked":["Disarm","Cleave"],"picked":"Headbutt","floor":7.0},{"not_picked":["Thunderclap","Wild Strike"],"picked":"Perfected Strike","floor":12.0},{"not_picked":["Shrug It Off","Pommel Strike"],"picked":"Perfected Strike","floor":13.0},{"not_picked":["Twin Strike","Cleave"],"picked":"Perfected Strike","floor":18.0},{"not_picked":["Metallicize","Spot Weakness"],"picked":"Perfected Strike","floor":19.0},{"not_picked":["Intimidate+1","Reaper"],"picked":"Perfected Strike+1","floor":22.0},{"not_picked":["Shrug It Off","Flex"],"picked":"Armaments","floor":24.0},{"not_picked":["Headbutt","Spot Weakness+1"],"picked":"Perfected Strike","floor":27},{"not_picked":["Iron Wave+1","Sword Boomerang","Burning Pact"],"picked":"Singing Bowl","floor":30},{"not_picked":["Cleave","Wild Strike"],"picked":"Shrug It Off","floor":31},{"not_picked":["Demon Form","Impervious","Exhume"],"picked":"Singing Bowl","floor":33},{"not_picked":["Combust+1","Cleave","Sword Boomerang"],"picked":"Singing Bowl","floor":35},{"not_picked":["Clash","Armaments"],"picked":"Wild Strike+1","floor":36},{"not_picked":["Intimidate+1","Heavy Blade","Reaper"],"picked":"Singing Bowl","floor":40},{"not_picked":["Intimidate+1","Clash+1","Pummel+1"],"picked":"Singing Bowl","floor":44},{"not_picked":["Dropkick","Havoc","Iron Wave"],"picked":"Singing Bowl","floor":46},{"not_picked":["Intimidate","Seeing Red+1"],"picked":"Twin Strike","floor":48}],"player_experience":1101162,"relics_obtained":[{"floor":9.0,"key":"WingedGreaves"},{"floor":12.0,"key":"Turnip"},{"floor":26,"key":"Nunchaku"},{"floor":27,"key":"Red Skull"},{"floor":30,"key":"Singing Bowl"},{"floor":37,"key":"Blue Candle"},{"floor":40,"key":"Omamori"},{"floor":43,"key":"Ornamental Fan"}],"event_choices":[{"damage_healed":0.0,"max_hp_gain":0.0,"max_hp_loss":0.0,"gold_gain":0.0,"event_name":"Golden Idol","player_choice":"Take Damage","floor":4.0,"gold_loss":0.0,"damage_taken":20.0,"relics_obtained":["Golden Idol"]},{"cards_removed":["Defend_R"],"damage_healed":0.0,"max_hp_gain":0.0,"max_hp_loss":0.0,"gold_gain":0.0,"event_name":"The Cleric","player_choice":"Card Removal","floor":11.0,"gold_loss":50.0,"damage_taken":0.0},{"damage_healed":0.0,"max_hp_gain":0.0,"max_hp_loss":0.0,"gold_gain":0.0,"event_name":"Shining Light","player_choice":"Ignored","floor":14.0,"gold_loss":0.0,"damage_taken":0.0},{"damage_healed":0.0,"max_hp_gain":0.0,"max_hp_loss":0.0,"gold_gain":0.0,"event_name":"Upgrade Shrine","player_choice":"Upgraded","floor":21.0,"gold_loss":0.0,"damage_taken":0.0,"cards_upgraded":["Perfected Strike"]},{"damage_healed":23,"gold_gain":0,"player_choice":"Writhe","damage_taken":0,"max_hp_gain":0,"max_hp_loss":0,"event_name":"Winding Halls","floor":39,"gold_loss":0,"cards_obtained":["Writhe"]},{"cards_removed":["Writhe"],"damage_healed":0,"gold_gain":0,"player_choice":"Removed Curses","damage_taken":0,"max_hp_gain":0,"max_hp_loss":0,"event_name":"Fountain of Cleansing","floor":41,"gold_loss":0},{"damage_healed":0,"gold_gain":0,"player_choice":"Copied","damage_taken":0,"max_hp_gain":0,"max_hp_loss":0,"event_name":"Duplicator","floor":47,"gold_loss":0,"cards_obtained":["Perfected Strike"]}],"is_beta":false,"boss_relics":[{"not_picked":["Runic Pyramid","White Beast Statue"],"picked":"Eternal Feather"},{"not_picked":["Coffee Dripper","Orrery"],"picked":"Snecko Eye"}],"items_purged_floors":[20,29,38],"is_endless":false,"potions_floor_spawned":[5,13,16,27,30,31,33,36,44,46],"ascension_level":0}