{"gold_per_floor":[118,118,118,136,61,61,61,81,81,91,11,11,28,40,40,40],"floor_reached":16,"playtime":285,"items_purged":["Defend_B"],"score":92,"play_id":"051e0859-5934-4da4-815e-300623f33872","local_time":"20181224220826","is_ascension_mode":false,"campfire_choices":[{"data":"Zap","floor":6,"key":"SMITH"},{"floor":15,"key":"RECALL"}],"neow_cost":"NONE","seed_source_timestamp":624482259884630,"circlet_count":0,"master_deck":["Strike_B","Strike_B","Strike_B","Strike_B","Defend_B","Defend_B","Defend_B+1","Zap+1","Dualcast+1","Rebound","Rebound","Skim","Lockon","Go for the Eyes","Ball Lightning"],"relics":["Cracked Core","NeowsBlessing","Pantograph","Boot"],"potions_floor_usage":[],"damage_taken":[{"damage":0,"enemies":"Small Slimes","floor":1,"turns":1},{"damage":0,"enemies":"Jaw Worm","floor":4,"turns":1},{"damage":0,"enemies":"Cultist","floor":8,"turns":1},{"damage":0,"enemies":"2 Fungi Beasts","floor":10,"turns":2},{"damage":0,"enemies":"Exordium Thugs","floor":13,"turns":2},{"damage":0,"enemies":"Gremlin Gang","floor":14,"turns":5},{"damage":0,"enemies":"Slime Boss","floor":16,"turns":1}],"seed_played":"3891157247551255210","potions_obtained":[{"floor":7,"key":"FairyPotion"},{"floor":7,"key":"EssenceOfSteel"},{"floor":7,"key":"Poison Potion"}],"is_trial":false,"path_per_floor":["M","?","T","M","$","R","?","M","T","M","$","?","M","M","R","B"],"character_chosen":"DEFECT","items_purchased":["Lockon"],"campfire_rested":0,"item_purchase_floors":[11],"current_hp_per_floor":[75,60,60,60,60,60,60,60,60,60,60,60,60,60,60,60],"gold":40,"neow_bonus":"THREE_ENEMY_KILL","is_prod":false,"is_daily":false,"chose_seed":false,"campfire_upgraded":1,"win_rate":0,"timestamp":1545718106,"path_taken":["M","?","?","?","?","R","?","?","T","M","$","?","M","M","R","BOSS"],"build_version":"2018-12-20","purchased_purges":1,"victory":false,"max_hp_per_floor":[75,75,75,75,75,75,75,75,75,75,75,75,75,75,75,75],"card_choices":[{"not_picked":["Barrage","Chaos"],"picked":"Rebound","floor":1},{"not_picked":["Scrape","Glacier"],"picked":"Rebound","floor":4},{"not_picked":["Go for the Eyes","Static Discharge"],"picked":"Skim","floor":8},{"not_picked":["Capacitor","Auto Shields","Barrage"],"picked":"SKIP","floor":10},{"not_picked":["Doom and Gloom","Leap"],"picked":"Go for the Eyes","floor":13},{"not_picked":["Steam","Glacier"],"picked":"Ball Lightning","floor":14}],"player_experience":1064546,"relics_obtained":[{"floor":3,"key":"Pantograph"},{"floor":9,"key":"Boot"}],"event_choices":[{"damage_healed":0,"gold_gain":0,"player_choice":"Entered Light","damage_taken":15,"max_hp_gain":0,"max_hp_loss":0,"event_name":"Shining Light","floor":2,"gold_loss":0,"cards_upgraded":["Defend_B","Dualcast"]},{"damage_healed":0,"gold_gain":0,"player_choice":"Got Potions","damage_taken":0,"max_hp_gain":0,"max_hp_loss":0,"event_name":"Lab","floor":7,"gold_loss":0},{"damage_healed":0,"gold_gain":0,"player_choice":"Ignored","damage_taken":0,"max_hp_gain":0,"max_hp_loss":0,"event_name":"Golden Idol","floor":12,"gold_loss":0}],"is_beta":false,"boss_relics":[],"items_purged_floors":[5],"is_endless":false,"potions_floor_spawned":[8,10,14],"killed_by":"Slime Boss","ascension_level":0}