{"gold_per_floor":[116,3,14,32,32,32,48,68,136,136,180,180,199,234,234,363,363,388,412,430,445,463,494,494,358,358,0,18,18,61,84,84,84],"floor_reached":33,"playtime":2047,"items_purged":["Shame","Normality","Regret"],"score":486,"play_id":"170b9895-756e-4340-a8fb-b48a1d64c9b1","local_time":"20180903160657","is_ascension_mode":true,"campfire_choices":[{"data":"Defragment","floor":6,"key":"SMITH"},{"data":"Storm","floor":10,"key":"SMITH"},{"floor":15,"key":"REST"},{"floor":29,"key":"REST"},{"floor":32,"key":"REST"}],"neow_cost":"NONE","seed_source_timestamp":625085300144981,"circlet_count":0,"master_deck":["Strike_B","Strike_B","Strike_B","Strike_B","Defend_B","Defend_B","Defend_B","Defend_B","Zap","Dualcast","Parasite","Defragment+1","Streamline","Self Repair","Electrodynamics","Ball Lightning","Storm+1","Heatsinks","Injury","Lockon","Sweeping Beam","Self Repair","Lockon","Conserve Battery","White Noise","Amplify","Ball Lightning+1","Core Surge+1","Buffer","Storm","Barrage+1","Leap+1","Capacitor","Leap","Hologram+1","Force Field","Loop","Static Discharge","Stack","Melter+1","Self Repair","Heatsinks"],"relics":["Calling Bell","Potion Belt","Darkstone Periapt","Prayer Wheel","Golden Idol","Molten Egg 2","Ginger","Bronze Scales","Dream Catcher","Fusion Hammer","Pen Nib","Shuriken","DataDisk","Omamori"],"potions_floor_usage":[13,14,16,23,23,23],"damage_taken":[{"damage":6,"enemies":"2 Louse","floor":1,"turns":3},{"damage":7,"enemies":"Jaw Worm","floor":3,"turns":3},{"damage":1,"enemies":"Cultist","floor":4,"turns":3},{"damage":17,"enemies":"Looter","floor":7,"turns":3},{"damage":0,"enemies":"Large Slime","floor":8,"turns":4},{"damage":20,"enemies":"Lagavulin","floor":11,"turns":4},{"damage":17,"enemies":"3 Louse","floor":13,"turns":3},{"damage":34,"enemies":"Gremlin Nob","floor":14,"turns":4},{"damage":51,"enemies":"Hexaghost","floor":16,"turns":7},{"damage":6,"enemies":"Spheric Guardian","floor":18,"turns":3},{"damage":12,"enemies":"3 Byrds","floor":19,"turns":2},{"damage":24,"enemies":"Snake Plant","floor":20,"turns":3},{"damage":0,"enemies":"Centurion and Healer","floor":21,"turns":5},{"damage":20,"enemies":"Sentry and Sphere","floor":22,"turns":4},{"damage":12,"enemies":"Gremlin Leader","floor":23,"turns":4},{"damage":6,"enemies":"Snecko","floor":28,"turns":2},{"damage":28,"enemies":"Book of Stabbing","floor":30,"turns":4},{"damage":12,"enemies":"Cultist and Chosen","floor":31,"turns":3},{"damage":64,"enemies":"Automaton","floor":33,"turns":6}],"seed_played":"84322380273457645","potions_obtained":[{"floor":3,"key":"Dexterity Potion"},{"floor":8,"key":"Energy Potion"},{"floor":11,"key":"Fruit Juice"},{"floor":14,"key":"Regen Potion"},{"floor":16,"key":"AttackPotion"},{"floor":20,"key":"Poison Potion"},{"floor":21,"key":"Block Potion"}],"is_trial":false,"path_per_floor":["M","$","M","M","?","R","M","M","T","R","E","?","M","E","R","B",null,"M","M","M","M","M","E","?","$","T","$","M","R","E","M","R"],"character_chosen":"DEFECT","items_purchased":["Self Repair","Loop","DataDisk","Static Discharge"],"campfire_rested":3,"item_purchase_floors":[2,25,27,27],"current_hp_per_floor":[62,62,62,68,74,74,57,64,64,64,58,64,52,32,59,37,78,79,67,57,64,44,39,39,39,39,39,33,60,39,34,61,0],"gold":84,"neow_bonus":"BOSS_RELIC","is_prod":false,"is_daily":false,"chose_seed":false,"campfire_upgraded":2,"win_rate":0,"timestamp":1536016017,"path_taken":["M","$","M","M","?","R","M","M","T","R","E","?","M","E","R","BOSS","M","M","M","M","M","E","?","$","T","$","M","R","E","M","R","BOSS"],"build_version":"2018-08-30","purchased_purges":3,"victory":false,"max_hp_per_floor":[75,75,75,75,81,81,81,81,81,81,81,87,92,92,92,92,92,92,92,92,92,92,92,92,92,92,92,92,92,92,92,92,92],"card_choices":[{"not_picked":["Steam","Steam Power"],"picked":"Defragment","floor":1},{"not_picked":["FTL","Beam Cell"],"picked":"Streamline","floor":1},{"not_picked":["Stack","Steam"],"picked":"Electrodynamics","floor":3},{"not_picked":["Capacitor","Chaos"],"picked":"Ball Lightning","floor":3},{"not_picked":["Aggregate","Conserve Battery"],"picked":"Storm","floor":4},{"not_picked":["Blizzard","Beam Cell"],"picked":"Heatsinks","floor":4},{"not_picked":["Beam Cell","Auto Shields"],"picked":"Lockon","floor":7},{"not_picked":["Turbo","Cold Snap"],"picked":"Sweeping Beam","floor":7},{"not_picked":["Streamline","Sweeping Beam"],"picked":"Self Repair","floor":8},{"not_picked":["Melter","Stack"],"picked":"Lockon","floor":8},{"not_picked":["Gash+1","Double Energy"],"picked":"Conserve Battery","floor":11},{"not_picked":["Hologram","BootSequence"],"picked":"White Noise","floor":13},{"not_picked":["Storm","Hologram"],"picked":"Amplify","floor":13},{"not_picked":["Streamline+1","Turbo"],"picked":"Ball Lightning+1","floor":14},{"not_picked":["Cold Snap+1","Streamline+1"],"picked":"Core Surge+1","floor":15},{"not_picked":["All For One+1","Biased Cognition"],"picked":"Buffer","floor":16},{"not_picked":["Blizzard+1","Go for the Eyes+1","Sweeping Beam+1"],"picked":"SKIP","floor":18},{"not_picked":["Compile Driver+1","Sunder+1","Redo"],"picked":"SKIP","floor":18},{"not_picked":["Loop+1","Consume"],"picked":"Storm","floor":19},{"not_picked":["Glacier","Steam","Skim"],"picked":"SKIP","floor":19},{"not_picked":["Streamline+1","Go for the Eyes+1"],"picked":"Barrage+1","floor":20},{"not_picked":["Reinforced Body","Reprogram"],"picked":"Leap+1","floor":20},{"not_picked":["Chill+1","Hologram"],"picked":"Capacitor","floor":21},{"not_picked":["Blizzard+1","Steam Power"],"picked":"Leap","floor":21},{"not_picked":["Hello World","Seek"],"picked":"Hologram+1","floor":22},{"not_picked":["Stack","Hello World","Beam Cell+1"],"picked":"SKIP","floor":22},{"not_picked":["Ball Lightning+1","Beam Cell+1"],"picked":"Force Field","floor":23},{"not_picked":["Hologram","Hello World"],"picked":"Stack","floor":28},{"not_picked":["Double Energy","Streamline+1","Fusion"],"picked":"SKIP","floor":28},{"not_picked":["Rebound+1","Double Energy+1","BootSequence"],"picked":"SKIP","floor":30},{"not_picked":["Sunder+1","Skim+1"],"picked":"Melter+1","floor":31},{"not_picked":["Redo","Beam Cell+1"],"picked":"Self Repair","floor":31},{"not_picked":["Gash+1","Genetic Algorithm"],"picked":"Heatsinks","floor":32}],"player_experience":753054,"relics_obtained":[{"floor":0,"key":"Potion Belt"},{"floor":0,"key":"Darkstone Periapt"},{"floor":0,"key":"Prayer Wheel"},{"floor":9,"key":"Molten Egg 2"},{"floor":11,"key":"Ginger"},{"floor":14,"key":"Dream Catcher"},{"floor":23,"key":"Pen Nib"},{"floor":26,"key":"Shuriken"},{"floor":30,"key":"Omamori"}],"event_choices":[{"event_name":"Golden Idol","player_choice":"Take Wound","floor":5,"damage_taken":0},{"event_name":"Big Fish","player_choice":"Box","floor":12,"damage_taken":0},{"event_name":"Match and Keep!","player_choice":"0 cards matched","floor":24,"damage_taken":0}],"is_beta":false,"boss_relics":[{"not_picked":["Runic Pyramid","Sozu"],"picked":"Fusion Hammer"}],"items_purged_floors":[2,25,27],"is_endless":false,"potions_floor_spawned":[3,8,11,14,16,20,21],"killed_by":"Automaton","ascension_level":9}