{"gold_per_floor":[110,130,130,80,92,92,20,50,76,76,94,112,112,128,128,223,223,243,256,38,38],"floor_reached":21,"playtime":3152,"items_purged":["Body Slam+1"],"score":257,"play_id":"79a3d722-187e-4c00-8a2d-ca2bba5c73b7","local_time":"20180918234949","is_ascension_mode":true,"campfire_choices":[{"data":"1","floor":6,"key":"LIFT"},{"data":"2","floor":13,"key":"LIFT"},{"floor":15,"key":"REST"}],"neow_cost":"TEN_PERCENT_HP_LOSS","seed_source_timestamp":36487703471017,"circlet_count":0,"master_deck":["Strike_R","Strike_R","Strike_R","Defend_R","Defend_R","Bash","AscendersBane","Rupture","Whirlwind","Hemokinesis","Flex","Reaper","Pummel","Feed","Dual Wield+1","Searing Blow+1","Sword Boomerang","Rupture+1"],"relics":["Burning Blood","Girya","Tiny Chest","Potion Belt","Astrolabe","Vajra"],"potions_floor_usage":[16,16,19],"damage_taken":[{"damage":13,"enemies":"Jaw Worm","floor":1,"turns":4},{"damage":7,"enemies":"2 Louse","floor":2,"turns":3},{"damage":8,"enemies":"Small Slimes","floor":5,"turns":4},{"damage":28,"enemies":"Exordium Wildlife","floor":11,"turns":6},{"damage":14,"enemies":"Looter","floor":12,"turns":2},{"damage":13,"enemies":"Large Slime","floor":14,"turns":6},{"damage":49,"enemies":"Slime Boss","floor":16,"turns":9},{"damage":44,"enemies":"Chosen","floor":18,"turns":6},{"damage":24,"enemies":"2 Thieves","floor":19,"turns":4},{"damage":47,"enemies":"Shelled Parasite and Fungi","floor":21,"turns":3}],"seed_played":"-139386999140523725","potions_obtained":[{"floor":2,"key":"Block Potion"},{"floor":5,"key":"Weak Potion"},{"floor":11,"key":"Swift Potion"}],"is_trial":false,"path_per_floor":["M","M","?","?","M","R","$","?","T","?","M","M","R","M","R","B",null,"M","M","$"],"character_chosen":"IRONCLAD","items_purchased":["Hemokinesis","Vajra"],"campfire_rested":1,"item_purchase_floors":[7,20],"current_hp_per_floor":[65,64,69,69,67,67,67,55,55,55,33,25,25,30,53,34,66,47,41,41,0],"gold":38,"neow_bonus":"ONE_RARE_RELIC","is_prod":false,"is_daily":false,"chose_seed":false,"campfire_upgraded":0,"win_rate":0,"timestamp":1537339789,"path_taken":["M","M","?","?","?","R","$","?","T","?","M","?","R","M","R","BOSS","M","M","$","M"],"build_version":"2018-09-06","purchased_purges":1,"victory":false,"max_hp_per_floor":[72,72,77,77,77,77,77,77,77,77,77,77,77,77,77,77,77,80,80,80,83],"card_choices":[{"not_picked":["Shrug It Off","Disarm"],"picked":"Rupture","floor":1},{"not_picked":["Shrug It Off","Perfected Strike"],"picked":"Whirlwind","floor":2},{"not_picked":["Pommel Strike","Clothesline","Iron Wave"],"picked":"SKIP","floor":5},{"not_picked":["Havoc","Iron Wave"],"picked":"Flex","floor":11},{"not_picked":["Pommel Strike","Anger"],"picked":"Reaper","floor":12},{"not_picked":["Body Slam","Shrug It Off"],"picked":"Pummel","floor":14},{"not_picked":["Barricade","Dark Embrace"],"picked":"Feed","floor":16},{"not_picked":["Shrug It Off","Rage"],"picked":"Sword Boomerang","floor":18},{"not_picked":["Warcry","Sever Soul"],"picked":"Rupture+1","floor":19}],"player_experience":826230,"relics_obtained":[{"floor":9,"key":"Potion Belt"}],"event_choices":[{"event_name":"Big Fish","player_choice":"Donut","floor":3,"damage_taken":0},{"event_name":"The Cleric","player_choice":"Card Removal","floor":4,"damage_taken":0},{"event_name":"Scrap Ooze","player_choice":"success","floor":8,"damage_taken":12},{"event_name":"Liars Game","player_choice":"disagreed","floor":10,"damage_taken":0}],"is_beta":false,"boss_relics":[{"not_picked":["Runic Pyramid","Snecko Eye"],"picked":"Astrolabe"}],"items_purged_floors":[20],"is_endless":false,"potions_floor_spawned":[2,5,11],"killed_by":"Shelled Parasite and Fungi","ascension_level":10}