{"gold_per_floor":[109,128,60,60,60,60,91,117,117,42,42,55,71,71,71,171,171,186,168,179,195,209,209],"floor_reached":23,"playtime":1208,"items_purged":["Bash"],"score":218,"play_id":"df1626a4-3a5f-4695-898a-98b907f0082c","local_time":"20190816082637","is_ascension_mode":false,"campfire_choices":[{"data":"Uppercut","floor":6,"key":"SMITH"},{"data":"Seeing Red","floor":15,"key":"SMITH"}],"neow_cost":"NONE","seed_source_timestamp":40012731841100,"circlet_count":0,"master_deck":["Strike_R","Strike_R+1","Strike_R","Defend_R","Defend_R","Defend_R","Defend_R","Heavy Blade","Clothesline+1","Uppercut+1","Armaments","Seeing Red+1","Seeing Red+1","Juggernaut","Flex","Demon Form","Metallicize","Body Slam+1"],"relics":["Burning Blood","NeowsBlessing","Whetstone","Odd Mushroom","Bottled Flame","Velvet Choker"],"potions_floor_usage":[16,20,21],"damage_taken":[{"damage":0,"enemies":"Cultist","floor":1,"turns":1},{"damage":0,"enemies":"2 Louse","floor":2,"turns":1},{"damage":0,"enemies":"Lagavulin","floor":7,"turns":1},{"damage":31,"enemies":"The Mushroom Lair","floor":8,"turns":6},{"damage":3,"enemies":"Jaw Worm","floor":12,"turns":3},{"damage":3,"enemies":"2 Fungi Beasts","floor":13,"turns":4},{"damage":32,"enemies":"The Guardian","floor":16,"turns":19},{"damage":12,"enemies":"Shell Parasite","floor":18,"turns":7},{"damage":12,"enemies":"2 Thieves","floor":19,"turns":4},{"damage":48,"enemies":"Chosen and Byrds","floor":20,"turns":7},{"damage":21,"enemies":"Shelled Parasite and Fungi","floor":21,"turns":5},{"damage":22,"enemies":"Snake Plant","floor":22,"turns":5},{"damage":17,"enemies":"3 Cultists","floor":23,"turns":4}],"seed_played":"-4759390747514933473","potions_obtained":[{"floor":2,"key":"Ancient Potion"},{"floor":12,"key":"FearPotion"},{"floor":13,"key":"Block Potion"},{"floor":20,"key":"BloodPotion"},{"floor":22,"key":"Swift Potion"}],"is_trial":false,"path_per_floor":["M","M","$","?","$","R","E","?","T","$","?","M","M","?","R","B",null,"M","M","M","M","M","M"],"character_chosen":"IRONCLAD","items_purchased":["Uppercut"],"campfire_rested":0,"item_purchase_floors":[3],"current_hp_per_floor":[80,80,80,80,80,80,80,55,55,55,55,58,61,61,61,35,80,74,68,26,31,15,0],"gold":209,"neow_bonus":"THREE_ENEMY_KILL","is_prod":false,"is_daily":false,"chose_seed":false,"campfire_upgraded":2,"win_rate":0,"timestamp":1565915197,"path_taken":["M","?","$","?","$","R","E","?","T","?","?","?","M","?","R","BOSS","M","M","?","M","?","M"],"build_version":"2019-07-17","purchased_purges":1,"victory":false,"max_hp_per_floor":[80,80,80,80,80,80,80,80,80,80,80,80,80,80,80,80,80,80,80,80,80,80,80],"card_choices":[{"not_picked":["Flex","Iron Wave"],"picked":"Heavy Blade","floor":1},{"not_picked":["Armaments","Dual Wield"],"picked":"Clothesline","floor":2},{"not_picked":["Entrench","Cleave"],"picked":"Armaments","floor":7},{"not_picked":["Perfected Strike","Rage"],"picked":"Seeing Red","floor":8},{"not_picked":["Whirlwind","Burning Pact"],"picked":"Seeing Red","floor":12},{"not_picked":["Clash","Anger","Thunderclap"],"picked":"SKIP","floor":13},{"not_picked":["Bludgeon","Offering"],"picked":"Juggernaut","floor":16},{"not_picked":["Armaments","Hemokinesis"],"picked":"Flex","floor":18},{"not_picked":["Flex","Burning Pact"],"picked":"Demon Form","floor":19},{"not_picked":["Whirlwind","Pummel"],"picked":"Metallicize","floor":20},{"not_picked":["Heavy Blade","Sword Boomerang"],"picked":"Body Slam+1","floor":21},{"not_picked":["Infernal Blade+1","Flex","Cleave+1"],"picked":"SKIP","floor":22}],"player_experience":176832,"relics_obtained":[{"floor":7,"key":"Whetstone"},{"floor":8,"key":"Odd Mushroom"},{"floor":9,"key":"Bottled Flame"}],"event_choices":[{"cards_removed":["Strike_R"],"damage_healed":0,"gold_gain":0,"player_choice":"Forget","damage_taken":0,"max_hp_gain":0,"max_hp_loss":0,"event_name":"Living Wall","floor":4,"gold_loss":0},{"damage_healed":0,"gold_gain":0,"player_choice":"Fought Mushrooms","damage_taken":0,"max_hp_gain":0,"max_hp_loss":0,"event_name":"Mushrooms","floor":8,"gold_loss":0},{"damage_healed":0,"gold_gain":0,"player_choice":"Forge","damage_taken":0,"max_hp_gain":0,"max_hp_loss":0,"event_name":"Accursed Blacksmith","floor":11,"gold_loss":0,"cards_upgraded":["Seeing Red"]},{"cards_removed":["Strike_R"],"damage_healed":0,"gold_gain":0,"player_choice":"Card Removal","damage_taken":0,"max_hp_gain":0,"max_hp_loss":0,"event_name":"Wheel of Change","floor":14,"gold_loss":0}],"is_beta":false,"boss_relics":[{"not_picked":["Cursed Key","Fusion Hammer"],"picked":"Velvet Choker"}],"items_purged_floors":[10],"is_endless":false,"potions_floor_spawned":[2,12,13,20,22],"killed_by":"3 Cultists","ascension_level":0}