{"gold_per_floor":[117,117,42,42,117,158,158,172,199,239,239,263,288,273],"floor_reached":14,"playtime":983,"items_purged":["Normality"],"score":101,"play_id":"abd1efce-a83a-4120-a294-6a4161914865","local_time":"20190809170550","is_ascension_mode":true,"campfire_choices":[{"floor":7,"key":"REST"},{"data":"Fusion","floor":11,"key":"SMITH"}],"neow_cost":"CURSE","seed_source_timestamp":931433473825000,"circlet_count":0,"master_deck":["Strike_B","Strike_B","Defend_B","Defend_B","Defend_B","Defend_B","Zap","Dualcast","Echo Form","Capacitor","Steam Power","Fusion+1","Coolheaded","Chill","Coolheaded","White Noise"],"relics":["Cracked Core","Golden Idol","Strawberry","Bag of Preparation","Shuriken","Odd Mushroom"],"potions_floor_usage":[6,10],"damage_taken":[{"damage":6,"enemies":"Jaw Worm","floor":1,"turns":5},{"damage":38,"enemies":"Gremlin Nob","floor":6,"turns":5},{"damage":9,"enemies":"Small Slimes","floor":8,"turns":5},{"damage":12,"enemies":"Lagavulin","floor":10,"turns":9},{"damage":0,"enemies":"2 Louse","floor":12,"turns":3},{"damage":16,"enemies":"The Mushroom Lair","floor":13,"turns":7},{"damage":3,"enemies":"Looter","floor":14,"turns":1}],"seed_played":"5016023157874675649","potions_obtained":[{"floor":6,"key":"Fruit Juice"},{"floor":8,"key":"PowerPotion"},{"floor":12,"key":"SteroidPotion"},{"floor":13,"key":"FearPotion"}],"is_trial":false,"path_per_floor":["M","?","$","?","?","E","R","M","T","E","R","M","?","M"],"character_chosen":"DEFECT","items_purchased":[],"campfire_rested":1,"item_purchase_floors":[],"current_hp_per_floor":[69,51,51,51,40,14,40,31,31,19,19,19,3,0],"gold":273,"neow_bonus":"TRANSFORM_TWO_CARDS","is_prod":false,"is_daily":false,"chose_seed":false,"campfire_upgraded":1,"win_rate":0,"timestamp":1565363150,"path_taken":["M","?","$","?","?","E","R","M","T","E","R","?","?","M"],"build_version":"2019-07-18","purchased_purges":1,"victory":false,"max_hp_per_floor":[75,75,75,75,75,87,87,87,87,87,87,87,87,87],"card_choices":[{"not_picked":["Sunder","Scrape"],"picked":"Steam Power","floor":1},{"not_picked":["Gash","Rip and Tear"],"picked":"Fusion","floor":6},{"not_picked":["Aggregate","Stack"],"picked":"Coolheaded","floor":8},{"not_picked":["Leap","Aggregate"],"picked":"Chill","floor":10},{"not_picked":["Skim","Gash"],"picked":"Coolheaded","floor":12},{"not_picked":["Coolheaded","Rebound"],"picked":"White Noise","floor":13}],"player_experience":522025,"relics_obtained":[{"floor":6,"key":"Strawberry"},{"floor":9,"key":"Bag of Preparation"},{"floor":10,"key":"Shuriken"},{"floor":13,"key":"Odd Mushroom"}],"event_choices":[{"damage_healed":0,"gold_gain":0,"player_choice":"Take Damage","damage_taken":18,"relics_obtained":["Golden Idol"],"max_hp_gain":0,"max_hp_loss":0,"event_name":"Golden Idol","floor":2,"gold_loss":0},{"damage_healed":0,"gold_gain":0,"player_choice":"Ignored","damage_taken":0,"max_hp_gain":0,"max_hp_loss":0,"event_name":"Liars Game","floor":4,"gold_loss":0},{"damage_healed":0,"gold_gain":75,"player_choice":"Gather Gold","damage_taken":11,"max_hp_gain":0,"max_hp_loss":0,"event_name":"World of Goop","floor":5,"gold_loss":0},{"damage_healed":0,"gold_gain":0,"player_choice":"Fought Mushrooms","damage_taken":0,"max_hp_gain":0,"max_hp_loss":0,"event_name":"Mushrooms","floor":13,"gold_loss":0}],"is_beta":true,"boss_relics":[],"items_purged_floors":[3],"is_endless":false,"potions_floor_spawned":[6,8,12,13],"killed_by":"Looter","ascension_level":1}