{"gold_per_floor":[118,118,118,29,41,41,68,84,84,113,113,176,186,197,197,268,268,285,285,296,5,19,19,19],"floor_reached":24,"playtime":2116,"items_purged":["Pain"],"score":482,"play_id":"99ee0d90-1c61-4841-8baf-97a37a2a5b68","local_time":"20190815233152","is_ascension_mode":true,"campfire_choices":[{"data":"Skewer","floor":6.0,"key":"SMITH"},{"data":"Wraith Form v2","floor":15.0,"key":"SMITH"},{"floor":23,"key":"REST"}],"neow_cost":"NONE","seed_source_timestamp":1469824769671874,"circlet_count":0,"master_deck":["AscendersBane","Strike_G","Strike_G","Strike_G","Strike_G","Defend_G","Defend_G","Defend_G","Defend_G","Defend_G","Survivor","Neutralize+1","Quick Slash+1","Skewer+1","Dagger Spray","Envenom","Backflip","Wraith Form v2+1","Well Laid Plans","Sucker Punch","Bullet Time","Blade Dance+1","Dodge and Roll+1","Wraith Form v2+1","Backflip"],"special_seed":0,"relics":["Ring of the Snake","NeowsBlessing","Dodecahedron","Darkstone Periapt","Paper Crane","Tiny Chest","Black Star","WarpedTongs","DollysMirror"],"potions_floor_usage":[16,16],"damage_taken":[{"damage":0.0,"enemies":"Small Slimes","floor":1.0,"turns":1.0},{"damage":0.0,"enemies":"Cultist","floor":5.0,"turns":1.0},{"damage":0.0,"enemies":"Lagavulin","floor":7.0,"turns":1.0},{"damage":0.0,"enemies":"2 Louse","floor":8.0,"turns":2.0},{"damage":24.0,"enemies":"3 Sentries","floor":10.0,"turns":7.0},{"damage":26.0,"enemies":"Gremlin Nob","floor":12.0,"turns":5.0},{"damage":4.0,"enemies":"Exordium Thugs","floor":13.0,"turns":4.0},{"damage":0.0,"enemies":"Looter","floor":14.0,"turns":3.0},{"damage":8,"enemies":"The Guardian","floor":16,"turns":13},{"damage":3,"enemies":"Chosen","floor":18,"turns":7},{"damage":17,"enemies":"Shell Parasite","floor":20,"turns":7},{"damage":16,"enemies":"Shelled Parasite and Fungi","floor":22,"turns":8},{"damage":53,"enemies":"Gremlin Leader","floor":24,"turns":8}],"seed_played":"1027946392803153758","potions_obtained":[{"floor":1.0,"key":"Regen Potion"},{"floor":5.0,"key":"Strength Potion"},{"floor":13.0,"key":"FearPotion"},{"floor":14.0,"key":"PowerPotion"}],"is_trial":false,"path_per_floor":["M","?","?","$","M","R","E","M","T","E","?","E","M","M","R","B",null,"M","?","M","$","M","R","E"],"character_chosen":"THE_SILENT","items_purchased":["Skewer","DollysMirror"],"campfire_rested":1,"item_purchase_floors":[4,21],"current_hp_per_floor":[59,59,59,59,59,59,59,59,59,50,50,24,20,20,20,12,53,50,56,39,39,23,44,0],"gold":19,"neow_bonus":"THREE_ENEMY_KILL","is_prod":false,"is_daily":false,"chose_seed":false,"campfire_upgraded":2,"win_rate":0,"timestamp":1565926312,"path_taken":["M","?","?","$","M","R","E","?","T","E","?","E","M","?","R","BOSS","M","?","M","?","M","R","E"],"build_version":"2019-07-17","purchased_purges":1,"victory":false,"max_hp_per_floor":[66,66,66,66,66,66,66,66,66,66,66,66,66,66,66,66,66,66,72,72,72,72,72,72],"card_choices":[{"not_picked":["Catalyst","Outmaneuver"],"picked":"Quick Slash","floor":1.0},{"not_picked":["Escape Plan","Underhanded Strike"],"picked":"Dagger Spray","floor":5.0},{"not_picked":["Burst","Outmaneuver"],"picked":"Envenom","floor":7.0},{"not_picked":["Distraction","Catalyst"],"picked":"Backflip","floor":8.0},{"not_picked":["Prepared","Setup"],"picked":"Wraith Form v2","floor":10.0},{"not_picked":["Blade Dance","Leg Sweep"],"picked":"Well Laid Plans","floor":12.0},{"not_picked":["Quick Slash","Prepared"],"picked":"Sucker Punch","floor":13.0},{"not_picked":["Acrobatics","Concentrate","Prepared"],"picked":"SKIP","floor":14.0},{"not_picked":["Doppelganger","Phantasmal Killer"],"picked":"Bullet Time","floor":16},{"not_picked":["Calculated Gamble+1","Quick Slash"],"picked":"Blade Dance+1","floor":18},{"not_picked":["Blade Dance","Riddle With Holes"],"picked":"Dodge and Roll+1","floor":20},{"not_picked":["Blade Dance","Deadly Poison"],"picked":"Backflip","floor":22}],"player_experience":555577,"relics_obtained":[{"floor":7.0,"key":"Dodecahedron"},{"floor":9.0,"key":"Darkstone Periapt"},{"floor":10.0,"key":"Paper Crane"},{"floor":12.0,"key":"Tiny Chest"}],"event_choices":[{"damage_healed":0.0,"max_hp_gain":0.0,"max_hp_loss":0.0,"gold_gain":0.0,"event_name":"Living Wall","player_choice":"Grow","floor":2.0,"gold_loss":0.0,"damage_taken":0.0,"cards_upgraded":["Neutralize"]},{"damage_healed":0.0,"max_hp_gain":0.0,"max_hp_loss":0.0,"gold_gain":0.0,"event_name":"Upgrade Shrine","player_choice":"Upgraded","floor":3.0,"gold_loss":0.0,"damage_taken":0.0,"cards_upgraded":["Quick Slash"]},{"cards_removed":["Strike_G"],"damage_healed":0.0,"max_hp_gain":0.0,"max_hp_loss":0.0,"gold_gain":0.0,"event_name":"Purifier","player_choice":"Purged","floor":11.0,"gold_loss":0.0,"damage_taken":0.0},{"damage_healed":0,"gold_gain":0,"player_choice":"Rummage","damage_taken":0,"relics_obtained":["WarpedTongs"],"max_hp_gain":0,"max_hp_loss":0,"event_name":"Accursed Blacksmith","floor":19,"gold_loss":0,"cards_obtained":["Pain"]}],"is_beta":false,"boss_relics":[{"not_picked":["Tiny House","Velvet Choker"],"picked":"Black Star"}],"items_purged_floors":[21],"is_endless":false,"potions_floor_spawned":[1,5,13,14],"killed_by":"Gremlin Leader","ascension_level":20}