{"gold_per_floor":[113,113,113,113,113,145,162,162,187,207,207,227,256,120,120,215,215,227,227,214,230,230,230,262,262,262,279,279],"floor_reached":28,"playtime":1549,"items_purged":["Strike_B"],"score":244,"play_id":"51ad5e96-eff8-4fa8-b79e-f03ec2708128","local_time":"20190815144622","is_ascension_mode":false,"campfire_choices":[{"data":"Coolheaded","floor":8,"key":"SMITH"},{"floor":11,"key":"REST"},{"floor":15,"key":"REST"},{"floor":23,"key":"DIG"},{"floor":25,"key":"REST"}],"neow_cost":"NONE","seed_source_timestamp":62988019044100,"circlet_count":0,"master_deck":["Defend_B","Defend_B","Defend_B","Defend_B","Zap+1","Dualcast","Ball Lightning","Thunder Strike","Coolheaded+1","Darkness","Cold Snap","Hologram","Defragment","Gash","Buffer","Loop+1","Strike_G","Steam Power+1","Chill","Chill+1"],"relics":["Cracked Core","Pen Nib","Smiling Mask","Odd Mushroom","Shovel","Black Star","Bag of Marbles","Pantograph","Strawberry","Potion Belt"],"potions_floor_usage":[20,24,24],"damage_taken":[{"damage":5,"enemies":"Small Slimes","floor":1,"turns":3},{"damage":30,"enemies":"Gremlin Nob","floor":6,"turns":4},{"damage":2,"enemies":"2 Louse","floor":7,"turns":2},{"damage":21,"enemies":"The Mushroom Lair","floor":10,"turns":4},{"damage":0,"enemies":"Cultist","floor":12,"turns":2},{"damage":12,"enemies":"Lagavulin","floor":13,"turns":6},{"damage":32,"enemies":"Slime Boss","floor":16,"turns":9},{"damage":2,"enemies":"Spheric Guardian","floor":18,"turns":3},{"damage":21,"enemies":"2 Thieves","floor":20,"turns":4},{"damage":12,"enemies":"Snecko","floor":21,"turns":5},{"damage":52,"enemies":"Book of Stabbing","floor":24,"turns":8},{"damage":22,"enemies":"Snake Plant","floor":27,"turns":8},{"damage":19,"enemies":"3 Cultists","floor":28,"turns":4}],"seed_played":"-7681607841084234535","potions_obtained":[{"floor":6,"key":"Regen Potion"},{"floor":10,"key":"GamblersBrew"},{"floor":16,"key":"SteroidPotion"},{"floor":18,"key":"PowerPotion"},{"floor":21,"key":"SkillPotion"},{"floor":24,"key":"Fire Potion"}],"is_trial":false,"path_per_floor":["M","?","?","?","?","E","M","R","T","?","R","M","E","$","R","B",null,"M","?","M","M","?","R","E","R","T","M","M"],"character_chosen":"DEFECT","items_purchased":["Defragment","Gash"],"campfire_rested":3,"item_purchase_floors":[14,14],"current_hp_per_floor":[70,75,75,75,75,45,43,43,43,22,46,46,34,34,58,26,80,78,78,57,45,45,45,15,41,41,19,0],"gold":279,"neow_bonus":"UPGRADE_CARD","is_prod":false,"is_daily":false,"chose_seed":false,"campfire_upgraded":1,"win_rate":0.0,"timestamp":1565851582,"path_taken":["M","?","?","?","?","E","?","R","T","?","R","M","E","$","R","BOSS","M","?","?","M","?","R","E","R","T","M","M"],"build_version":"2019-07-17","purchased_purges":1,"victory":false,"max_hp_per_floor":[75,80,80,80,80,80,80,80,80,80,80,80,80,80,80,80,80,80,80,80,80,80,80,87,87,87,87,87],"card_choices":[{"not_picked":["Cold Snap","Streamline"],"picked":"Ball Lightning","floor":1},{"not_picked":["Redo","Compile Driver"],"picked":"Thunder Strike","floor":6},{"not_picked":["Barrage","Rebound"],"picked":"Coolheaded","floor":7},{"not_picked":["Conserve Battery","Glacier"],"picked":"Darkness","floor":10},{"not_picked":["Chill","Consume"],"picked":"Cold Snap","floor":12},{"not_picked":["Streamline","Rebound"],"picked":"Hologram","floor":13},{"not_picked":["Machine Learning","Core Surge"],"picked":"Buffer","floor":16},{"not_picked":["Beam Cell","Genetic Algorithm"],"picked":"Loop+1","floor":18},{"not_picked":["Leap","Genetic Algorithm"],"picked":"Steam Power+1","floor":20},{"not_picked":["Ball Lightning","Barrage","Tempest"],"picked":"SKIP","floor":21},{"not_picked":["Ball Lightning","Redo+1"],"picked":"Chill","floor":24},{"not_picked":["Scrape","Chaos"],"picked":"Chill+1","floor":27}],"player_experience":158622,"relics_obtained":[{"floor":6,"key":"Pen Nib"},{"floor":9,"key":"Smiling Mask"},{"floor":10,"key":"Odd Mushroom"},{"floor":13,"key":"Shovel"},{"floor":23,"key":"Bag of Marbles"},{"floor":24,"key":"Pantograph"},{"floor":24,"key":"Strawberry"},{"floor":26,"key":"Potion Belt"}],"event_choices":[{"damage_healed":0,"gold_gain":0,"player_choice":"Donut","damage_taken":0,"max_hp_gain":5,"max_hp_loss":0,"event_name":"Big Fish","floor":2,"gold_loss":0},{"cards_removed":["Strike_B"],"damage_healed":0,"gold_gain":0,"player_choice":"Forget","damage_taken":0,"max_hp_gain":0,"max_hp_loss":0,"event_name":"Living Wall","floor":3,"gold_loss":0},{"damage_healed":0,"gold_gain":0,"player_choice":"Ignored","damage_taken":0,"max_hp_gain":0,"max_hp_loss":0,"event_name":"Liars Game","floor":4,"gold_loss":0},{"cards_removed":["Strike_B"],"damage_healed":0,"gold_gain":0,"player_choice":"Purged","damage_taken":0,"max_hp_gain":0,"max_hp_loss":0,"event_name":"Purifier","floor":5,"gold_loss":0},{"damage_healed":0,"gold_gain":0,"player_choice":"Fought Mushrooms","damage_taken":0,"max_hp_gain":0,"max_hp_loss":0,"event_name":"Mushrooms","floor":10,"gold_loss":0},{"cards_removed":["Strike_B"],"damage_healed":0,"gold_gain":0,"player_choice":"Took Card","damage_taken":0,"max_hp_gain":0,"max_hp_loss":0,"event_name":"NoteForYourself","floor":19,"gold_loss":0,"cards_obtained":["Strike_G"]},{"damage_healed":0,"gold_gain":0,"player_choice":"Ignored","damage_taken":0,"max_hp_gain":0,"max_hp_loss":0,"event_name":"Ghosts","floor":22,"gold_loss":0}],"is_beta":false,"boss_relics":[{"not_picked":["Empty Cage","Philosopher\u0027s Stone"],"picked":"Black Star"}],"items_purged_floors":[14],"is_endless":false,"potions_floor_spawned":[6,10,16,18,21,24],"killed_by":"3 Cultists","ascension_level":0}