{"gold_per_floor":[115,133,150,167,183,183,183,194,194,194,119,194,194,210,210,308],"floor_reached":16,"playtime":510,"items_purged":["Defend_B"],"score":194,"play_id":"d53f3555-7281-4006-9e4e-79ae80dd9995","local_time":"20181018172622","is_ascension_mode":false,"campfire_choices":[{"data":"Beam Cell","floor":6,"key":"SMITH"},{"data":"Streamline","floor":15,"key":"SMITH"}],"neow_cost":"","seed_source_timestamp":2050693135264627,"circlet_count":0,"master_deck":["Strike_B","Strike_B","Strike_B","Strike_B","Defend_B","Defend_B","Zap","Dualcast","Beam Cell+1","Streamline+1","Doom and Gloom","Scrape"],"relics":["Cracked Core","Vajra"],"potions_floor_usage":[],"damage_taken":[{"damage":0,"enemies":"2 Louse","floor":1,"turns":2},{"damage":1,"enemies":"Jaw Worm","floor":2,"turns":3},{"damage":0,"enemies":"Small Slimes","floor":3,"turns":2},{"damage":9,"enemies":"2 Fungi Beasts","floor":4,"turns":2},{"damage":0,"enemies":"Large Slime","floor":5,"turns":3},{"damage":11,"enemies":"Exordium Wildlife","floor":8,"turns":3},{"damage":7,"enemies":"3 Louse","floor":14,"turns":2},{"damage":0,"enemies":"Slime Boss","floor":16,"turns":5}],"seed_played":"-7386508856365422819","potions_obtained":[{"floor":3,"key":"SpeedPotion"},{"floor":4,"key":"Dexterity Potion"},{"floor":5,"key":"Explosive Potion"}],"is_trial":false,"path_per_floor":["M","M","M","M","M","R","?","M","T","?","$","?","?","M","R"],"character_chosen":"DEFECT","items_purchased":[],"campfire_rested":0,"item_purchase_floors":[],"current_hp_per_floor":[75,74,74,65,65,65,65,54,54,59,59,48,48,41,41,41],"gold":308,"neow_bonus":"","is_prod":false,"is_daily":false,"chose_seed":false,"campfire_upgraded":2,"win_rate":0,"timestamp":1539908782,"path_taken":["M","M","M","M","M","R","?","M","T","?","$","?","?","M","R","BOSS"],"build_version":"2018-10-11","purchased_purges":1,"victory":false,"max_hp_per_floor":[75,75,75,75,75,75,75,75,75,80,80,80,80,80,80,80],"card_choices":[{"not_picked":["Steam","Leap","Turbo"],"picked":"SKIP","floor":1},{"not_picked":["Recycle","Compile Driver"],"picked":"Beam Cell","floor":2},{"not_picked":["Rebound","Redo"],"picked":"Streamline","floor":3},{"not_picked":["Skim","Barrage","Double Energy"],"picked":"SKIP","floor":4},{"not_picked":["Fusion","Go for the Eyes","Redo"],"picked":"SKIP","floor":5},{"not_picked":["BootSequence","Steam"],"picked":"Doom and Gloom","floor":8},{"not_picked":["Hologram","Gash"],"picked":"Scrape","floor":14}],"player_experience":894177,"relics_obtained":[{"floor":9,"key":"Vajra"}],"event_choices":[{"event_name":"Living Wall","player_choice":"Forget","floor":7,"damage_taken":0},{"event_name":"Big Fish","player_choice":"Donut","floor":10,"damage_taken":0},{"event_name":"World of Goop","player_choice":"Gather Gold","floor":12,"damage_taken":0},{"event_name":"Liars Game","player_choice":"disagreed","floor":13,"damage_taken":0}],"is_beta":false,"boss_relics":[],"items_purged_floors":[11],"is_endless":false,"potions_floor_spawned":[3,4,5,16],"killed_by":"Slime Boss","ascension_level":0}