{"gold_per_floor":[118,118,118,128,128,128,145,145,218,218,67,97,122,138,138,236,236,253,253,132,132,120,120,120],"floor_reached":24,"playtime":909,"items_purged":["Pain"],"score":192,"play_id":"9dced0af-d6d3-48f9-bacb-955fb938d15f","local_time":"20190815233115","is_ascension_mode":false,"campfire_choices":[{"data":"Zap","floor":6,"key":"SMITH"},{"data":"Beam Cell","floor":8,"key":"SMITH"},{"floor":10,"key":"RECALL"},{"data":"Echo Form","floor":15,"key":"SMITH"},{"data":"Defragment","floor":23,"key":"SMITH"}],"neow_cost":"NONE","seed_source_timestamp":2731291138600,"circlet_count":0,"master_deck":["Strike_B","Strike_B+1","Strike_B+1","Defend_B","Defend_B","Defend_B","Defend_B","Zap+1","Dualcast","Cold Snap","Beam Cell+1","Go for the Eyes","Glacier","Defragment+1","Echo Form+1","Self Repair","Amplify","Shame","Shame","Defragment+1","J.A.X.","Ball Lightning","Writhe","Gash+1"],"relics":["Cracked Core","NeowsBlessing","Matryoshka","Tiny Chest","Girya","Bird Faced Urn","Calling Bell","Pantograph","FossilizedHelix","Dream Catcher","Shuriken"],"potions_floor_usage":[18,22],"damage_taken":[{"damage":0,"enemies":"Jaw Worm","floor":1,"turns":1},{"damage":0,"enemies":"Small Slimes","floor":4,"turns":1},{"damage":0,"enemies":"2 Louse","floor":7,"turns":1},{"damage":3,"enemies":"Gremlin Nob","floor":13,"turns":4},{"damage":11,"enemies":"Blue Slaver","floor":14,"turns":3},{"damage":9,"enemies":"Slime Boss","floor":16,"turns":13},{"damage":13,"enemies":"Shell Parasite","floor":18,"turns":13},{"damage":30,"enemies":"2 Thieves","floor":22,"turns":4},{"damage":66,"enemies":"Book of Stabbing","floor":24,"turns":6}],"seed_played":"-5272046604938173628","potions_obtained":[{"floor":13,"key":"GamblersBrew"},{"floor":16,"key":"LiquidBronze"},{"floor":18,"key":"EssenceOfSteel"}],"is_trial":false,"path_per_floor":["M","?","?","M","?","R","M","R","T","R","$","T","E","M","R","B",null,"M","?","$","?","M","R","E"],"character_chosen":"DEFECT","items_purchased":["Glacier","Defragment","Ball Lightning"],"campfire_rested":0,"item_purchase_floors":[11,11,20],"current_hp_per_floor":[75,75,68,68,53,53,53,53,53,53,53,53,50,43,43,49,75,71,71,71,71,54,54,0],"gold":120,"neow_bonus":"THREE_ENEMY_KILL","is_prod":false,"is_daily":false,"chose_seed":false,"campfire_upgraded":4,"win_rate":0,"timestamp":1565883075,"path_taken":["M","?","?","M","?","R","M","R","T","R","$","?","E","M","R","BOSS","M","?","$","?","M","R","E"],"build_version":"2019-07-17","purchased_purges":1,"victory":false,"max_hp_per_floor":[75,75,75,75,75,75,75,75,75,75,75,75,75,75,75,75,75,75,75,75,75,75,75,75],"card_choices":[{"not_picked":["Rebound","Coolheaded"],"picked":"Cold Snap","floor":1},{"not_picked":["Leap","Reprogram"],"picked":"Beam Cell","floor":4},{"not_picked":["BootSequence","Rebound"],"picked":"Go for the Eyes","floor":7},{"not_picked":["Redo","Capacitor"],"picked":"Echo Form","floor":13},{"not_picked":["Stack","Coolheaded"],"picked":"Self Repair","floor":14},{"not_picked":["Biased Cognition","Multi-Cast"],"picked":"Amplify","floor":16},{"not_picked":["Redo","Turbo"],"picked":"Defragment+1","floor":18},{"not_picked":["Reinforced Body+1","Ball Lightning+1"],"picked":"Gash+1","floor":22}],"player_experience":175923,"relics_obtained":[{"floor":9,"key":"Matryoshka"},{"floor":12,"key":"Tiny Chest"},{"floor":12,"key":"Girya"},{"floor":13,"key":"Bird Faced Urn"},{"floor":17,"key":"Pantograph"},{"floor":17,"key":"FossilizedHelix"},{"floor":17,"key":"Dream Catcher"}],"event_choices":[{"damage_healed":0,"gold_gain":0,"player_choice":"Ignored","damage_taken":0,"max_hp_gain":0,"max_hp_loss":0,"event_name":"Liars Game","floor":2,"gold_loss":0},{"cards_removed":["Strike_B"],"damage_healed":0,"gold_gain":0,"player_choice":"Card Removal","damage_taken":7,"max_hp_gain":0,"max_hp_loss":0,"event_name":"Golden Wing","floor":3,"gold_loss":0},{"damage_healed":0,"gold_gain":0,"player_choice":"Entered Light","damage_taken":15,"max_hp_gain":0,"max_hp_loss":0,"event_name":"Shining Light","floor":5,"gold_loss":0,"cards_upgraded":["Strike_B","Strike_B"]},{"damage_healed":0,"gold_gain":0,"player_choice":"Obtain J.A.X.","damage_taken":0,"max_hp_gain":0,"max_hp_loss":0,"event_name":"Drug Dealer","floor":19,"gold_loss":0,"cards_obtained":["J.A.X."]},{"damage_healed":0,"gold_gain":0,"player_choice":"Opened","damage_taken":0,"relics_obtained":["Shuriken"],"max_hp_gain":0,"max_hp_loss":0,"event_name":"The Mausoleum","floor":21,"gold_loss":0,"cards_obtained":["Writhe"]}],"is_beta":false,"boss_relics":[{"not_picked":["Runic Pyramid","Sozu"],"picked":"Calling Bell"}],"items_purged_floors":[20],"is_endless":false,"potions_floor_spawned":[13,16,18],"killed_by":"Book of Stabbing","ascension_level":0}