{"gold_per_floor":[114,129,79,79,91,91,149,149,149,160,208,208,234,249,249,352,352,368,380,380,391,405,432,97,131,131,141,141],"floor_reached":28,"playtime":5590,"items_purged":["Strike_R"],"score":336,"play_id":"945d887f-0c9e-4116-ab1c-4a39e176529f","local_time":"20190301135808","is_ascension_mode":true,"campfire_choices":[{"data":"Madness","floor":6.0,"key":"SMITH"},{"data":"Shrug It Off","floor":8.0,"key":"SMITH"},{"data":"Bash","floor":12.0,"key":"SMITH"},{"data":"Defend_R","floor":15.0,"key":"SMITH"},{"data":"Inflame","floor":28,"key":"SMITH"}],"neow_cost":"NONE","seed_source_timestamp":0,"circlet_count":0,"master_deck":["Strike_R","Strike_R","Strike_R","Defend_R+1","Defend_R","Defend_R","Defend_R","Bash+1","Madness+1","Clothesline","Shrug It Off+1","Battle Trance","Inflame+1","Metallicize","Feed","Bludgeon","True Grit+1","Pommel Strike+1","Combust","Shockwave+1","Demon Form"],"special_seed":0,"relics":["Burning Blood","Tiny Chest","Shuriken","Strawberry","Self Forming Clay","Coffee Dripper","Toxic Egg 2","OrangePellets","Ancient Tea Set","Champion Belt"],"potions_floor_usage":[22],"damage_taken":[{"damage":1.0,"enemies":"Cultist","floor":1.0,"turns":3.0},{"damage":4.0,"enemies":"Small Slimes","floor":2.0,"turns":3.0},{"damage":0.0,"enemies":"2 Louse","floor":5.0,"turns":3.0},{"damage":36.0,"enemies":"Gremlin Nob","floor":7.0,"turns":6.0},{"damage":12.0,"enemies":"Lots of Slimes","floor":10.0,"turns":6.0},{"damage":27.0,"enemies":"3 Sentries","floor":13.0,"turns":11.0},{"damage":5.0,"enemies":"3 Louse","floor":14.0,"turns":5.0},{"damage":18.0,"enemies":"Hexaghost","floor":16.0,"turns":11.0},{"damage":19.0,"enemies":"3 Byrds","floor":18.0,"turns":6.0},{"damage":0.0,"enemies":"Chosen","floor":19.0,"turns":6.0},{"damage":4,"enemies":"Snake Plant","floor":21,"turns":3},{"damage":19,"enemies":"Centurion and Healer","floor":22,"turns":7},{"damage":41,"enemies":"Slavers","floor":23,"turns":9},{"damage":22,"enemies":"Book of Stabbing","floor":25,"turns":6},{"damage":19,"enemies":"Chosen and Byrds","floor":27,"turns":5}],"seed_played":"-4626758282507973835","potions_obtained":[{"floor":2.0,"key":"PowerPotion"},{"floor":5.0,"key":"Block Potion"},{"floor":16.0,"key":"Dexterity Potion"},{"floor":19.0,"key":"PowerPotion"},{"floor":27,"key":"Swift Potion"}],"is_trial":false,"path_per_floor":["M","M","?","?","M","R","E","R","T","M","T","R","E","M","R","B",null,"M","M","?","M","M","E","$","E","T","M","R"],"character_chosen":"IRONCLAD","items_purchased":["OrangePellets","Shockwave+1"],"campfire_rested":0,"item_purchase_floors":[24,24],"current_hp_per_floor":[80,80,80,85,85,85,55,55,55,49,56,56,35,36,36,27,95,82,88,95,95,82,47,47,31,31,21,21],"gold":141,"neow_bonus":"RANDOM_COLORLESS","is_prod":false,"is_daily":false,"chose_seed":false,"campfire_upgraded":5,"win_rate":0,"timestamp":1551445088,"path_taken":["M","M","?","?","M","R","E","R","T","M","?","R","E","?","R","BOSS","M","M","?","?","M","E","$","E","T","M","R"],"build_version":"2019-02-06","purchased_purges":1,"victory":false,"max_hp_per_floor":[80,80,80,85,85,85,85,85,85,85,92,92,92,92,92,95,95,95,95,95,95,95,95,95,95,95,98,98],"card_choices":[{"not_picked":["Clash","Twin Strike"],"picked":"Clothesline","floor":1.0},{"not_picked":["Perfected Strike","Headbutt"],"picked":"Shrug It Off","floor":2.0},{"not_picked":["Iron Wave","Warcry"],"picked":"Battle Trance","floor":5.0},{"not_picked":["Intimidate","Iron Wave"],"picked":"Inflame","floor":7.0},{"not_picked":["Combust","Battle Trance","Sever Soul"],"picked":"SKIP","floor":10.0},{"not_picked":["Infernal Blade","Dual Wield"],"picked":"Metallicize","floor":13.0},{"not_picked":["Cleave","Anger"],"picked":"Feed","floor":14.0},{"not_picked":["Immolate","Limit Break"],"picked":"Bludgeon","floor":16.0},{"not_picked":["Perfected Strike","Flex"],"picked":"True Grit+1","floor":18.0},{"not_picked":["Fire Breathing","Wild Strike+1"],"picked":"Pommel Strike+1","floor":19.0},{"not_picked":["Wild Strike","Flex","Evolve+1"],"picked":"SKIP","floor":21},{"not_picked":["Rupture","Second Wind","Anger"],"picked":"SKIP","floor":22},{"not_picked":["Clash","Twin Strike"],"picked":"Combust","floor":23},{"not_picked":["Evolve","Rupture"],"picked":"Demon Form","floor":25},{"not_picked":["Anger","Pommel Strike","Evolve+1"],"picked":"SKIP","floor":27}],"player_experience":180440,"relics_obtained":[{"floor":7.0,"key":"Tiny Chest"},{"floor":9.0,"key":"Shuriken"},{"floor":11.0,"key":"Strawberry"},{"floor":13.0,"key":"Self Forming Clay"},{"floor":23,"key":"Toxic Egg 2"},{"floor":25,"key":"Ancient Tea Set"},{"floor":26,"key":"Champion Belt"}],"event_choices":[{"cards_removed":["Strike_R"],"damage_healed":0.0,"max_hp_gain":0.0,"max_hp_loss":0.0,"gold_gain":0.0,"event_name":"The Cleric","player_choice":"Card Removal","floor":3.0,"gold_loss":50.0,"damage_taken":0.0},{"damage_healed":0.0,"max_hp_gain":5.0,"max_hp_loss":0.0,"gold_gain":0.0,"event_name":"Big Fish","player_choice":"Donut","floor":4.0,"gold_loss":0.0,"damage_taken":0.0},{"damage_healed":7,"gold_gain":0,"player_choice":"Full Heal","damage_taken":0,"max_hp_gain":0,"max_hp_loss":0,"event_name":"Wheel of Change","floor":20,"gold_loss":0}],"is_beta":true,"boss_relics":[{"not_picked":["Runic Pyramid","Orrery"],"picked":"Coffee Dripper"}],"items_purged_floors":[24],"is_endless":false,"potions_floor_spawned":[2,5,16,19,27],"ascension_level":3}