{"gold_per_floor":[116,116,116,128,78,103,103,121,121,46,65,98,109,109,109,208,258,270,289,388,388,60,90,90,90,90,101,115,135,35,68,68,173,173,188,206,221,240,294,294,308,340,340,371,371,389,416,75,75,75],"floor_reached":51,"playtime":2659,"items_purged":["Strike_G","Strike_G+1","Strike_G+1"],"score":1038,"play_id":"6b632f83-a201-4406-87e9-a486fe458672","local_time":"20190816214810","is_ascension_mode":true,"campfire_choices":[{"data":"Catalyst","floor":7,"key":"SMITH"},{"data":"Backstab","floor":15,"key":"SMITH"},{"data":"Catalyst","floor":24,"key":"SMITH"},{"data":"Neutralize","floor":32,"key":"SMITH"},{"data":"Survivor","floor":40,"key":"SMITH"},{"floor":49,"key":"REST"}],"neow_cost":"NONE","seed_source_timestamp":107305865220600,"circlet_count":0,"master_deck":["Defend_G+1","Defend_G+1","Defend_G+1","Defend_G+1","Defend_G+1","Survivor+1","Neutralize+1","Crippling Poison+1","Catalyst+1","Catalyst+1","Burst+1","Backstab+1","Adrenaline+1","Deadly Poison+1","Blur+1","Catalyst+1","Deadly Poison+1","Footwork+1","Corpse Explosion+1","Parasite","Master of Strategy+1"],"relics":["Ring of the Snake","NeowsBlessing","Meat on the Bone","Bottled Lightning","Toxic Egg 2","Tiny House","TwistedFunnel","Darkstone Periapt","Blue Candle","Ornamental Fan","Black Star","Calipers","Bronze Scales","Snake Skull","The Courier","Oddly Smooth Stone","Pen Nib","Mercury Hourglass","Unceasing Top","PreservedInsect","Anchor"],"potions_floor_usage":[12,12,13,33,39,42,50,50,50],"damage_taken":[{"damage":0,"enemies":"Cultist","floor":1,"turns":1},{"damage":0,"enemies":"Small Slimes","floor":4,"turns":1},{"damage":0,"enemies":"Lagavulin","floor":6,"turns":1},{"damage":5,"enemies":"2 Louse","floor":8,"turns":2},{"damage":1,"enemies":"Blue Slaver","floor":11,"turns":4},{"damage":22,"enemies":"3 Sentries","floor":12,"turns":16},{"damage":0,"enemies":"3 Louse","floor":13,"turns":2},{"damage":14,"enemies":"Hexaghost","floor":16,"turns":7},{"damage":10,"enemies":"Spheric Guardian","floor":18,"turns":4},{"damage":0,"enemies":"3 Byrds","floor":19,"turns":3},{"damage":12,"enemies":"Gremlin Leader","floor":23,"turns":3},{"damage":0,"enemies":"Snecko","floor":27,"turns":2},{"damage":0,"enemies":"Centurion and Healer","floor":28,"turns":3},{"damage":0,"enemies":"Chosen and Byrds","floor":29,"turns":3},{"damage":4,"enemies":"Slavers","floor":31,"turns":2},{"damage":1,"enemies":"Champ","floor":33,"turns":5},{"damage":0,"enemies":"3 Darklings","floor":35,"turns":2},{"damage":0,"enemies":"Orb Walker","floor":36,"turns":3},{"damage":0,"enemies":"4 Shapes","floor":37,"turns":1},{"damage":0,"enemies":"Jaw Worm Horde","floor":38,"turns":2},{"damage":18,"enemies":"2 Orb Walkers","floor":39,"turns":3},{"damage":0,"enemies":"Writhing Mass","floor":41,"turns":2},{"damage":0,"enemies":"Reptomancer","floor":42,"turns":3},{"damage":0,"enemies":"Giant Head","floor":44,"turns":3},{"damage":6,"enemies":"4 Shapes","floor":46,"turns":6},{"damage":7,"enemies":"Reptomancer","floor":47,"turns":3},{"damage":13,"enemies":"Awakened One","floor":50,"turns":7}],"seed_played":"-3230094907142102869","potions_obtained":[{"floor":1,"key":"Block Potion"},{"floor":4,"key":"Regen Potion"},{"floor":8,"key":"Swift Potion"},{"floor":17,"key":"Dexterity Potion"},{"floor":23,"key":"GamblersBrew"},{"floor":28,"key":"Ancient Potion"},{"floor":35,"key":"SteroidPotion"},{"floor":37,"key":"PowerPotion"},{"floor":39,"key":"LiquidBronze"},{"floor":44,"key":"SmokeBomb"},{"floor":46,"key":"AttackPotion"}],"is_trial":false,"path_per_floor":["M","?","?","M","?","E","R","M","T","$","M","E","M","?","R","B",null,"M","M","?","?","$","E","R","$","T","M","M","M","$","E","R","B",null,"M","M","M","M","?","R","M","E","T","E","?","M","E","$","R","B",null],"character_chosen":"THE_SILENT","items_purchased":["TwistedFunnel","Catalyst+1","Deadly Poison+1","PreservedInsect","Anchor"],"campfire_rested":1,"item_purchase_floors":[22,22,22,48,48],"current_hp_per_floor":[70,70,70,70,70,70,70,65,65,65,64,57,57,62,62,48,80,70,70,70,70,70,58,58,58,58,58,58,58,58,54,54,53,80,80,80,80,80,62,62,68,68,68,68,68,62,55,55,80,67],"gold":75,"neow_bonus":"THREE_ENEMY_KILL","is_prod":false,"is_daily":false,"chose_seed":false,"campfire_upgraded":5,"win_rate":0,"timestamp":1565956090,"path_taken":["M","?","?","?","?","E","R","M","T","$","M","E","M","?","R","BOSS","M","M","?","?","$","E","R","?","T","M","M","M","$","E","R","BOSS","M","M","M","M","?","R","M","E","T","E","?","M","E","?","R","BOSS"],"build_version":"2019-07-17","purchased_purges":3,"victory":true,"max_hp_per_floor":[70,70,70,70,70,70,70,70,70,70,70,70,70,75,75,75,80,80,80,80,80,80,80,80,80,80,80,80,80,80,80,80,80,80,80,80,80,80,80,80,86,86,86,86,86,86,86,86,86,86],"card_choices":[{"not_picked":["Well Laid Plans","Outmaneuver"],"picked":"Crippling Poison","floor":1},{"not_picked":["Choke","Accuracy","Prepared"],"picked":"SKIP","floor":4},{"not_picked":["Underhanded Strike","PiercingWail"],"picked":"Catalyst","floor":6},{"not_picked":["Blade Dance","Dodge and Roll"],"picked":"Catalyst","floor":8},{"not_picked":["Outmaneuver","PiercingWail","Dagger Spray"],"picked":"SKIP","floor":11},{"not_picked":["Dagger Throw","Leg Sweep"],"picked":"Burst","floor":12},{"not_picked":["Skewer","Quick Slash"],"picked":"Backstab","floor":13},{"not_picked":["After Image","Phantasmal Killer+1"],"picked":"Adrenaline+1","floor":16},{"not_picked":["Blur+1","Bane"],"picked":"Deadly Poison+1","floor":17},{"not_picked":["Calculated Gamble+1","Outmaneuver+1"],"picked":"Blur+1","floor":18},{"not_picked":["Bane","Endless Agony","Sucker Punch"],"picked":"SKIP","floor":19},{"not_picked":["Leg Sweep+1","Expertise+1","Terror+1"],"picked":"SKIP","floor":23},{"not_picked":["Backflip+1","Backstab+1"],"picked":"Footwork+1","floor":27},{"not_picked":["Catalyst+1","Escape Plan+1"],"picked":"Corpse Explosion+1","floor":28},{"not_picked":["Infinite Blades+1","Dodge and Roll+1","Endless Agony"],"picked":"SKIP","floor":29},{"not_picked":["Infinite Blades+1","Dodge and Roll+1","Endless Agony"],"picked":"SKIP","floor":29},{"not_picked":["Leg Sweep+1","Caltrops","Predator"],"picked":"SKIP","floor":31},{"not_picked":["PiercingWail+1","Escape Plan+1","Sucker Punch"],"picked":"SKIP","floor":35},{"not_picked":["Dash+1","Bouncing Flask+1","Poisoned Stab"],"picked":"SKIP","floor":36},{"not_picked":["Poisoned Stab","Prepared+1","Bane+1"],"picked":"SKIP","floor":37},{"not_picked":["Endless Agony+1","Infinite Blades+1","Underhanded Strike"],"picked":"SKIP","floor":38},{"not_picked":["Eviscerate","Backflip+1","Blade Dance+1"],"picked":"SKIP","floor":41},{"not_picked":["Calculated Gamble+1","Slice+1","Underhanded Strike"],"picked":"SKIP","floor":42},{"not_picked":["Backstab","Unload","Quick Slash"],"picked":"SKIP","floor":44},{"not_picked":["Good Instincts+1","Discovery+1"],"picked":"Master of Strategy+1","floor":45},{"not_picked":["Underhanded Strike","Bane+1","Calculated Gamble+1"],"picked":"SKIP","floor":46},{"not_picked":["Bouncing Flask+1","Unload","Escape Plan+1"],"picked":"SKIP","floor":47}],"player_experience":44154,"relics_obtained":[{"floor":6,"key":"Meat on the Bone"},{"floor":9,"key":"Bottled Lightning"},{"floor":12,"key":"Toxic Egg 2"},{"floor":23,"key":"Darkstone Periapt"},{"floor":26,"key":"Blue Candle"},{"floor":31,"key":"Ornamental Fan"},{"floor":39,"key":"Calipers"},{"floor":42,"key":"Bronze Scales"},{"floor":42,"key":"Snake Skull"},{"floor":43,"key":"The Courier"},{"floor":44,"key":"Oddly Smooth Stone"},{"floor":44,"key":"Pen Nib"},{"floor":47,"key":"Mercury Hourglass"},{"floor":47,"key":"Unceasing Top"}],"event_choices":[{"damage_healed":0,"gold_gain":0,"player_choice":"Grow","damage_taken":0,"max_hp_gain":0,"max_hp_loss":0,"event_name":"Living Wall","floor":2,"gold_loss":0,"cards_upgraded":["Crippling Poison"]},{"cards_removed":["Strike_G"],"damage_healed":0,"gold_gain":0,"player_choice":"Offered Basic","damage_taken":0,"max_hp_gain":0,"max_hp_loss":0,"event_name":"Bonfire Elementals","floor":3,"gold_loss":0},{"cards_removed":["Strike_G"],"damage_healed":0,"gold_gain":0,"player_choice":"Card Removal","damage_taken":0,"max_hp_gain":0,"max_hp_loss":0,"event_name":"The Cleric","floor":5,"gold_loss":50},{"damage_healed":0,"gold_gain":0,"player_choice":"Donut","damage_taken":0,"max_hp_gain":5,"max_hp_loss":0,"event_name":"Big Fish","floor":14,"gold_loss":0},{"damage_healed":0,"gold_gain":99,"player_choice":"Stole From Cult","damage_taken":0,"max_hp_gain":0,"max_hp_loss":0,"event_name":"Nest","floor":20,"gold_loss":0},{"damage_healed":0,"gold_gain":0,"player_choice":"Simplicity","damage_taken":0,"max_hp_gain":0,"max_hp_loss":0,"event_name":"Back to Basics","floor":21,"gold_loss":0,"cards_upgraded":["Strike_G","Strike_G","Defend_G","Defend_G","Defend_G","Defend_G"]},{"damage_healed":0,"gold_gain":0,"player_choice":"Fight","damage_taken":0,"max_hp_gain":0,"max_hp_loss":0,"event_name":"Mysterious Sphere","floor":39,"gold_loss":0},{"damage_healed":0,"gold_gain":0,"player_choice":"Memory 1","damage_taken":0,"max_hp_gain":0,"max_hp_loss":0,"event_name":"SensoryStone","floor":45,"gold_loss":0}],"is_beta":false,"boss_relics":[{"not_picked":["Velvet Choker","Fusion Hammer"],"picked":"Tiny House"},{"not_picked":["Calling Bell","White Beast Statue"],"picked":"Black Star"}],"items_purged_floors":[10,30,48],"is_endless":false,"potions_floor_spawned":[1,4,8,23,28,29,33,35,37,39,44,46],"ascension_level":3}