{"gold_per_floor":[112,125,200,211,45,74,85,85,85,185,85,103,103,103,103,103],"floor_reached":16,"playtime":724,"items_purged":["Regret","Strike_R"],"score":150,"play_id":"2c554633-8327-4d80-b172-8c4abe5daf1a","local_time":"20180918225511","is_ascension_mode":true,"campfire_choices":[{"data":"Armaments","floor":8,"key":"SMITH"},{"floor":13,"key":"REST"},{"floor":15,"key":"REST"}],"neow_cost":"CURSE","seed_source_timestamp":35737663988453,"circlet_count":0,"master_deck":["Strike_R","Strike_R","Strike_R","Defend_R","Defend_R","Defend_R","Bash","AscendersBane","Uppercut","Dual Wield","Armaments+1","Spot Weakness","Flex","Bandage Up","Cleave"],"relics":["Burning Blood","Pen Nib","Question Card"],"potions_floor_usage":[],"damage_taken":[{"damage":15,"enemies":"Jaw Worm","floor":1,"turns":3},{"damage":5,"enemies":"Cultist","floor":2,"turns":4},{"damage":15,"enemies":"2 Louse","floor":4,"turns":3},{"damage":30,"enemies":"Lagavulin","floor":6,"turns":6},{"damage":12,"enemies":"Exordium Thugs","floor":7,"turns":6},{"damage":15,"enemies":"3 Louse","floor":12,"turns":4},{"damage":0,"enemies":"The Guardian","floor":16,"turns":1}],"seed_played":"8582201786636049972","potions_obtained":[{"floor":2,"key":"Ancient Potion"},{"floor":7,"key":"Poison Potion"},{"floor":12,"key":"EssenceOfSteel"}],"is_trial":false,"path_per_floor":["M","M","?","M","$","E","M","R","T","?","$","M","R","?","R"],"character_chosen":"IRONCLAD","items_purchased":["Bandage Up"],"campfire_rested":2,"item_purchase_floors":[5],"current_hp_per_floor":[63,64,53,44,44,24,22,22,22,22,22,19,43,43,67,67],"gold":103,"neow_bonus":"TRANSFORM_TWO_CARDS","is_prod":false,"is_daily":false,"chose_seed":false,"campfire_upgraded":1,"win_rate":0,"timestamp":1537336511,"path_taken":["M","M","?","?","$","E","M","R","T","?","$","?","R","?","R","BOSS"],"build_version":"2018-09-06","purchased_purges":2,"victory":false,"max_hp_per_floor":[80,80,80,80,80,80,80,80,80,80,80,80,80,80,80,80],"card_choices":[{"not_picked":["Intimidate","Heavy Blade"],"picked":"Armaments","floor":1},{"not_picked":["Havoc","Hemokinesis"],"picked":"Spot Weakness","floor":2},{"not_picked":["Perfected Strike","Cleave"],"picked":"Flex","floor":4},{"not_picked":["Anger","Perfected Strike","True Grit"],"picked":"SKIP","floor":6},{"not_picked":["Reckless Charge","Clash","Feel No Pain"],"picked":"SKIP","floor":7},{"not_picked":["Perfected Strike","Barricade","Iron Wave"],"picked":"Cleave","floor":12}],"player_experience":825506,"relics_obtained":[{"floor":6,"key":"Pen Nib"},{"floor":9,"key":"Question Card"}],"event_choices":[{"event_name":"World of Goop","player_choice":"Gather Gold","floor":3,"damage_taken":0},{"event_name":"Golden Shrine","player_choice":"Pray","floor":10,"damage_taken":0},{"event_name":"Dead Adventurer","player_choice":"Searched \u00270\u0027 times","floor":14,"damage_taken":0}],"is_beta":false,"boss_relics":[],"items_purged_floors":[5,11],"is_endless":false,"potions_floor_spawned":[2,7,12],"killed_by":"The Guardian","ascension_level":10}