{"gold_per_floor":[114,114,39,55,75,75,108,108,108,136,106,120,131,148,148,244,244,264,264,13,32,32,32,62,62,62,88,98,48,68,78,78,175,175,193,209,209,209,209,209,238,238,238,43,61,11,64,83,83,83,83,83,33,84,84],"floor_reached":56,"playtime":9634,"items_purged":["Pain","Strike_R","Decay","Pain","Strike_R","Strike_R"],"score":1325,"play_id":"2008178b-e06a-43c9-8dc1-e94ffaf5a395","local_time":"20190109222556","is_ascension_mode":false,"campfire_choices":[{"data":"Barricade","floor":15,"key":"SMITH"},{"data":"Feed","floor":23,"key":"SMITH"},{"data":"Body Slam","floor":25,"key":"SMITH"},{"floor":32,"key":"RECALL"},{"data":"Thinking Ahead","floor":40,"key":"SMITH"},{"data":"Warcry","floor":42,"key":"SMITH"},{"floor":49,"key":"REST"},{"data":"Magnetism","floor":52,"key":"SMITH"}],"neow_cost":"CURSE","seed_source_timestamp":180786484697198,"circlet_count":0,"master_deck":["Strike_R","Strike_R","Defend_R","Defend_R","Defend_R","Defend_R","Bash","Body Slam+1","Disarm","Feel No Pain","Barricade+1","Battle Trance","Warcry+1","Shrug It Off","Body Slam","Feed+1","True Grit","Body Slam","Feel No Pain","Parasite","Burning Pact","Feel No Pain","Second Wind","Double Tap","Warcry","Finesse","Thinking Ahead+1","Magnetism+1","Madness","Madness","Body Slam+1","Flame Barrier","Sentinel","Body Slam+1","Shrug It Off+1","Fiend Fire"],"relics":["Burning Blood","Bird Faced Urn","WarpedTongs","Dodecahedron","Red Skull","Anchor","Shuriken","Cursed Key","Lantern","Regal Pillow","Mercury Hourglass","Smiling Mask","Runic Pyramid","Strawberry","Du-Vu Doll","Centennial Puzzle"],"potions_floor_usage":[7,11,33,41,50,50,55,55],"damage_taken":[{"damage":0,"enemies":"Small Slimes","floor":1,"turns":5},{"damage":6,"enemies":"Cultist","floor":4,"turns":4},{"damage":11,"enemies":"Jaw Worm","floor":5,"turns":4},{"damage":13,"enemies":"Gremlin Nob","floor":7,"turns":4},{"damage":16,"enemies":"3 Sentries","floor":10,"turns":10},{"damage":0,"enemies":"Looter","floor":11,"turns":4},{"damage":0,"enemies":"Red Slaver","floor":12,"turns":5},{"damage":3,"enemies":"Lots of Slimes","floor":13,"turns":4},{"damage":0,"enemies":"3 Louse","floor":14,"turns":4},{"damage":33,"enemies":"Slime Boss","floor":16,"turns":13},{"damage":0,"enemies":"Chosen","floor":18,"turns":4},{"damage":0,"enemies":"2 Thieves","floor":21,"turns":4},{"damage":22,"enemies":"Book of Stabbing","floor":24,"turns":6},{"damage":13,"enemies":"Gremlin Leader","floor":27,"turns":7},{"damage":6,"enemies":"Snecko","floor":28,"turns":5},{"damage":14,"enemies":"Centurion and Healer","floor":30,"turns":6},{"damage":3,"enemies":"Cultist and Chosen","floor":31,"turns":6},{"damage":0,"enemies":"Champ","floor":33,"turns":7},{"damage":0,"enemies":"3 Darklings","floor":35,"turns":5},{"damage":4,"enemies":"3 Shapes","floor":36,"turns":4},{"damage":8,"enemies":"Reptomancer","floor":41,"turns":5},{"damage":1,"enemies":"Spire Growth","floor":45,"turns":3},{"damage":6,"enemies":"2 Orb Walkers","floor":47,"turns":5},{"damage":32,"enemies":"Transient","floor":48,"turns":5},{"damage":22,"enemies":"Donu and Deca","floor":50,"turns":7},{"damage":13,"enemies":"Shield and Spear","floor":54,"turns":5},{"damage":47,"enemies":"The Heart","floor":55,"turns":8}],"seed_played":"3270395331941243202","potions_obtained":[{"floor":4,"key":"AttackPotion"},{"floor":10,"key":"SkillPotion"},{"floor":12,"key":"Fire Potion"},{"floor":14,"key":"Block Potion"},{"floor":18,"key":"LiquidBronze"},{"floor":30,"key":"SkillPotion"},{"floor":33,"key":"PowerPotion"},{"floor":45,"key":"SpeedPotion"},{"floor":54,"key":"Dexterity Potion"}],"is_trial":false,"path_per_floor":["M","?","$","M","M","?","E","?","T","E","M","M","M","M","R","B",null,"M","?","$","M","?","R","E","R","T","E","M","$","M","M","R","B",null,"M","M","?","?","?","R","E","R","T","$","M","$","?","M","R","B",null,"R","$","E","B",null],"character_chosen":"IRONCLAD","items_purchased":["Lantern","Flame Barrier","Sentinel"],"campfire_rested":1,"item_purchase_floors":[20,44,44],"current_hp_per_floor":[80,80,80,80,75,72,65,65,65,57,65,73,78,80,80,53,80,80,80,80,83,83,83,67,67,67,66,76,76,78,93,93,95,95,99,103,103,93,80,80,97,97,97,97,108,108,110,88,110,104,110,110,110,103,74],"gold":84,"neow_bonus":"ONE_RARE_RELIC","is_prod":false,"is_daily":false,"chose_seed":false,"campfire_upgraded":6,"win_rate":0,"timestamp":1547101556,"path_taken":["M","?","$","?","M","?","E","?","T","E","M","M","M","M","R","BOSS","M","?","$","?","?","R","E","R","T","E","?","?","?","M","R","BOSS","M","M","?","?","?","R","E","R","T","$","M","$","?","M","R","BOSS","R","$","E","BOSS"],"build_version":"2019-01-03v4","purchased_purges":6,"victory":true,"max_hp_per_floor":[80,80,80,80,80,80,80,80,80,80,80,80,80,80,80,80,80,80,80,80,83,83,83,83,83,83,83,87,87,91,95,95,95,95,99,103,103,103,103,103,110,110,110,110,110,110,110,110,110,110,110,110,110,110,110],"card_choices":[{"not_picked":["Pommel Strike","Havoc"],"picked":"Body Slam","floor":1},{"not_picked":["Whirlwind","Flex","Pommel Strike"],"picked":"SKIP","floor":4},{"not_picked":["Sword Boomerang","Clash"],"picked":"Disarm","floor":5},{"not_picked":["Warcry","Pommel Strike"],"picked":"Feel No Pain","floor":7},{"not_picked":["Perfected Strike","Disarm"],"picked":"Barricade","floor":10},{"not_picked":["Thunderclap","Heavy Blade"],"picked":"Battle Trance","floor":11},{"not_picked":["Sever Soul","Evolve"],"picked":"Warcry","floor":12},{"not_picked":["Pommel Strike","Power Through"],"picked":"Shrug It Off","floor":13},{"not_picked":["Perfected Strike","Rampage"],"picked":"Body Slam","floor":14},{"not_picked":["Bludgeon","Barricade"],"picked":"Feed","floor":16},{"not_picked":["Flex+1","Pommel Strike+1"],"picked":"True Grit","floor":18},{"not_picked":["Wild Strike","Battle Trance"],"picked":"Body Slam","floor":21},{"not_picked":["Reaper","Flex+1"],"picked":"Feel No Pain","floor":24},{"not_picked":["Rage","Headbutt"],"picked":"Burning Pact","floor":27},{"not_picked":["Rage","Spot Weakness","Wild Strike"],"picked":"SKIP","floor":28},{"not_picked":["Whirlwind+1","Havoc"],"picked":"Feel No Pain","floor":30},{"not_picked":["Havoc","Cleave+1"],"picked":"Second Wind","floor":31},{"not_picked":["Feed","Brutality"],"picked":"Double Tap","floor":33},{"not_picked":["Rampage+1","Twin Strike","Fire Breathing"],"picked":"SKIP","floor":35},{"not_picked":["Inflame+1","Pommel Strike+1"],"picked":"Warcry","floor":36},{"not_picked":["Good Instincts","Secret Weapon"],"picked":"Finesse","floor":38},{"not_picked":["Finesse","HandOfGreed"],"picked":"Thinking Ahead","floor":38},{"not_picked":["Purity","Swift Strike"],"picked":"Magnetism","floor":38},{"not_picked":["Anger","Uppercut+1"],"picked":"Body Slam+1","floor":41},{"not_picked":["Cleave","Pommel Strike","Headbutt+1"],"picked":"SKIP","floor":45},{"not_picked":["Sever Soul+1","Thunderclap+1"],"picked":"Body Slam+1","floor":47},{"not_picked":["Spot Weakness+1","Iron Wave"],"picked":"Shrug It Off+1","floor":48},{"not_picked":["Burning Pact","Bloodletting+1"],"picked":"Fiend Fire","floor":54}],"player_experience":1088831,"relics_obtained":[{"floor":7,"key":"Red Skull"},{"floor":9,"key":"Anchor"},{"floor":10,"key":"Shuriken"},{"floor":24,"key":"Regal Pillow"},{"floor":26,"key":"Mercury Hourglass"},{"floor":27,"key":"Smiling Mask"},{"floor":41,"key":"Strawberry"},{"floor":47,"key":"Du-Vu Doll"},{"floor":54,"key":"Centennial Puzzle"}],"event_choices":[{"damage_healed":0,"gold_gain":0,"player_choice":"Rummage","damage_taken":0,"relics_obtained":["WarpedTongs"],"max_hp_gain":0,"max_hp_loss":0,"event_name":"Accursed Blacksmith","floor":2,"gold_loss":0,"cards_obtained":["Pain"]},{"damage_healed":0,"gold_gain":0,"player_choice":"Success","damage_taken":3,"relics_obtained":["Dodecahedron"],"max_hp_gain":0,"max_hp_loss":0,"event_name":"Scrap Ooze","floor":6,"gold_loss":0},{"damage_healed":0,"gold_gain":0,"player_choice":"Ignored","damage_taken":0,"max_hp_gain":0,"max_hp_loss":0,"event_name":"Liars Game","floor":8,"gold_loss":0},{"cards_removed":["Doubt"],"damage_healed":0,"gold_gain":0,"player_choice":"Removed Curses","damage_taken":0,"max_hp_gain":0,"max_hp_loss":0,"event_name":"Fountain of Cleansing","floor":19,"gold_loss":0},{"damage_healed":0,"gold_gain":0,"player_choice":"Cursed","damage_taken":0,"max_hp_gain":0,"max_hp_loss":0,"event_name":"Wheel of Change","floor":22,"gold_loss":0,"cards_obtained":["Decay"]},{"damage_healed":0,"gold_gain":0,"player_choice":"Ignored","damage_taken":0,"max_hp_gain":0,"max_hp_loss":0,"event_name":"Tomb of Lord Red Mask","floor":37,"gold_loss":0},{"damage_healed":0,"gold_gain":0,"player_choice":"Memory 3","damage_taken":10,"max_hp_gain":0,"max_hp_loss":0,"event_name":"SensoryStone","floor":38,"gold_loss":0},{"damage_healed":0,"gold_gain":0,"player_choice":"Embrace Madness","damage_taken":13,"max_hp_gain":0,"max_hp_loss":0,"event_name":"Winding Halls","floor":39,"gold_loss":0,"cards_obtained":["Madness","Madness"]},{"damage_healed":0,"gold_gain":0,"player_choice":"Fight","damage_taken":0,"max_hp_gain":0,"max_hp_loss":0,"event_name":"Mysterious Sphere","floor":47,"gold_loss":0}],"is_beta":false,"boss_relics":[{"not_picked":["Runic Cube","Coffee Dripper"],"picked":"Cursed Key"},{"not_picked":["Fusion Hammer","White Beast Statue"],"picked":"Runic Pyramid"}],"items_purged_floors":[3,20,29,44,46,53],"is_endless":false,"potions_floor_spawned":[4,10,12,14,18,24,30,31,33,36,45,47,54],"ascension_level":0}