{"gold_per_floor":[114,138,138,151,163,190,190,220,220,231,260,292,304,332,344,431,443,465,477,0,16,26,26,56,56,79,110,110,110,141,151,151,226,226,245,260,276,276,121,121,121,149,149,177,177,193,210,49,49,49],"floor_reached":51,"playtime":5159,"items_purged":["Pain","Strike_G"],"score":1634,"play_id":"2ad36ad6-8240-486a-8306-15e4dd60a751","local_time":"20190815023751","is_ascension_mode":true,"campfire_choices":[{"floor":7.0,"key":"REST"},{"data":"Dagger Spray","floor":13.0,"key":"SMITH"},{"data":"Poisoned Stab","floor":15.0,"key":"SMITH"},{"floor":23.0,"key":"REST"},{"data":"Strike_G","floor":25.0,"key":"PURGE"},{"data":"Ghostly","floor":29.0,"key":"SMITH"},{"data":"Ghostly","floor":32.0,"key":"SMITH"},{"data":"Strike_G","floor":40.0,"key":"PURGE"},{"data":"Strike_G","floor":45.0,"key":"PURGE"},{"data":"Strike_G","floor":49.0,"key":"PURGE"}],"neow_cost":"NONE","seed_source_timestamp":1391104581527621,"circlet_count":0,"master_deck":["AscendersBane","Defend_G","Defend_G","Defend_G","Defend_G","Defend_G","Survivor","Neutralize","Poisoned Stab+1","Deadly Poison","Dagger Throw","Noxious Fumes","Dodge and Roll","Dagger Spray+1","Backstab","PiercingWail","Poisoned Stab+1","Die Die Die","Noxious Fumes","Dodge and Roll+1","Well Laid Plans","Ghostly+1","Ghostly","Ghostly+1","Noxious Fumes","Malaise","Acrobatics","Footwork","Acrobatics","Flash of Steel","PiercingWail"],"special_seed":0,"relics":["Ring of the Serpent","Ancient Tea Set","Pen Nib","PreservedInsect","FossilizedHelix","MawBank","WarpedTongs","Mercury Hourglass","Peace Pipe","Art of War","Ginger","Blue Candle","Fusion Hammer","Bird Faced Urn","Sundial","Boot","Bronze Scales"],"potions_floor_usage":[50,50],"damage_taken":[{"damage":8.0,"enemies":"Cultist","floor":1.0,"turns":5.0},{"damage":0.0,"enemies":"2 Louse","floor":4.0,"turns":4.0},{"damage":0.0,"enemies":"Jaw Worm","floor":5.0,"turns":3.0},{"damage":30.0,"enemies":"Lagavulin","floor":6.0,"turns":7.0},{"damage":8.0,"enemies":"Gremlin Nob","floor":8.0,"turns":3.0},{"damage":9.0,"enemies":"Exordium Thugs","floor":10.0,"turns":5.0},{"damage":7.0,"enemies":"Lagavulin","floor":11.0,"turns":5.0},{"damage":0.0,"enemies":"2 Fungi Beasts","floor":12.0,"turns":1.0},{"damage":0.0,"enemies":"Looter","floor":14.0,"turns":2.0},{"damage":21.0,"enemies":"Slime Boss","floor":16.0,"turns":10.0},{"damage":6.0,"enemies":"Shell Parasite","floor":18.0,"turns":4.0},{"damage":0.0,"enemies":"Spheric Guardian","floor":21.0,"turns":3.0},{"damage":41.0,"enemies":"Chosen and Byrds","floor":22.0,"turns":6.0},{"damage":0.0,"enemies":"Gremlin Leader","floor":24.0,"turns":4.0},{"damage":0.0,"enemies":"Book of Stabbing","floor":27.0,"turns":4.0},{"damage":0.0,"enemies":"Gremlin Leader","floor":30.0,"turns":4.0},{"damage":0.0,"enemies":"Centurion and Healer","floor":31.0,"turns":5.0},{"damage":2.0,"enemies":"Collector","floor":33.0,"turns":8.0},{"damage":5.0,"enemies":"3 Shapes","floor":35.0,"turns":5.0},{"damage":0.0,"enemies":"Orb Walker","floor":36.0,"turns":4.0},{"damage":0.0,"enemies":"Maw","floor":37.0,"turns":7.0},{"damage":0.0,"enemies":"Reptomancer","floor":42.0,"turns":6.0},{"damage":0.0,"enemies":"Giant Head","floor":44.0,"turns":9.0},{"damage":0.0,"enemies":"Sphere and 2 Shapes","floor":46.0,"turns":5.0},{"damage":0.0,"enemies":"Jaw Worm Horde","floor":47.0,"turns":4.0},{"damage":20,"enemies":"Time Eater","floor":50,"turns":14}],"seed_played":"4345059764198218752","potions_obtained":[{"floor":4.0,"key":"Explosive Potion"},{"floor":5.0,"key":"AttackPotion"},{"floor":11.0,"key":"Dexterity Potion"},{"floor":12.0,"key":"SteroidPotion"},{"floor":16.0,"key":"Weak Potion"},{"floor":24.0,"key":"SpeedPotion"},{"floor":27.0,"key":"GhostInAJar"},{"floor":31.0,"key":"Dexterity Potion"},{"floor":35.0,"key":"Weak Potion"},{"floor":42.0,"key":"SteroidPotion"},{"floor":46.0,"key":"AttackPotion"}],"is_trial":false,"path_per_floor":["M","T","?","M","M","E","R","E","T","M","E","M","R","M","R","B",null,"M","?","$","M","M","R","E","R","T","E","?","R","E","M","R","B",null,"M","M","M","?","$","R","?","E","T","E","R","M","M","$","R","B",null],"character_chosen":"THE_SILENT","items_purchased":["Mercury Hourglass","Noxious Fumes","Explosive Potion","Acrobatics","Bronze Scales"],"campfire_rested":2,"item_purchase_floors":[20,20,20,39,48],"current_hp_per_floor":[57,57,57,57,57,27,48,40,40,31,24,24,24,24,24,3,55,49,49,49,49,8,29,29,29,29,29,29,29,29,29,29,27,34,29,29,29,29,29,29,29,29,29,36,36,36,36,36,36,22],"gold":49,"neow_bonus":"TEN_PERCENT_HP_BONUS","is_prod":false,"is_daily":false,"chose_seed":false,"campfire_upgraded":4,"win_rate":0,"timestamp":1565851071,"path_taken":["M","?","?","M","M","E","R","E","T","?","E","M","R","M","R","BOSS","M","?","$","?","M","R","E","R","T","E","?","R","E","M","R","BOSS","M","M","M","?","$","R","?","E","T","E","R","M","M","$","R","BOSS"],"build_version":"2019-07-17","purchased_purges":2,"victory":true,"max_hp_per_floor":[72,72,72,72,72,72,72,72,72,72,72,72,72,72,72,72,72,72,72,72,72,72,72,72,72,72,72,36,36,36,36,36,36,36,36,36,36,36,36,36,36,36,36,36,36,36,36,36,36,36],"card_choices":[{"not_picked":["Slice","Catalyst"],"picked":"Poisoned Stab","floor":1.0},{"not_picked":["Acrobatics","Prepared"],"picked":"Deadly Poison","floor":4.0},{"not_picked":["Escape Plan","Deflect"],"picked":"Dagger Throw","floor":5.0},{"not_picked":["Deflect","Finisher"],"picked":"Noxious Fumes","floor":6.0},{"not_picked":["Grand Finale","Accuracy"],"picked":"Dodge and Roll","floor":8.0},{"not_picked":["Deflect","Expertise"],"picked":"Dagger Spray","floor":10.0},{"not_picked":["Skewer","Slice"],"picked":"Backstab","floor":11.0},{"not_picked":["Bane","Skewer"],"picked":"PiercingWail","floor":12.0},{"not_picked":["Riddle With Holes","Deflect"],"picked":"Poisoned Stab","floor":14.0},{"not_picked":["Doppelganger","Burst"],"picked":"Die Die Die","floor":16.0},{"not_picked":["Dodge and Roll","Dagger Throw","Flying Knee"],"picked":"SKIP","floor":18.0},{"not_picked":["Poisoned Stab","Acrobatics"],"picked":"Dodge and Roll+1","floor":21.0},{"not_picked":["Heel Hook","Outmaneuver","Leg Sweep"],"picked":"SKIP","floor":22.0},{"not_picked":["Predator","Blur","Underhanded Strike"],"picked":"SKIP","floor":24.0},{"not_picked":["Finisher","Terror"],"picked":"Well Laid Plans","floor":27.0},{"not_picked":["Leg Sweep","Dagger Spray"],"picked":"Noxious Fumes","floor":30.0},{"not_picked":["Bane","Flying Knee","Riddle With Holes"],"picked":"SKIP","floor":31.0},{"not_picked":["Die Die Die","Venomology"],"picked":"Malaise","floor":33.0},{"not_picked":["Riddle With Holes","Skewer+1"],"picked":"Acrobatics","floor":35.0},{"not_picked":["Skewer","Dagger Spray"],"picked":"Footwork","floor":36.0},{"not_picked":["Outmaneuver+1","Dodge and Roll","Dagger Throw"],"picked":"SKIP","floor":37.0},{"not_picked":["Panache","Mind Blast"],"picked":"Flash of Steel","floor":41.0},{"not_picked":["Eviscerate","Cloak And Dagger","Flying Knee"],"picked":"SKIP","floor":42.0},{"not_picked":["Underhanded Strike","Deflect","Bouncing Flask"],"picked":"SKIP","floor":44.0},{"not_picked":["Deadly Poison","Accuracy","Poisoned Stab"],"picked":"SKIP","floor":46.0},{"not_picked":["Outmaneuver","Flying Knee"],"picked":"PiercingWail","floor":47.0}],"player_experience":538393,"relics_obtained":[{"floor":2.0,"key":"Ancient Tea Set"},{"floor":6.0,"key":"Pen Nib"},{"floor":8.0,"key":"PreservedInsect"},{"floor":9.0,"key":"FossilizedHelix"},{"floor":11.0,"key":"MawBank"},{"floor":24.0,"key":"Peace Pipe"},{"floor":26.0,"key":"Art of War"},{"floor":27.0,"key":"Ginger"},{"floor":30.0,"key":"Blue Candle"},{"floor":42.0,"key":"Bird Faced Urn"},{"floor":43.0,"key":"Sundial"},{"floor":44.0,"key":"Boot"}],"event_choices":[{"damage_healed":0.0,"max_hp_gain":0.0,"max_hp_loss":0.0,"gold_gain":0.0,"event_name":"Upgrade Shrine","player_choice":"Upgraded","floor":3.0,"gold_loss":0.0,"damage_taken":0.0,"cards_upgraded":["Poisoned Stab"]},{"damage_healed":0.0,"max_hp_gain":0.0,"max_hp_loss":0.0,"gold_gain":0.0,"event_name":"Accursed Blacksmith","player_choice":"Rummage","floor":19.0,"gold_loss":0.0,"damage_taken":0.0,"relics_obtained":["WarpedTongs"],"cards_obtained":["Pain"]},{"damage_healed":0.0,"max_hp_gain":0.0,"max_hp_loss":36.0,"gold_gain":0.0,"event_name":"Ghosts","player_choice":"Became a Ghost","floor":28.0,"gold_loss":0.0,"damage_taken":0.0,"cards_obtained":["Ghostly","Ghostly","Ghostly"]},{"damage_healed":0.0,"max_hp_gain":0.0,"max_hp_loss":0.0,"gold_gain":0.0,"event_name":"Tomb of Lord Red Mask","player_choice":"Ignored","floor":38.0,"gold_loss":0.0,"damage_taken":0.0},{"damage_healed":0.0,"max_hp_gain":0.0,"max_hp_loss":0.0,"gold_gain":0.0,"event_name":"SensoryStone","player_choice":"Memory 1","floor":41.0,"gold_loss":0.0,"damage_taken":0.0}],"is_beta":false,"boss_relics":[{"not_picked":["Ectoplasm","Busted Crown"],"picked":"Ring of the Serpent"},{"not_picked":["Black Star","Astrolabe"],"picked":"Fusion Hammer"}],"items_purged_floors":[20,39],"is_endless":false,"potions_floor_spawned":[4,5,11,12,16,24,27,31,35,42,46,47],"ascension_level":18}