{"gold_per_floor":[118,48,48,61,79,79,112,112,190,68,78,78,78,92,92,192,192,211,229,154,154,170,199,199],"floor_reached":24,"playtime":2877,"items_purged":["Strike_G"],"score":241,"play_id":"32de07d3-e144-48d2-88f8-dec008c6933d","local_time":"20190811171216","is_ascension_mode":false,"campfire_choices":[{"data":"Well Laid Plans","floor":6,"key":"SMITH"},{"data":"Noxious Fumes","floor":8,"key":"SMITH"},{"data":"Dodge and Roll","floor":13,"key":"SMITH"},{"floor":15,"key":"REST"}],"neow_cost":"NONE","seed_source_timestamp":26365655858500,"circlet_count":0,"master_deck":["Strike_G+1","Strike_G","Defend_G","Defend_G","Defend_G","Defend_G","Defend_G","Survivor","Neutralize","A Thousand Cuts","Bane+1","Well Laid Plans+1","Escape Plan","Noxious Fumes+1","Backflip","Footwork","Dodge and Roll+1","Deflect","Adrenaline","Acrobatics","Poisoned Stab+1","Deadly Poison","Catalyst","Blur"],"relics":["Ring of the Snake","Lantern","Pear","Strawberry","Empty Cage","Regal Pillow"],"potions_floor_usage":[7,16,16,23],"damage_taken":[{"damage":0,"enemies":"2 Louse","floor":1,"turns":3},{"damage":5,"enemies":"Jaw Worm","floor":4,"turns":4},{"damage":0,"enemies":"Cultist","floor":5,"turns":3},{"damage":16,"enemies":"Lagavulin","floor":7,"turns":7},{"damage":1,"enemies":"Gremlin Gang","floor":11,"turns":6},{"damage":0,"enemies":"Large Slime","floor":14,"turns":6},{"damage":24,"enemies":"The Guardian","floor":16,"turns":10},{"damage":2,"enemies":"Shell Parasite","floor":18,"turns":7},{"damage":12,"enemies":"3 Byrds","floor":19,"turns":4},{"damage":10,"enemies":"Centurion and Healer","floor":22,"turns":5},{"damage":36,"enemies":"Slavers","floor":23,"turns":9},{"damage":36,"enemies":"3 Cultists","floor":24,"turns":7}],"seed_played":"316579849413927458","potions_obtained":[{"floor":4,"key":"FearPotion"},{"floor":5,"key":"SteroidPotion"},{"floor":7,"key":"PowerPotion"},{"floor":11,"key":"Explosive Potion"},{"floor":19,"key":"SteroidPotion"},{"floor":22,"key":"FearPotion"}],"is_trial":false,"path_per_floor":["M","$","?","M","M","R","E","R","T","$","M","T","R","M","R","B",null,"M","M","$","?","M","E","M"],"character_chosen":"THE_SILENT","items_purchased":["Well Laid Plans","Footwork","Dodge and Roll"],"campfire_rested":1,"item_purchase_floors":[2,10,10],"current_hp_per_floor":[70,70,56,51,51,51,35,35,45,45,44,51,51,51,77,53,87,85,73,73,73,63,27,0],"gold":199,"neow_bonus":"ONE_RANDOM_RARE_CARD","is_prod":false,"is_daily":false,"chose_seed":false,"campfire_upgraded":3,"win_rate":0.0,"timestamp":1565514736,"path_taken":["M","$","?","M","M","R","E","R","T","$","M","?","R","?","R","BOSS","M","M","$","?","?","E","M"],"build_version":"2019-07-17","purchased_purges":1,"victory":false,"max_hp_per_floor":[70,70,70,70,70,70,70,70,80,80,80,87,87,87,87,87,87,87,87,87,87,87,87,87],"card_choices":[{"not_picked":["Prepared","Underhanded Strike"],"picked":"Bane","floor":1},{"not_picked":["Dodge and Roll","Blade Dance"],"picked":"Escape Plan","floor":4},{"not_picked":["Backflip","Skewer"],"picked":"Noxious Fumes","floor":5},{"not_picked":["Envenom","Infinite Blades"],"picked":"Backflip","floor":7},{"not_picked":["Slice","Dagger Spray"],"picked":"Deflect","floor":11},{"not_picked":["Skewer","Sucker Punch","Infinite Blades"],"picked":"SKIP","floor":14},{"not_picked":["Doppelganger","Corpse Explosion"],"picked":"Adrenaline","floor":16},{"not_picked":["Deflect+1","Dagger Spray"],"picked":"Acrobatics","floor":18},{"not_picked":["Riddle With Holes","Sucker Punch"],"picked":"Poisoned Stab+1","floor":19},{"not_picked":["Sucker Punch+1","A Thousand Cuts","Acrobatics"],"picked":"SKIP","floor":22},{"not_picked":["Underhanded Strike","Poisoned Stab"],"picked":"Blur","floor":23}],"player_experience":57551,"relics_obtained":[{"floor":7,"key":"Lantern"},{"floor":9,"key":"Pear"},{"floor":12,"key":"Strawberry"},{"floor":23,"key":"Regal Pillow"}],"event_choices":[{"damage_healed":0,"gold_gain":0,"player_choice":"Entered Light","damage_taken":14,"max_hp_gain":0,"max_hp_loss":0,"event_name":"Shining Light","floor":3,"gold_loss":0,"cards_upgraded":["Bane","Strike_G"]},{"damage_healed":0,"gold_gain":0,"player_choice":"2 cards matched","damage_taken":0,"max_hp_gain":0,"max_hp_loss":0,"event_name":"Match and Keep!","floor":21,"gold_loss":0,"cards_obtained":["Deadly Poison","Catalyst"]}],"is_beta":false,"boss_relics":[{"not_picked":["Calling Bell","Tiny House"],"picked":"Empty Cage"}],"items_purged_floors":[20],"is_endless":false,"potions_floor_spawned":[4,5,7,11,14,19,22],"killed_by":"3 Cultists","ascension_level":0}