{"gold_per_floor":[111,36,56,66,84,116,116,116,140,140,150,176,176,190,190,190],"floor_reached":16,"playtime":967,"items_purged":["Defend_G"],"score":151,"play_id":"367e77fa-c17f-485c-b62e-1f4426b1f17f","local_time":"20180908014433","is_ascension_mode":true,"campfire_choices":[{"data":"Eviscerate","floor":8,"key":"SMITH"},{"data":"Concentrate","floor":10,"key":"SMITH"},{"floor":15,"key":"REST"}],"neow_cost":"TEN_PERCENT_HP_LOSS","seed_source_timestamp":945779582493999,"circlet_count":0,"master_deck":["Defend_G","Defend_G","Defend_G","Defend_G","Strike_G","Strike_G","Strike_G","Strike_G","Strike_G","Survivor+1","Neutralize","Dagger Spray","Eviscerate+1","Concentrate+1","Concentrate+1","Well Laid Plans","Prepared","Acrobatics"],"relics":["Ring of the Snake","Torii","War Paint","Omamori","Boot","Lantern"],"potions_floor_usage":[6,6],"damage_taken":[{"damage":1,"enemies":"Small Slimes","floor":1,"turns":4},{"damage":0,"enemies":"2 Louse","floor":3,"turns":2},{"damage":0,"enemies":"Cultist","floor":4,"turns":4},{"damage":2,"enemies":"Blue Slaver","floor":5,"turns":5},{"damage":29,"enemies":"Gremlin Nob","floor":6,"turns":5},{"damage":8,"enemies":"Gremlin Gang","floor":11,"turns":4},{"damage":33,"enemies":"Lagavulin","floor":12,"turns":8},{"damage":1,"enemies":"3 Louse","floor":14,"turns":3},{"damage":32,"enemies":"The Guardian","floor":16,"turns":9}],"seed_played":"-1186807847201395317","potions_obtained":[{"floor":1,"key":"SteroidPotion"},{"floor":3,"key":"SpeedPotion"},{"floor":11,"key":"LiquidBronze"},{"floor":12,"key":"Explosive Potion"}],"is_trial":false,"path_per_floor":["M","$","M","M","M","E","?","R","T","R","M","E","?","M","R"],"character_chosen":"THE_SILENT","items_purchased":[],"campfire_rested":1,"item_purchase_floors":[],"current_hp_per_floor":[62,62,62,62,60,31,52,52,52,52,44,11,11,10,28,0],"gold":190,"neow_bonus":"ONE_RARE_RELIC","is_prod":false,"is_daily":false,"chose_seed":false,"campfire_upgraded":2,"win_rate":0,"timestamp":1536396273,"path_taken":["M","$","M","M","M","E","?","R","T","R","M","E","?","M","R","BOSS"],"build_version":"2018-09-06","purchased_purges":1,"victory":false,"max_hp_per_floor":[63,63,63,63,63,63,63,63,63,63,63,63,63,63,63,63],"card_choices":[{"not_picked":["Deflect","PiercingWail"],"picked":"Dagger Spray","floor":1},{"not_picked":["Outmaneuver","Distraction"],"picked":"Eviscerate","floor":3},{"not_picked":["Poisoned Stab","Bane","Catalyst"],"picked":"SKIP","floor":4},{"not_picked":["PiercingWail","Blade Dance"],"picked":"Concentrate","floor":5},{"not_picked":["Crippling Poison","Blur"],"picked":"Concentrate","floor":6},{"not_picked":["Blur","Sucker Punch"],"picked":"Well Laid Plans","floor":11},{"not_picked":["Distraction","Backflip"],"picked":"Prepared","floor":12},{"not_picked":["PiercingWail","Deadly Poison"],"picked":"Acrobatics","floor":14}],"player_experience":765037,"relics_obtained":[{"floor":6,"key":"War Paint"},{"floor":9,"key":"Omamori"},{"floor":12,"key":"Boot"}],"event_choices":[{"event_name":"Big Fish","player_choice":"Banana","floor":7,"damage_taken":0},{"event_name":"WeMeetAgain","player_choice":"Potion","floor":13,"damage_taken":0}],"is_beta":false,"boss_relics":[],"items_purged_floors":[2],"is_endless":false,"potions_floor_spawned":[1,3,11,12],"killed_by":"The Guardian","ascension_level":7}