{"gold_per_floor":[116,127,127,127,16,50,0,0,0,0,19,19,94,122,122,200,200,211,211,136,136,166,166,66,66,141,172,172,222,237,162,162,240,240,257,307,321,366,29,29,63,63,63,63,7,7,32,52,52,52],"floor_reached":51,"playtime":5023,"items_purged":["Strike_R","Defend_R"],"score":1347,"play_id":"64020788-6719-48c5-bb74-9613e0fc7e40","local_time":"20190707102246","is_ascension_mode":true,"campfire_choices":[{"data":"Whirlwind","floor":8.0,"key":"SMITH"},{"data":"Double Tap","floor":10.0,"key":"SMITH"},{"floor":15.0,"key":"REST"},{"data":"Limit Break","floor":23.0,"key":"SMITH"},{"data":"Inflame","floor":25.0,"key":"SMITH"},{"data":"Impervious","floor":32.0,"key":"SMITH"},{"data":"Corruption","floor":40.0,"key":"SMITH"},{"data":"Feel No Pain","floor":42.0,"key":"SMITH"},{"data":"Pommel Strike","floor":44.0,"key":"SMITH"},{"data":"Disarm","floor":49,"key":"SMITH"}],"neow_cost":"NONE","seed_source_timestamp":441365374901857,"circlet_count":0,"master_deck":["AscendersBane","Defend_R+1","Bash+1","Double Tap+1","Anger","Ghostly Armor","Whirlwind+1","Armaments","Impervious+1","Flame Barrier","Shrug It Off","Limit Break+1","Inflame+1","Flame Barrier","Thunderclap","Metallicize","Iron Wave+1","Reaper","Disarm+1","Ghostly Armor+1","Pommel Strike","Body Slam+1","Feel No Pain+1","Corruption+1","Pommel Strike+1","Sentinel+1","Flex+1","Impervious+1","True Grit+1","Reaper","Pommel Strike"],"special_seed":0,"relics":["Burning Blood","Bag of Preparation","Self Forming Clay","Prayer Wheel","StoneCalendar","Du-Vu Doll","Empty Cage","Red Mask","The Courier","Letter Opener","MutagenicStrength","Sozu","Ice Cream","Membership Card","Oddly Smooth Stone","Centennial Puzzle","Toxic Egg 2","Pantograph","Charon\u0027s Ashes"],"potions_floor_usage":[],"damage_taken":[{"damage":8.0,"enemies":"2 Louse","floor":1.0,"turns":3.0},{"damage":4.0,"enemies":"Jaw Worm","floor":2.0,"turns":3.0},{"damage":13.0,"enemies":"Lagavulin","floor":6.0,"turns":7.0},{"damage":3.0,"enemies":"Small Slimes","floor":11.0,"turns":3.0},{"damage":19.0,"enemies":"Gremlin Nob","floor":14.0,"turns":5.0},{"damage":27.0,"enemies":"The Guardian","floor":16.0,"turns":8.0},{"damage":11.0,"enemies":"Shell Parasite","floor":18.0,"turns":7.0},{"damage":0.0,"enemies":"Masked Bandits","floor":22.0,"turns":2.0},{"damage":12.0,"enemies":"Gremlin Leader","floor":27.0,"turns":5.0},{"damage":4.0,"enemies":"Spheric Guardian","floor":30.0,"turns":7.0},{"damage":49.0,"enemies":"Collector","floor":33.0,"turns":7.0},{"damage":0.0,"enemies":"3 Darklings","floor":35.0,"turns":3.0},{"damage":8.0,"enemies":"Orb Walker","floor":37.0,"turns":3.0},{"damage":52.0,"enemies":"2 Orb Walkers","floor":38.0,"turns":5.0},{"damage":1.0,"enemies":"Reptomancer","floor":41.0,"turns":5.0},{"damage":35,"enemies":"Nemesis","floor":47,"turns":7},{"damage":0,"enemies":"Transient","floor":48,"turns":6},{"damage":16,"enemies":"Time Eater","floor":50,"turns":8}],"seed_played":"8372911871538119005","potions_obtained":[{"floor":1.0,"key":"EssenceOfSteel"},{"floor":14.0,"key":"SteroidPotion"},{"floor":18.0,"key":"Dexterity Potion"}],"is_trial":false,"path_per_floor":["M","M","?","?","$","E","?","R","T","R","M","T","?","E","R","B",null,"M","?","$","?","?","R","$","R","T","E","?","?","M","?","R","B",null,"M","?","M","?","$","R","E","R","T","R","$","?","E","M","R","B",null],"character_chosen":"IRONCLAD","items_purchased":["Whirlwind","Armaments","Membership Card","Corruption","Oddly Smooth Stone","Centennial Puzzle","Sentinel+1","Flex+1"],"campfire_rested":1,"item_purchase_floors":[5,5,39,39,39,39,45,45],"current_hp_per_floor":[66,68,61,38,38,31,31,31,31,31,34,34,23,10,32,11,59,54,54,54,54,60,60,60,60,60,54,54,54,56,56,56,13,60,66,66,73,27,27,27,45,45,45,45,45,45,26,56,56,75],"gold":52,"neow_bonus":"TRANSFORM_CARD","is_prod":false,"is_daily":false,"chose_seed":false,"campfire_upgraded":9,"win_rate":0,"timestamp":1562509366,"path_taken":["M","M","?","?","$","E","?","R","T","R","?","?","?","E","R","BOSS","M","?","$","?","?","R","$","R","T","E","?","?","?","?","R","BOSS","M","?","?","?","$","R","E","R","T","R","$","?","E","M","R","BOSS"],"build_version":"2019-07-05","purchased_purges":2,"victory":true,"max_hp_per_floor":[75,75,75,75,75,75,75,75,75,75,75,75,75,75,75,75,75,75,75,75,75,75,75,75,75,75,75,75,75,75,75,75,75,75,75,75,75,75,75,75,75,75,75,75,75,75,75,75,75,75],"card_choices":[{"not_picked":["Pummel","Sword Boomerang"],"picked":"Anger","floor":1.0},{"not_picked":["Wild Strike","Heavy Blade"],"picked":"Ghostly Armor","floor":2.0},{"not_picked":["Bloodletting","Cleave"],"picked":"Impervious","floor":6.0},{"not_picked":["Heavy Blade","Sword Boomerang"],"picked":"Flame Barrier","floor":11.0},{"not_picked":["Headbutt","Perfected Strike"],"picked":"Shrug It Off","floor":11.0},{"not_picked":["Power Through","True Grit","Body Slam"],"picked":"SKIP","floor":14.0},{"not_picked":["Dark Embrace","Feed"],"picked":"Limit Break","floor":16.0},{"not_picked":["Twin Strike","Dropkick"],"picked":"Inflame","floor":18.0},{"not_picked":["Seeing Red","Evolve"],"picked":"Flame Barrier","floor":18.0},{"not_picked":["Clothesline","Twin Strike"],"picked":"Thunderclap","floor":22.0},{"not_picked":["Rupture","Armaments"],"picked":"Metallicize","floor":27.0},{"not_picked":["Perfected Strike+1","Corruption"],"picked":"Iron Wave+1","floor":30.0},{"not_picked":["Havoc+1","Sever Soul","Twin Strike"],"picked":"SKIP","floor":30.0},{"not_picked":["Juggernaut","Demon Form"],"picked":"Reaper","floor":33.0},{"not_picked":["Cleave","Body Slam"],"picked":"Disarm","floor":35.0},{"not_picked":["Body Slam+1","Warcry"],"picked":"Ghostly Armor+1","floor":35.0},{"not_picked":["Feed","Anger+1"],"picked":"Pommel Strike","floor":37.0},{"not_picked":["Intimidate","Cleave"],"picked":"Body Slam+1","floor":37.0},{"not_picked":["True Grit+1","Rampage+1"],"picked":"Feel No Pain","floor":38.0},{"not_picked":["Evolve+1","Pummel+1"],"picked":"Pommel Strike","floor":41.0},{"not_picked":["Clash","Perfected Strike"],"picked":"True Grit+1","floor":47},{"not_picked":["Clothesline","Anger+1"],"picked":"Reaper","floor":48},{"not_picked":["Combust","Pummel+1"],"picked":"Pommel Strike","floor":48}],"player_experience":207498,"relics_obtained":[{"floor":6.0,"key":"Bag of Preparation"},{"floor":9.0,"key":"Prayer Wheel"},{"floor":12.0,"key":"StoneCalendar"},{"floor":14.0,"key":"Du-Vu Doll"},{"floor":22.0,"key":"Red Mask"},{"floor":26.0,"key":"The Courier"},{"floor":27.0,"key":"Letter Opener"},{"floor":38.0,"key":"Ice Cream"},{"floor":41.0,"key":"Toxic Egg 2"},{"floor":43.0,"key":"Pantograph"},{"floor":47,"key":"Charon\u0027s Ashes"}],"event_choices":[{"cards_removed":["Strike_R"],"damage_healed":0.0,"max_hp_gain":0.0,"max_hp_loss":0.0,"gold_gain":0.0,"event_name":"Golden Wing","player_choice":"Card Removal","floor":3.0,"gold_loss":0.0,"damage_taken":7.0},{"damage_healed":0.0,"max_hp_gain":0.0,"max_hp_loss":0.0,"gold_gain":0.0,"event_name":"Shining Light","player_choice":"Entered Light","floor":4.0,"gold_loss":0.0,"damage_taken":23.0,"cards_upgraded":["Defend_R","Bash"]},{"damage_healed":0.0,"max_hp_gain":0.0,"max_hp_loss":0.0,"gold_gain":0.0,"event_name":"WeMeetAgain","player_choice":"Paid Gold","floor":7.0,"gold_loss":50.0,"damage_taken":0.0,"relics_obtained":["Self Forming Clay"]},{"damage_healed":0.0,"max_hp_gain":0.0,"max_hp_loss":0.0,"gold_gain":75.0,"event_name":"World of Goop","player_choice":"Gather Gold","floor":13.0,"gold_loss":0.0,"damage_taken":11.0},{"damage_healed":0.0,"max_hp_gain":0.0,"max_hp_loss":0.0,"gold_gain":0.0,"event_name":"Vampires","player_choice":"Ignored","floor":19.0,"gold_loss":0.0,"damage_taken":0.0},{"cards_removed":["Defend_R"],"damage_healed":0.0,"max_hp_gain":0.0,"max_hp_loss":0.0,"gold_gain":0.0,"event_name":"Back to Basics","player_choice":"Elegance","floor":21.0,"gold_loss":0.0,"damage_taken":0.0},{"damage_healed":0.0,"max_hp_gain":0.0,"max_hp_loss":0.0,"gold_gain":0.0,"event_name":"Masked Bandits","player_choice":"Fought Bandits","floor":22.0,"gold_loss":0.0,"damage_taken":0.0},{"damage_healed":0.0,"max_hp_gain":0.0,"max_hp_loss":0.0,"gold_gain":0.0,"event_name":"Drug Dealer","player_choice":"Inject Mutagens","floor":28.0,"gold_loss":0.0,"damage_taken":0.0,"relics_obtained":["MutagenicStrength"]},{"damage_healed":0.0,"max_hp_gain":0.0,"max_hp_loss":0.0,"gold_gain":50.0,"event_name":"Nest","player_choice":"Stole From Cult","floor":29.0,"gold_loss":0.0,"damage_taken":0.0},{"cards_removed":["Defend_R"],"damage_healed":0.0,"max_hp_gain":0.0,"max_hp_loss":0.0,"gold_gain":0.0,"event_name":"Beggar","player_choice":"Gave Gold","floor":31.0,"gold_loss":75.0,"damage_taken":0.0},{"damage_healed":0.0,"max_hp_gain":0.0,"max_hp_loss":0.0,"gold_gain":50.0,"event_name":"Golden Shrine","player_choice":"Pray","floor":36.0,"gold_loss":0.0,"damage_taken":0.0},{"damage_healed":0.0,"max_hp_gain":0.0,"max_hp_loss":0.0,"gold_gain":0.0,"event_name":"Mysterious Sphere","player_choice":"Fight","floor":38.0,"gold_loss":0.0,"damage_taken":0.0},{"damage_healed":0.0,"max_hp_gain":0.0,"max_hp_loss":0.0,"gold_gain":0.0,"event_name":"Match and Keep!","player_choice":"1 cards matched","floor":46.0,"gold_loss":0.0,"damage_taken":0.0,"cards_obtained":["Impervious"]}],"is_beta":false,"boss_relics":[{"not_picked":["Pandora\u0027s Box","White Beast Statue"],"picked":"Empty Cage"},{"not_picked":["Coffee Dripper","Velvet Choker"],"picked":"Sozu"}],"items_purged_floors":[20,24],"is_endless":false,"potions_floor_spawned":[1,14,18,22,30,37,41,47],"ascension_level":18}