{"gold_per_floor":[116,191,191,205,222,251,251,271,325,339,373,392,402,402,402,497,497,509,523,539,549,474,501,501,363,434,208,208,221,221],"floor_reached":30,"playtime":1898,"items_purged":["Strike_R","Bash"],"score":264,"play_id":"b28d0366-4426-409d-a34f-544c79ad2ee7","local_time":"20190425122131","is_ascension_mode":false,"campfire_choices":[{"data":"Flame Barrier","floor":7,"key":"SMITH"},{"data":"Double Tap","floor":15,"key":"SMITH"},{"data":"Demon Form","floor":24,"key":"SMITH"},{"data":"Cleave","floor":28,"key":"SMITH"}],"neow_cost":"TEN_PERCENT_HP_LOSS","seed_source_timestamp":407827821166109,"circlet_count":0,"master_deck":["Defend_R","Defend_R","Defend_R","Defend_R","Double Tap+1","Cleave+1","Intimidate","Flame Barrier+1","True Grit","Rampage","Feed","Demon Form+1","Uppercut+1","True Grit+1","Intimidate+1","Armaments","Rampage+1","Rampage","Limit Break","Pummel"],"relics":["Burning Blood","Gremlin Horn","Bronze Scales","Happy Flower","Pantograph","Astrolabe","Self Forming Clay","Mercury Hourglass"],"potions_floor_usage":[6,11,16,18,20,23,29],"damage_taken":[{"damage":11,"enemies":"Jaw Worm","floor":1,"turns":4},{"damage":0,"enemies":"Small Slimes","floor":4,"turns":2},{"damage":6,"enemies":"Cultist","floor":5,"turns":3},{"damage":40,"enemies":"Gremlin Nob","floor":6,"turns":5},{"damage":0,"enemies":"3 Louse","floor":8,"turns":2},{"damage":4,"enemies":"2 Fungi Beasts","floor":10,"turns":3},{"damage":11,"enemies":"3 Sentries","floor":11,"turns":6},{"damage":3,"enemies":"Exordium Wildlife","floor":12,"turns":4},{"damage":5,"enemies":"3 Louse","floor":13,"turns":2},{"damage":31,"enemies":"Hexaghost","floor":16,"turns":8},{"damage":9,"enemies":"3 Byrds","floor":18,"turns":4},{"damage":19,"enemies":"2 Thieves","floor":19,"turns":4},{"damage":13,"enemies":"3 Cultists","floor":20,"turns":5},{"damage":7,"enemies":"Cultist and Chosen","floor":21,"turns":6},{"damage":47,"enemies":"Slavers","floor":23,"turns":5},{"damage":18,"enemies":"Snecko","floor":29,"turns":7},{"damage":20,"enemies":"Colosseum Slavers","floor":30,"turns":1}],"seed_played":"-1830270690759149590","potions_obtained":[{"floor":5,"key":"SpeedPotion"},{"floor":6,"key":"Energy Potion"},{"floor":12,"key":"Explosive Potion"},{"floor":13,"key":"Fire Potion"},{"floor":18,"key":"LiquidBronze"},{"floor":21,"key":"SneckoOil"},{"floor":23,"key":"SteroidPotion"}],"is_trial":false,"path_per_floor":["M","?","?","M","M","E","R","M","T","M","E","M","M","?","R","B",null,"M","M","M","M","$","E","R","$","T","$","R","M","?"],"character_chosen":"IRONCLAD","items_purchased":["Rampage","Limit Break","Pummel"],"campfire_rested":0,"item_purchase_floors":[25,27,27],"current_hp_per_floor":[67,56,53,59,59,25,25,31,31,33,28,34,38,38,38,38,78,78,68,64,66,66,28,28,28,28,28,28,16,0],"gold":221,"neow_bonus":"THREE_RARE_CARDS","is_prod":false,"is_daily":false,"chose_seed":false,"campfire_upgraded":4,"win_rate":0,"timestamp":1556187691,"path_taken":["M","?","?","M","M","E","R","M","T","M","E","M","M","?","R","BOSS","M","?","M","M","$","E","R","$","T","$","R","M","?"],"build_version":"2019-04-23","purchased_purges":2,"victory":false,"max_hp_per_floor":[72,72,72,72,72,72,72,72,72,72,72,75,78,78,78,78,78,81,84,87,90,90,93,93,93,93,93,93,93,93],"card_choices":[{"not_picked":["Dark Embrace","Berserk"],"picked":"Double Tap","floor":0},{"not_picked":["Perfected Strike","Body Slam"],"picked":"Cleave","floor":1},{"not_picked":["Twin Strike","Heavy Blade"],"picked":"Intimidate","floor":4},{"not_picked":["Corruption","Cleave","Anger"],"picked":"SKIP","floor":5},{"not_picked":["Bludgeon","Perfected Strike"],"picked":"Flame Barrier","floor":6},{"not_picked":["Flex","Heavy Blade"],"picked":"True Grit","floor":8},{"not_picked":["Warcry","Pummel"],"picked":"Rampage","floor":10},{"not_picked":["Pummel","Havoc"],"picked":"Feed","floor":11},{"not_picked":["Flex","Twin Strike","Body Slam"],"picked":"SKIP","floor":12},{"not_picked":["Fire Breathing","True Grit","Seeing Red"],"picked":"SKIP","floor":13},{"not_picked":["Immolate","Dark Embrace"],"picked":"Demon Form","floor":16},{"not_picked":["Flex","Corruption"],"picked":"Armaments","floor":18},{"not_picked":["Twin Strike","Perfected Strike","Feel No Pain"],"picked":"SKIP","floor":19},{"not_picked":["Iron Wave","Body Slam"],"picked":"Rampage+1","floor":20},{"not_picked":["Feel No Pain","Anger","Clash+1"],"picked":"SKIP","floor":21},{"not_picked":["Twin Strike","Ghostly Armor","Combust"],"picked":"SKIP","floor":23},{"not_picked":["Perfected Strike+1","Berserk","Thunderclap"],"picked":"SKIP","floor":29}],"player_experience":332065,"relics_obtained":[{"floor":6,"key":"Bronze Scales"},{"floor":9,"key":"Happy Flower"},{"floor":11,"key":"Pantograph"},{"floor":23,"key":"Self Forming Clay"},{"floor":26,"key":"Mercury Hourglass"}],"event_choices":[{"damage_healed":0,"gold_gain":75,"player_choice":"Gather Gold","damage_taken":11,"max_hp_gain":0,"max_hp_loss":0,"event_name":"World of Goop","floor":2,"gold_loss":0},{"damage_healed":0,"gold_gain":0,"player_choice":"Success","damage_taken":3,"relics_obtained":["Gremlin Horn"],"max_hp_gain":0,"max_hp_loss":0,"event_name":"Scrap Ooze","floor":3,"gold_loss":0},{"cards_removed":["Strike_R"],"damage_healed":0,"gold_gain":0,"player_choice":"Offered Basic","damage_taken":0,"max_hp_gain":0,"max_hp_loss":0,"event_name":"Bonfire Elementals","floor":14,"gold_loss":0},{"damage_healed":0,"gold_gain":0,"player_choice":"Fight","damage_taken":0,"max_hp_gain":0,"max_hp_loss":0,"event_name":"Colosseum","floor":30,"gold_loss":0}],"is_beta":true,"boss_relics":[{"not_picked":["Black Blood","Fusion Hammer"],"picked":"Astrolabe"}],"items_purged_floors":[22,25],"is_endless":false,"potions_floor_spawned":[5,6,12,13,18,21,23],"killed_by":"Colosseum Slavers","ascension_level":0}