{"gold_per_floor":[119,194,206,222,241,241,571,571,571,605,50,50,74,109,109,211,211,225,90,104,104,120,120,120,120,144,59,59,8,24,44,44,144,144,160,205,205,224,224,239,264,264,264,293,313,313,346,361,361,361],"floor_reached":51,"playtime":5421,"items_purged":["Strike_B","Strike_B"],"score":841,"play_id":"610fce60-2f31-42f8-b2fb-c03b299a892b","local_time":"20190811114434","is_ascension_mode":true,"campfire_choices":[{"data":"Zap","floor":6,"key":"SMITH"},{"floor":8,"key":"REST"},{"data":"Barrage","floor":12,"key":"SMITH"},{"data":"Coolheaded","floor":15,"key":"SMITH"},{"data":"Amplify","floor":23,"key":"SMITH"},{"data":"Defragment","floor":25,"key":"SMITH"},{"data":"Capacitor","floor":28,"key":"SMITH"},{"data":"Glacier","floor":32,"key":"SMITH"},{"floor":42,"key":"REST"},{"floor":46,"key":"REST"},{"floor":49,"key":"REST"}],"neow_cost":"NONE","seed_source_timestamp":1080492644117000,"circlet_count":0,"master_deck":["Strike_B+1","Defend_B","Defend_B","Defend_B","Defend_B","Zap+1","Dualcast","Self Repair","Redo","Coolheaded+1","Compile Driver","FTL","Barrage+1","Capacitor+1","Amplify+1","Creative AI","Chill","Reboot","Loop+1","Defragment+1","Force Field","Shame","Glacier+1","Barrage+1","Biased Cognition","Ball Lightning+1","Bandage Up","Panacea","Violence","Defragment","Madness","Madness","Barrage+1","Seek","Consume","Doom and Gloom+1","Ball Lightning+1"],"relics":["Cracked Core","Bag of Marbles","Old Coin","Gambling Chip","Emotion Chip","MealTicket","Whetstone","Cursed Key","Nloth\u0027s Gift","Juzu Bracelet","Unceasing Top","Inserter","Torii","Pantograph","Thread and Needle","Dead Branch"],"potions_floor_usage":[7,13,14,14,14,33,33,36,41,44,48,50],"damage_taken":[{"damage":6,"enemies":"Jaw Worm","floor":1,"turns":3},{"damage":0,"enemies":"2 Louse","floor":3,"turns":2},{"damage":1,"enemies":"Cultist","floor":4,"turns":3},{"damage":8,"enemies":"2 Fungi Beasts","floor":5,"turns":4},{"damage":58,"enemies":"Gremlin Nob","floor":7,"turns":5},{"damage":18,"enemies":"Lagavulin","floor":10,"turns":7},{"damage":5,"enemies":"The Mushroom Lair","floor":13,"turns":3},{"damage":0,"enemies":"Gremlin Nob","floor":14,"turns":2},{"damage":11,"enemies":"Hexaghost","floor":16,"turns":7},{"damage":13,"enemies":"2 Thieves","floor":18,"turns":4},{"damage":4,"enemies":"Spheric Guardian","floor":20,"turns":4},{"damage":10,"enemies":"Snake Plant","floor":22,"turns":4},{"damage":7,"enemies":"Cultist and Chosen","floor":30,"turns":6},{"damage":0,"enemies":"Centurion and Healer","floor":31,"turns":26},{"damage":27,"enemies":"Collector","floor":33,"turns":8},{"damage":5,"enemies":"Orb Walker","floor":35,"turns":4},{"damage":18,"enemies":"2 Orb Walkers","floor":36,"turns":4},{"damage":0,"enemies":"3 Shapes","floor":38,"turns":4},{"damage":0,"enemies":"Spire Growth","floor":40,"turns":5},{"damage":54,"enemies":"Reptomancer","floor":41,"turns":4},{"damage":14,"enemies":"Nemesis","floor":44,"turns":5},{"damage":18,"enemies":"Sphere and 2 Shapes","floor":45,"turns":5},{"damage":36,"enemies":"Reptomancer","floor":47,"turns":7},{"damage":1,"enemies":"Transient","floor":48,"turns":5},{"damage":22,"enemies":"Time Eater","floor":50,"turns":11}],"seed_played":"1858103779151309664","potions_obtained":[{"floor":5,"key":"Swift Potion"},{"floor":7,"key":"Ancient Potion"},{"floor":13,"key":"AttackPotion"},{"floor":16,"key":"FocusPotion"},{"floor":20,"key":"Block Potion"},{"floor":35,"key":"SteroidPotion"},{"floor":41,"key":"SkillPotion"},{"floor":47,"key":"FocusPotion"},{"floor":48,"key":"Weak Potion"}],"is_trial":false,"path_per_floor":["M","?","M","M","M","R","E","R","T","E","$","R","?","E","R","B",null,"M","$","M","?","M","R","?","R","T","?","R","$","M","M","R","B",null,"M","?","?","M","?","M","E","R","T","E","M","R","E","M","R","B",null],"character_chosen":"DEFECT","items_purchased":["Capacitor","Amplify","MealTicket","Energy Potion","SkillPotion","Defragment","SkillPotion"],"campfire_rested":4,"item_purchase_floors":[11,11,11,11,11,19,29],"current_hp_per_floor":[69,58,58,64,63,63,12,34,34,23,23,23,25,32,32,28,75,69,75,75,75,75,75,75,75,75,75,75,75,75,75,75,62,75,75,57,47,58,49,60,13,35,35,21,14,36,11,14,36,43],"gold":361,"neow_bonus":"RANDOM_COMMON_RELIC","is_prod":false,"is_daily":false,"chose_seed":false,"campfire_upgraded":7,"win_rate":0,"timestamp":1565516674,"path_taken":["M","?","M","M","M","R","E","R","T","E","$","R","?","E","R","BOSS","M","$","M","?","?","R","?","R","T","?","R","$","M","M","R","BOSS","M","?","?","M","?","M","E","R","T","E","M","R","E","M","R","BOSS"],"build_version":"2019-07-18","purchased_purges":2,"victory":true,"max_hp_per_floor":[75,75,75,75,75,75,75,75,75,75,75,75,75,75,75,75,75,75,75,75,75,75,75,75,75,75,75,75,75,75,75,75,75,75,75,75,75,75,75,75,75,75,75,75,75,75,75,75,75,75],"card_choices":[{"not_picked":["Sweeping Beam","Barrage"],"picked":"Self Repair","floor":1},{"not_picked":["Steam","Tempest"],"picked":"Redo","floor":3},{"not_picked":["Melter","Heatsinks"],"picked":"Coolheaded","floor":4},{"not_picked":["Turbo","Redo"],"picked":"Compile Driver","floor":5},{"not_picked":["Turbo","Rip and Tear"],"picked":"FTL","floor":7},{"not_picked":["Gash","Blizzard"],"picked":"Barrage","floor":10},{"not_picked":["Rebound","Fusion"],"picked":"Creative AI","floor":13},{"not_picked":["Blizzard","Static Discharge"],"picked":"Chill","floor":14},{"not_picked":["Amplify","All For One"],"picked":"Reboot","floor":16},{"not_picked":["Leap","Streamline"],"picked":"Loop+1","floor":18},{"not_picked":["Hologram","Static Discharge+1"],"picked":"Force Field","floor":20},{"not_picked":["Turbo","Gash","Hello World"],"picked":"SKIP","floor":22},{"not_picked":["Thunder Strike","Darkness"],"picked":"Glacier","floor":30},{"not_picked":["Streamline","Conserve Battery"],"picked":"Barrage+1","floor":31},{"not_picked":["Meteor Strike","Reboot"],"picked":"Biased Cognition","floor":33},{"not_picked":["Amplify","Gash","Heatsinks"],"picked":"SKIP","floor":35},{"not_picked":["Leap+1","Force Field"],"picked":"Ball Lightning+1","floor":36},{"not_picked":["Secret Weapon","Blind"],"picked":"Bandage Up","floor":37},{"not_picked":["Dark Shackles","HandOfGreed"],"picked":"Panacea","floor":37},{"not_picked":["Good Instincts","The Bomb"],"picked":"Violence","floor":37},{"not_picked":["Coolheaded","Conserve Battery"],"picked":"Defragment","floor":38},{"not_picked":["Scrape+1","Steam Power"],"picked":"Barrage+1","floor":40},{"not_picked":["Barrage","Go for the Eyes"],"picked":"Seek","floor":41},{"not_picked":["Aggregate","Chaos","Thunder Strike"],"picked":"SKIP","floor":44},{"not_picked":["Streamline+1","Sweeping Beam"],"picked":"Consume","floor":45},{"not_picked":["Scrape+1","White Noise+1"],"picked":"Doom and Gloom+1","floor":47},{"not_picked":["Leap+1","Rebound"],"picked":"Ball Lightning+1","floor":48}],"player_experience":525424,"relics_obtained":[{"floor":7,"key":"Old Coin"},{"floor":9,"key":"Gambling Chip"},{"floor":10,"key":"Emotion Chip"},{"floor":13,"key":"Odd Mushroom"},{"floor":14,"key":"Whetstone"},{"floor":26,"key":"Juzu Bracelet"},{"floor":36,"key":"Torii"},{"floor":41,"key":"Pantograph"},{"floor":44,"key":"Thread and Needle"},{"floor":47,"key":"Dead Branch"}],"event_choices":[{"damage_healed":0,"gold_gain":75,"player_choice":"Gather Gold","damage_taken":11,"max_hp_gain":0,"max_hp_loss":0,"event_name":"World of Goop","floor":2,"gold_loss":0},{"damage_healed":0,"gold_gain":0,"player_choice":"Fought Mushrooms","damage_taken":0,"max_hp_gain":0,"max_hp_loss":0,"event_name":"Mushrooms","floor":13,"gold_loss":0},{"cards_removed":["Strike_B"],"damage_healed":0,"gold_gain":0,"player_choice":"Offered Basic","damage_taken":0,"max_hp_gain":0,"max_hp_loss":0,"event_name":"Bonfire Elementals","floor":21,"gold_loss":0},{"damage_healed":0,"gold_gain":0,"player_choice":"Traded Relic","damage_taken":0,"relics_obtained":["Nloth\u0027s Gift"],"max_hp_gain":0,"max_hp_loss":0,"event_name":"N\u0027loth","floor":24,"relics_lost":["Odd Mushroom"],"gold_loss":0},{"damage_healed":0,"gold_gain":0,"player_choice":"Obtained Relic","damage_taken":0,"relics_obtained":["Unceasing Top"],"max_hp_gain":0,"max_hp_loss":0,"event_name":"Addict","floor":27,"gold_loss":85},{"damage_healed":0,"gold_gain":0,"player_choice":"Fight","damage_taken":0,"max_hp_gain":0,"max_hp_loss":0,"event_name":"Mysterious Sphere","floor":36,"gold_loss":0},{"damage_healed":0,"gold_gain":0,"player_choice":"Memory 3","damage_taken":10,"max_hp_gain":0,"max_hp_loss":0,"event_name":"SensoryStone","floor":37,"gold_loss":0},{"damage_healed":0,"gold_gain":0,"player_choice":"Embrace Madness","damage_taken":9,"max_hp_gain":0,"max_hp_loss":0,"event_name":"Winding Halls","floor":39,"gold_loss":0,"cards_obtained":["Madness","Madness"]}],"is_beta":true,"boss_relics":[{"not_picked":["Sozu","Astrolabe"],"picked":"Cursed Key"},{"not_picked":["Empty Cage","Runic Pyramid"],"picked":"Inserter"}],"items_purged_floors":[11,19],"is_endless":false,"potions_floor_spawned":[5,7,13,16,20,31,35,41,47,48],"ascension_level":1}