{"gold_per_floor":[117,117,117,128,142,142,142,155,155,173,185,110,129,139,139,139],"floor_reached":16,"playtime":519,"items_purged":["Regret"],"score":96,"play_id":"fb645f17-6c50-416d-a206-773b269c060e","local_time":"20180827125719","is_ascension_mode":false,"campfire_choices":[{"data":"Sweeping Beam","floor":6,"key":"SMITH"},{"floor":15,"key":"REST"}],"neow_cost":"","seed_source_timestamp":102310138354925,"circlet_count":0,"master_deck":["Strike_B","Strike_B","Strike_B","Strike_B","Defend_B","Defend_B","Defend_B","Zap","Dualcast","Hologram","Sweeping Beam+1","Rebound","Sweeping Beam","Streamline"],"relics":["Cracked Core","Thread and Needle","Potion Belt","Dead Branch"],"potions_floor_usage":[],"damage_taken":[{"damage":7,"enemies":"Small Slimes","floor":1,"turns":4},{"damage":9,"enemies":"Jaw Worm","floor":4,"turns":3},{"damage":0,"enemies":"2 Louse","floor":5,"turns":2},{"damage":5,"enemies":"Large Slime","floor":8,"turns":4},{"damage":9,"enemies":"Exordium Wildlife","floor":10,"turns":4},{"damage":0,"enemies":"3 Louse","floor":11,"turns":1},{"damage":18,"enemies":"Exordium Thugs","floor":13,"turns":3},{"damage":0,"enemies":"Large Slime","floor":14,"turns":3},{"damage":0,"enemies":"The Guardian","floor":16,"turns":1}],"seed_played":"-1584550695477801098","potions_obtained":[{"floor":8,"key":"SneckoOil"},{"floor":10,"key":"Strength Potion"},{"floor":11,"key":"FairyPotion"},{"floor":13,"key":"GamblersBrew"}],"is_trial":false,"path_per_floor":["M","?","?","M","M","R","?","M","T","M","M","$","M","M","R"],"character_chosen":"DEFECT","items_purchased":[],"campfire_rested":1,"item_purchase_floors":[],"current_hp_per_floor":[68,68,65,56,56,56,56,51,51,42,42,42,24,24,46,46],"gold":139,"neow_bonus":"","is_prod":false,"is_daily":false,"chose_seed":false,"campfire_upgraded":1,"win_rate":0,"timestamp":1535399839,"path_taken":["M","?","?","M","?","R","?","?","T","M","?","$","M","M","R","BOSS"],"build_version":"2018-08-23v2","purchased_purges":1,"victory":false,"max_hp_per_floor":[75,75,75,75,75,75,75,75,75,75,75,75,75,75,75,75],"card_choices":[{"not_picked":["Stack","Turbo"],"picked":"Hologram","floor":1},{"not_picked":["BootSequence","Compile Driver"],"picked":"Sweeping Beam","floor":4},{"not_picked":["Cold Snap","Static Discharge"],"picked":"Rebound","floor":5},{"not_picked":["Force Field","Fusion","Coolheaded"],"picked":"SKIP","floor":8},{"not_picked":["Steam","Stack"],"picked":"Sweeping Beam","floor":10},{"not_picked":["Doom and Gloom","Reprogram"],"picked":"Streamline","floor":11},{"not_picked":["Stack","Biased Cognition","Static Discharge"],"picked":"SKIP","floor":13},{"not_picked":["Hologram","Redo","Steam"],"picked":"SKIP","floor":14}],"player_experience":723067,"relics_obtained":[{"floor":9,"key":"Dead Branch"}],"event_choices":[{"event_name":"Big Fish","player_choice":"Box","floor":2,"damage_taken":0},{"event_name":"Scrap Ooze","player_choice":"success","floor":3,"damage_taken":3},{"event_name":"Living Wall","player_choice":"Forget","floor":7,"damage_taken":0}],"is_beta":false,"boss_relics":[],"items_purged_floors":[12],"is_endless":false,"potions_floor_spawned":[8,10,11,13],"killed_by":"The Guardian","ascension_level":0}