{"gold_per_floor":[116,116,69,69,69,103,103,147,147,183,108,8,8,32,32,160,160,183,199,224,224,242,242,242,286,359,378,421,296,312,312,312,312],"floor_reached":33,"playtime":2101,"items_purged":["Defend_R","Defend_R","Defend_R"],"score":429,"play_id":"b8c9bc3c-0daa-4660-b842-3f5e3a340528","local_time":"20190602191137","is_ascension_mode":true,"campfire_choices":[{"data":"Perfected Strike","floor":7,"key":"SMITH"},{"data":"Perfected Strike","floor":13,"key":"SMITH"},{"floor":15,"key":"REST"},{"data":"Perfected Strike","floor":23,"key":"SMITH"},{"data":"Perfected Strike","floor":32,"key":"SMITH"}],"neow_cost":"NONE","seed_source_timestamp":680263086833708,"circlet_count":0,"master_deck":["Strike_R","Strike_R","Strike_R+1","Strike_R+1","Strike_R","Bash","Perfected Strike+1","Perfected Strike+1","Spot Weakness","Battle Trance","Perfected Strike+1","Perfected Strike+1","Twin Strike"],"relics":["Burning Blood","NeowsBlessing","Golden Idol","Dodecahedron","Champion Belt","Letter Opener","Sundial","Philosopher\u0027s Stone","MutagenicStrength","Vajra","Shuriken","Omamori","SsserpentHead"],"potions_floor_usage":[16,22,28,28],"damage_taken":[{"damage":0,"enemies":"Jaw Worm","floor":1,"turns":1},{"damage":0,"enemies":"3 Sentries","floor":6,"turns":2},{"damage":0,"enemies":"Lagavulin","floor":8,"turns":1},{"damage":30,"enemies":"3 Sentries","floor":10,"turns":5},{"damage":0,"enemies":"Small Slimes","floor":14,"turns":2},{"damage":41,"enemies":"The Guardian","floor":16,"turns":7},{"damage":12,"enemies":"Shell Parasite","floor":18,"turns":2},{"damage":24,"enemies":"3 Byrds","floor":19,"turns":4},{"damage":32,"enemies":"Shelled Parasite and Fungi","floor":20,"turns":3},{"damage":0,"enemies":"Cultist and Chosen","floor":22,"turns":3},{"damage":30,"enemies":"Slavers","floor":25,"turns":3},{"damage":0,"enemies":"Snecko","floor":27,"turns":2},{"damage":33,"enemies":"Gremlin Leader","floor":28,"turns":3},{"damage":7,"enemies":"3 Cultists","floor":30,"turns":3},{"damage":36,"enemies":"Automaton","floor":33,"turns":4}],"seed_played":"7809312245143849391","potions_obtained":[{"floor":1,"key":"Poison Potion"},{"floor":16,"key":"Strength Potion"},{"floor":20,"key":"Block Potion"},{"floor":25,"key":"GamblersBrew"},{"floor":27,"key":"Dexterity Potion"}],"is_trial":false,"path_per_floor":["M","?","$","?","?","E","R","E","T","E","$","$","R","M","R","B",null,"M","M","M","?","M","R","?","E","T","M","E","$","M","?","R","B"],"character_chosen":"IRONCLAD","items_purchased":["Perfected Strike"],"campfire_rested":1,"item_purchase_floors":[3],"current_hp_per_floor":[80,80,80,60,44,50,50,56,56,32,32,32,32,38,62,27,80,74,56,30,30,36,36,80,56,56,62,35,35,34,34,34,0],"gold":312,"neow_bonus":"THREE_ENEMY_KILL","is_prod":false,"is_daily":false,"chose_seed":false,"campfire_upgraded":4,"win_rate":0,"timestamp":1559517097,"path_taken":["M","?","$","?","?","E","R","E","T","E","?","$","R","M","R","BOSS","M","M","?","?","M","R","?","E","T","M","E","$","?","?","R","BOSS"],"build_version":"2019-01-23","purchased_purges":3,"victory":false,"max_hp_per_floor":[80,80,80,80,80,80,80,80,80,80,80,80,80,80,80,80,80,80,80,80,80,80,80,80,80,80,80,80,80,80,80,80,80],"card_choices":[{"not_picked":["Cleave","Pommel Strike"],"picked":"Perfected Strike","floor":1},{"not_picked":["Cleave","Sword Boomerang"],"picked":"Spot Weakness","floor":6},{"not_picked":["Ghostly Armor","Cleave","Headbutt"],"picked":"SKIP","floor":8},{"not_picked":["Dropkick","Evolve","Searing Blow"],"picked":"SKIP","floor":10},{"not_picked":["Anger","Fire Breathing","Armaments"],"picked":"SKIP","floor":14},{"not_picked":["Cleave+1","Anger+1","Sever Soul+1"],"picked":"SKIP","floor":18},{"not_picked":["Ghostly Armor+1","Uppercut"],"picked":"Battle Trance","floor":19},{"not_picked":["Headbutt+1","Shrug It Off","True Grit"],"picked":"SKIP","floor":20},{"not_picked":["Inflame","Dual Wield"],"picked":"Perfected Strike","floor":22},{"not_picked":["Wild Strike+1","Demon Form"],"picked":"Perfected Strike","floor":25},{"not_picked":["Clothesline+1","Searing Blow"],"picked":"Twin Strike","floor":27},{"not_picked":["Inflame","Evolve","Hemokinesis"],"picked":"SKIP","floor":28},{"not_picked":["Havoc","Flex","Warcry"],"picked":"SKIP","floor":30}],"player_experience":34575,"relics_obtained":[{"floor":6,"key":"Dodecahedron"},{"floor":8,"key":"Champion Belt"},{"floor":9,"key":"Letter Opener"},{"floor":10,"key":"Sundial"},{"floor":25,"key":"Vajra"},{"floor":26,"key":"Shuriken"},{"floor":28,"key":"Omamori"}],"event_choices":[{"cards_removed":["Defend_R"],"damage_healed":0,"gold_gain":0,"player_choice":"Forget","damage_taken":0,"max_hp_gain":0,"max_hp_loss":0,"event_name":"Living Wall","floor":2,"gold_loss":0},{"damage_healed":0,"gold_gain":0,"player_choice":"Take Damage","damage_taken":20,"relics_obtained":["Golden Idol"],"max_hp_gain":0,"max_hp_loss":0,"event_name":"Golden Idol","floor":4,"gold_loss":0},{"damage_healed":0,"gold_gain":0,"player_choice":"Entered Light","damage_taken":16,"max_hp_gain":0,"max_hp_loss":0,"event_name":"Shining Light","floor":5,"gold_loss":0,"cards_upgraded":["Strike_R","Strike_R"]},{"damage_healed":0,"gold_gain":0,"player_choice":"Inject Mutagens","damage_taken":0,"relics_obtained":["MutagenicStrength"],"max_hp_gain":0,"max_hp_loss":0,"event_name":"Drug Dealer","floor":21,"gold_loss":0},{"damage_healed":44,"gold_gain":0,"player_choice":"Full Heal","damage_taken":0,"max_hp_gain":0,"max_hp_loss":0,"event_name":"Wheel of Change","floor":24,"gold_loss":0},{"damage_healed":0,"gold_gain":0,"player_choice":"Trade","damage_taken":0,"relics_obtained":["SsserpentHead"],"max_hp_gain":0,"max_hp_loss":0,"event_name":"FaceTrader","floor":31,"gold_loss":0}],"is_beta":false,"boss_relics":[{"not_picked":["Lizard Tail","White Beast Statue"],"picked":"Philosopher\u0027s Stone"}],"items_purged_floors":[11,12,29],"is_endless":false,"potions_floor_spawned":[1,16,20,25,27],"killed_by":"Automaton","ascension_level":3}