{"gold_per_floor":[17,17,36,55,68,68,99,99,126,126,140,173,173,18,18,120,120,135,151,5,5,22,55,55,113,113,113,113,113,28,47,47,150,150,168,68,81,99,99,134,134,146,146,158,170,201,213,243,255,267],"floor_reached":51,"playtime":3697,"items_purged":["Strike_G","Decay"],"score":993,"play_id":"eaa1bf7d-cf74-493a-9b04-0cc3311180bd","local_time":"20180901112051","is_ascension_mode":true,"campfire_choices":[{"data":"Noxious Fumes","floor":6,"key":"SMITH"},{"data":"Bane","floor":8,"key":"SMITH"},{"data":"Well Laid Plans","floor":13,"key":"SMITH"},{"floor":15,"key":"REST"},{"floor":27,"key":"REST"},{"data":"Footwork","floor":29,"key":"SMITH"},{"floor":32,"key":"REST"},{"data":"Noxious Fumes","floor":45,"key":"SMITH"},{"data":"Leg Sweep","floor":47,"key":"SMITH"},{"floor":49,"key":"REST"}],"neow_cost":"NO_GOLD","seed_source_timestamp":437365436264261,"circlet_count":0,"master_deck":["Defend_G","Defend_G","Defend_G","Defend_G","Defend_G","Strike_G","Strike_G","Strike_G","Survivor","Neutralize+1","Dagger Throw+1","Noxious Fumes+1","Deadly Poison","Bane+1","Backflip","Well Laid Plans+1","Noxious Fumes+1","Die Die Die","Backflip+1","Dodge and Roll+1","Footwork+1","Leg Sweep+1","Deadly Poison","Adrenaline+1","Sucker Punch+1","Dash+1","Die Die Die","Deadly Poison+1","Dodge and Roll+1","Flash of Steel","Escape Plan+1","Dodge and Roll","PiercingWail","Deadly Poison"],"relics":["Ring of the Snake","Strawberry","Whetstone","Juzu Bracelet","Sozu","MutagenicStrength","Boot","Tiny Chest","Meat on the Bone","Regal Pillow","Orrery","Dream Catcher","MawBank"],"potions_floor_usage":[7,12,16,16],"damage_taken":[{"damage":3,"enemies":"Jaw Worm","floor":1,"turns":4},{"damage":0,"enemies":"Cultist","floor":3,"turns":4},{"damage":0,"enemies":"2 Louse","floor":4,"turns":4},{"damage":8,"enemies":"Exordium Wildlife","floor":5,"turns":5},{"damage":15,"enemies":"3 Sentries","floor":7,"turns":6},{"damage":13,"enemies":"3 Louse","floor":11,"turns":4},{"damage":7,"enemies":"Lagavulin","floor":12,"turns":5},{"damage":0,"enemies":"Slime Boss","floor":16,"turns":6},{"damage":0,"enemies":"Chosen","floor":18,"turns":4},{"damage":7,"enemies":"Spheric Guardian","floor":19,"turns":5},{"damage":20,"enemies":"Centurion and Healer","floor":22,"turns":5},{"damage":38,"enemies":"Slavers","floor":23,"turns":5},{"damage":14,"enemies":"Book of Stabbing","floor":25,"turns":7},{"damage":10,"enemies":"Colosseum Slavers","floor":28,"turns":4},{"damage":5,"enemies":"Snake Plant","floor":31,"turns":5},{"damage":27,"enemies":"Champ","floor":33,"turns":12},{"damage":11,"enemies":"Orb Walker","floor":35,"turns":3},{"damage":8,"enemies":"3 Darklings","floor":37,"turns":4},{"damage":39,"enemies":"Transient","floor":38,"turns":5},{"damage":19,"enemies":"Nemesis","floor":40,"turns":9},{"damage":1,"enemies":"Spire Growth","floor":42,"turns":7},{"damage":17,"enemies":"Sphere and 2 Shapes","floor":46,"turns":6},{"damage":27,"enemies":"4 Shapes","floor":48,"turns":6},{"damage":38,"enemies":"Donu and Deca","floor":50,"turns":12}],"seed_played":"8882741758153534245","potions_obtained":[{"floor":1,"key":"LiquidBronze"},{"floor":2,"key":"GhostInAJar"},{"floor":2,"key":"Fire Potion"},{"floor":2,"key":"Block Potion"},{"floor":11,"key":"SteroidPotion"}],"is_trial":false,"path_per_floor":["M","?","M","M","M","R","E","R","T","?","M","E","R","$","R","B",null,"M","M","$","?","M","E","?","E","T","R","?","R","?","M","R","B",null,"M","$","M","M","?","E","?","M","T","?","R","M","R","M","R","B"],"character_chosen":"THE_SILENT","items_purchased":["Noxious Fumes","Footwork","Leg Sweep"],"campfire_rested":4,"item_purchase_floors":[14,20,20],"current_hp_per_floor":[74,74,74,74,66,66,58,58,58,58,45,38,38,38,65,65,85,85,78,78,78,58,20,20,6,6,33,35,35,35,42,84,57,83,72,72,64,37,37,30,30,41,41,41,41,36,36,21,63,37],"gold":279,"neow_bonus":"TWENTY_PERCENT_HP_BONUS","is_prod":false,"is_daily":false,"chose_seed":false,"campfire_upgraded":6,"win_rate":0,"timestamp":1535826051,"path_taken":["M","?","M","M","M","R","E","R","T","?","M","E","R","$","R","BOSS","M","M","$","?","M","E","?","E","T","R","?","R","?","M","R","BOSS","M","$","M","M","?","E","?","M","T","?","R","M","R","M","R","BOSS"],"build_version":"2018-08-30","purchased_purges":2,"victory":true,"max_hp_per_floor":[84,84,84,84,84,84,91,91,91,91,91,91,91,91,91,91,91,91,91,91,91,91,91,91,91,91,91,91,91,91,91,91,91,91,91,91,91,91,91,91,91,91,91,91,91,91,91,91,91,91],"card_choices":[{"not_picked":["Backflip","Outmaneuver"],"picked":"Dagger Throw","floor":1},{"not_picked":["Choke","Dagger Throw"],"picked":"Noxious Fumes","floor":3},{"not_picked":["Finisher","Malaise","Masterful Stab"],"picked":"SKIP","floor":4},{"not_picked":["Quick Slash","Choke"],"picked":"Deadly Poison","floor":5},{"not_picked":["Dagger Throw","Blade Dance"],"picked":"Bane","floor":7},{"not_picked":["PiercingWail","Prepared"],"picked":"Backflip","floor":11},{"not_picked":["Dagger Throw","Storm of Steel"],"picked":"Well Laid Plans","floor":12},{"not_picked":["Tools of the Trade","Night Terror"],"picked":"Die Die Die","floor":16},{"not_picked":["Expertise","Cloak And Dagger"],"picked":"Backflip+1","floor":18},{"not_picked":["Deadly Poison+1","Distraction"],"picked":"Dodge and Roll+1","floor":19},{"not_picked":["Dagger Spray+1","Blade Dance","Slice"],"picked":"SKIP","floor":22},{"not_picked":["Predator","Phantasmal Killer"],"picked":"Deadly Poison","floor":23},{"not_picked":["Infinite Blades","Dagger Spray","Cloak And Dagger"],"picked":"SKIP","floor":25},{"not_picked":["Slice+1","Tactician","Underhanded Strike"],"picked":"SKIP","floor":31},{"not_picked":["After Image","Envenom"],"picked":"Adrenaline","floor":33},{"not_picked":["Skewer+1","PiercingWail+1"],"picked":"Sucker Punch+1","floor":34},{"not_picked":["Blade Dance","Sucker Punch+1"],"picked":"Dash+1","floor":34},{"not_picked":["Outmaneuver","Deflect"],"picked":"Die Die Die","floor":34},{"not_picked":["Blade Dance+1","Quick Slash"],"picked":"Deadly Poison+1","floor":35},{"not_picked":["Choke+1","Blade Dance+1"],"picked":"Dodge and Roll+1","floor":37},{"not_picked":["Reflex+1","Distraction","Acrobatics"],"picked":"SKIP","floor":38},{"not_picked":["Deep Breath","Good Instincts"],"picked":"Flash of Steel","floor":39},{"not_picked":["Cloak And Dagger+1","Deflect+1","Night Terror"],"picked":"SKIP","floor":40},{"not_picked":["Quick Slash+1","Riddle With Holes+1"],"picked":"Escape Plan+1","floor":42},{"not_picked":["Underhanded Strike+1","Tactician"],"picked":"Dodge and Roll","floor":46},{"not_picked":["Dagger Throw+1","Sucker Punch+1"],"picked":"PiercingWail","floor":48},{"not_picked":["Eviscerate+1","Prepared+1"],"picked":"Deadly Poison","floor":49}],"player_experience":744021,"relics_obtained":[{"floor":7,"key":"Strawberry"},{"floor":9,"key":"Whetstone"},{"floor":12,"key":"Juzu Bracelet"},{"floor":23,"key":"Boot"},{"floor":25,"key":"Tiny Chest"},{"floor":26,"key":"Meat on the Bone"},{"floor":40,"key":"Dream Catcher"},{"floor":43,"key":"MawBank"}],"event_choices":[{"event_name":"The Lab","player_choice":"Got Potions","floor":2,"damage_taken":0},{"event_name":"Liars Game","player_choice":"disagreed","floor":10,"damage_taken":0},{"event_name":"Drug Dealer","player_choice":"Inject Mutagens","floor":21,"damage_taken":0},{"event_name":"Forgotten Altar","player_choice":"Smashed Altar","floor":24,"damage_taken":0},{"event_name":"Colosseum","player_choice":"Fight","floor":28,"damage_taken":0},{"event_name":"Colosseum","player_choice":"Fled From Nobs","floor":28,"damage_taken":0},{"event_name":"Addict","player_choice":"Obtained Relic","floor":30,"damage_taken":0},{"event_name":"SensoryStone","player_choice":"Memory 1","floor":39,"damage_taken":0},{"event_name":"Falling","player_choice":"Removed Attack","floor":41,"damage_taken":0},{"event_name":"Upgrade Shrine","player_choice":"Upgraded","floor":44,"damage_taken":0}],"is_beta":false,"boss_relics":[{"not_picked":["Empty Cage","Runic Pyramid"],"picked":"Sozu"},{"not_picked":["HoveringKite","Pandora\u0027s Box"],"picked":"Orrery"}],"items_purged_floors":[14,36],"is_endless":false,"potions_floor_spawned":[1,5,11,18,22,28,35,40,48],"ascension_level":6}