{"gold_per_floor":[110,35,110,129,141,167,182,82,82,107,126,126,126,145,145,241,241,253,269,269,74,93,93,105,105,130,143,159,159,159,24,24,24],"floor_reached":33,"playtime":2416,"items_purged":["Strike_B","Strike_B","Blizzard+1"],"score":297,"play_id":"20d162b9-051d-4ca3-ab4a-a0be8564af33","local_time":"20190811095946","is_ascension_mode":true,"campfire_choices":[{"data":"Leap","floor":13,"key":"SMITH"},{"floor":15,"key":"REST"},{"data":"Defragment","floor":23,"key":"SMITH"},{"floor":25,"key":"REST"},{"data":"Defragment","floor":30,"key":"SMITH"},{"floor":32,"key":"REST"}],"neow_cost":"NONE","seed_source_timestamp":1077233112539500,"circlet_count":0,"master_deck":["Zap","Dualcast","Sunder+1","Defragment+1","Leap+1","Defragment","Ball Lightning+1","Thunder Strike+1","Electrodynamics","White Noise","Leap","Conserve Battery","Turbo","Doom and Gloom+1","Defragment+1","Defragment","Stack","Conserve Battery","Fusion","Consume","Coolheaded","Impatience"],"relics":["Cracked Core","Molten Egg 2","Whetstone","Pandora\u0027s Box","Anchor"],"potions_floor_usage":[10,11,11,22,24,27,33,33],"damage_taken":[{"damage":3,"enemies":"Jaw Worm","floor":1,"turns":3},{"damage":2,"enemies":"Small Slimes","floor":4,"turns":3},{"damage":1,"enemies":"Cultist","floor":5,"turns":3},{"damage":13,"enemies":"Lagavulin","floor":6,"turns":7},{"damage":4,"enemies":"Blue Slaver","floor":7,"turns":4},{"damage":18,"enemies":"Gremlin Nob","floor":10,"turns":4},{"damage":19,"enemies":"Gremlin Gang","floor":11,"turns":4},{"damage":0,"enemies":"Exordium Wildlife","floor":14,"turns":3},{"damage":20,"enemies":"The Guardian","floor":16,"turns":10},{"damage":21,"enemies":"2 Thieves","floor":18,"turns":3},{"damage":20,"enemies":"Spheric Guardian","floor":19,"turns":4},{"damage":15,"enemies":"Cultist and Chosen","floor":22,"turns":4},{"damage":16,"enemies":"Sentry and Sphere","floor":24,"turns":6},{"damage":10,"enemies":"Centurion and Healer","floor":27,"turns":5},{"damage":15,"enemies":"3 Cultists","floor":28,"turns":4},{"damage":36,"enemies":"Champ","floor":33,"turns":11}],"seed_played":"1895157820991856000","potions_obtained":[{"floor":6,"key":"LiquidBronze"},{"floor":7,"key":"SneckoOil"},{"floor":10,"key":"SneckoOil"},{"floor":16,"key":"Dexterity Potion"},{"floor":18,"key":"EssenceOfSteel"},{"floor":19,"key":"Poison Potion"},{"floor":22,"key":"Block Potion"},{"floor":28,"key":"SteroidPotion"}],"is_trial":false,"path_per_floor":["M","$","?","M","M","E","M","$","T","E","M","?","R","M","R","B",null,"M","M","?","$","M","R","M","R","T","M","M","?","R","$","R","B"],"character_chosen":"DEFECT","items_purchased":["Defragment","Coolheaded","Impatience"],"campfire_rested":3,"item_purchase_floors":[21,31,31],"current_hp_per_floor":[79,79,68,66,65,52,48,48,48,30,11,11,11,11,35,15,82,61,41,41,41,26,26,10,34,34,24,9,9,9,9,33,0],"gold":24,"neow_bonus":"TEN_PERCENT_HP_BONUS","is_prod":false,"is_daily":false,"chose_seed":false,"campfire_upgraded":3,"win_rate":0,"timestamp":1565510386,"path_taken":["M","$","?","M","M","E","M","$","T","E","M","?","R","M","R","BOSS","M","?","?","$","M","R","?","R","T","M","M","?","R","?","R","BOSS"],"build_version":"2019-07-18","purchased_purges":3,"victory":false,"max_hp_per_floor":[82,82,82,82,82,82,82,82,82,82,82,82,82,82,82,82,82,82,82,82,82,82,82,82,82,82,82,82,82,82,82,82,82],"card_choices":[{"not_picked":["Beam Cell","Cold Snap"],"picked":"Sunder","floor":1},{"not_picked":["Gash","Turbo"],"picked":"Defragment","floor":4},{"not_picked":["Go for the Eyes","Compile Driver"],"picked":"Leap","floor":5},{"not_picked":["Sweeping Beam","Force Field"],"picked":"Defragment","floor":6},{"not_picked":["Tempest","Gash+1","Conserve Battery"],"picked":"SKIP","floor":7},{"not_picked":["Coolheaded","Skim"],"picked":"Buffer","floor":10},{"not_picked":["Compile Driver+1","Stack","Streamline+1"],"picked":"SKIP","floor":11},{"not_picked":["Turbo","Genetic Algorithm"],"picked":"Ball Lightning+1","floor":14},{"not_picked":["Multi-Cast","Fission"],"picked":"Thunder Strike+1","floor":16},{"not_picked":["Gash+1","Turbo+1"],"picked":"Doom and Gloom+1","floor":18},{"not_picked":["Streamline+1","Chill+1"],"picked":"Defragment","floor":19},{"not_picked":["Recycle","Turbo"],"picked":"Stack","floor":22},{"not_picked":["Barrage+1","Storm+1","Turbo"],"picked":"SKIP","floor":24},{"not_picked":["Doom and Gloom+1","Blizzard+1"],"picked":"Stack","floor":27},{"not_picked":["Melter+1","Darkness+1"],"picked":"Conserve Battery","floor":28}],"player_experience":523008,"relics_obtained":[{"floor":6,"key":"Molten Egg 2"},{"floor":10,"key":"Whetstone"},{"floor":26,"key":"Anchor"}],"event_choices":[{"damage_healed":0,"gold_gain":75,"player_choice":"Gather Gold","damage_taken":11,"max_hp_gain":0,"max_hp_loss":0,"event_name":"World of Goop","floor":3,"gold_loss":0},{"cards_removed":["Buffer"],"damage_healed":0,"gold_gain":0,"player_choice":"Took Card","damage_taken":0,"max_hp_gain":0,"max_hp_loss":0,"event_name":"NoteForYourself","floor":12,"gold_loss":0,"cards_obtained":["Strike_B"]},{"damage_healed":0,"gold_gain":0,"player_choice":"Ignored","damage_taken":0,"max_hp_gain":0,"max_hp_loss":0,"event_name":"N\u0027loth","floor":20,"gold_loss":0},{"damage_healed":0,"gold_gain":0,"cards_transformed":["Recycle","Stack"],"player_choice":"Became Test Subject","damage_taken":0,"max_hp_gain":0,"max_hp_loss":0,"event_name":"Drug Dealer","floor":29,"gold_loss":0,"cards_obtained":["Fusion","Consume"]}],"is_beta":true,"boss_relics":[{"not_picked":["FrozenCore","Lizard Tail"],"picked":"Pandora\u0027s Box"}],"items_purged_floors":[2,8,21],"is_endless":false,"potions_floor_spawned":[6,7,10,16,18,19,22,28],"killed_by":"Champ","ascension_level":1}