{"gold_per_floor":[113,31,31,50,63,63,83,113,113,125,155,30,30,30,30,129,129,145,70,82,99,123,123,149,149,149,181,131,151,178,188,188,286,286,301,353,149,166,180,180,197,226,277,311,331,350,375,375,375,375],"floor_reached":51,"playtime":6644,"items_purged":["Strike_B","Strike_B","Defend_B"],"score":1598,"play_id":"445fb34c-e52e-460b-8ec8-70d693246d07","local_time":"20180911183323","is_ascension_mode":true,"campfire_choices":[{"data":"Self Repair","floor":6.0,"key":"SMITH"},{"data":"Hologram","floor":15.0,"key":"SMITH"},{"data":"Hologram","floor":23.0,"key":"SMITH"},{"data":"Hologram","floor":32.0,"key":"SMITH"},{"data":"Hologram","floor":40,"key":"SMITH"},{"floor":49,"key":"REST"}],"neow_cost":"NONE","seed_source_timestamp":0,"circlet_count":0,"master_deck":["Strike_B+1","Strike_B+1","Defend_B+1","Defend_B+1","Zap+1","Dualcast+1","AscendersBane","Self Repair+1","Hologram+1","Sunder+1","Force Field+1","Hologram+1","All For One+1","Sunder+1","Streamline+1","Hologram+1","Buffer+1","Force Field+1","Hologram+1","Streamline+1","Hologram+1","Skim+1","Streamline+1"],"special_seed":0,"relics":["Snecko Eye","Centennial Puzzle","Bag of Preparation","Singing Bowl","Tiny Chest","Nuclear Battery","Smiling Mask","Lantern","Mummified Hand","Blood Vial","FossilizedHelix","Philosopher\u0027s Stone","Dead Branch","Bag of Marbles","War Paint","Anchor","Shuriken","DataDisk","Mark of the Bloom"],"potions_floor_usage":[42,50,50,50],"damage_taken":[{"damage":17.0,"enemies":"Jaw Worm","floor":1.0,"turns":6.0},{"damage":3.0,"enemies":"2 Louse","floor":4.0,"turns":3.0},{"damage":11.0,"enemies":"Small Slimes","floor":5.0,"turns":4.0},{"damage":0.0,"enemies":"2 Fungi Beasts","floor":7.0,"turns":2.0},{"damage":5.0,"enemies":"3 Sentries","floor":8.0,"turns":6.0},{"damage":13.0,"enemies":"Blue Slaver","floor":10.0,"turns":2.0},{"damage":7.0,"enemies":"Lagavulin","floor":11.0,"turns":5.0},{"damage":29.0,"enemies":"The Guardian","floor":16.0,"turns":12.0},{"damage":2.0,"enemies":"Chosen","floor":18.0,"turns":4.0},{"damage":0.0,"enemies":"3 Byrds","floor":20.0,"turns":2.0},{"damage":0.0,"enemies":"Centurion and Healer","floor":21.0,"turns":2.0},{"damage":0.0,"enemies":"Book of Stabbing","floor":24.0,"turns":1.0},{"damage":0.0,"enemies":"Slavers","floor":27.0,"turns":3.0},{"damage":0.0,"enemies":"Snake Plant","floor":29.0,"turns":2.0},{"damage":0.0,"enemies":"Gremlin Leader","floor":30.0,"turns":5.0},{"damage":0.0,"enemies":"Sentry and Sphere","floor":31.0,"turns":2.0},{"damage":0.0,"enemies":"Collector","floor":33.0,"turns":2.0},{"damage":0,"enemies":"Orb Walker","floor":35,"turns":1},{"damage":0,"enemies":"Mysterious Sphere","floor":36,"turns":2},{"damage":0,"enemies":"3 Darklings","floor":38,"turns":2},{"damage":0,"enemies":"Sphere and 2 Shapes","floor":39,"turns":1},{"damage":0,"enemies":"Reptomancer","floor":41,"turns":2},{"damage":0,"enemies":"2 Orb Walkers","floor":42,"turns":4},{"damage":0,"enemies":"Giant Head","floor":44,"turns":5},{"damage":0,"enemies":"3 Darklings","floor":45,"turns":2},{"damage":0,"enemies":"Spire Growth","floor":46,"turns":3},{"damage":0,"enemies":"2 Orb Walkers","floor":47,"turns":2},{"damage":0,"enemies":"Donu and Deca","floor":50,"turns":4}],"seed_played":"3735714880675317813","potions_obtained":[{"floor":5.0,"key":"EssenceOfSteel"},{"floor":7.0,"key":"Dexterity Potion"},{"floor":8.0,"key":"Swift Potion"},{"floor":11.0,"key":"SpeedPotion"},{"floor":20.0,"key":"Weak Potion"},{"floor":27.0,"key":"FearPotion"},{"floor":42,"key":"Weak Potion"},{"floor":46,"key":"SkillPotion"}],"is_trial":false,"path_per_floor":["M","$","?","M","M","R","M","E","T","M","E","$","?","$","R","B",null,"M","$","M","M","T","R","E","?","T","E","$","M","E","M","R","B",null,"M","?","$","M","M","R","M","E","T","E","M","M","E","?","R","B"],"character_chosen":"DEFECT","items_purchased":["Self Repair","Tiny Chest","Bag of Marbles"],"campfire_rested":1,"item_purchase_floors":[2,12,37],"current_hp_per_floor":[51,51,36,40,36,36,36,41,41,38,41,41,41,41,41,22,62,72,72,74,79,79,79,79,79,79,79,79,81,83,85,85,85,85,87,89,89,89,89,89,89,91,91,93,93,93,93,93,93,93],"gold":375,"neow_bonus":"BOSS_RELIC","is_prod":false,"is_daily":false,"chose_seed":false,"campfire_upgraded":5,"win_rate":0,"timestamp":1536716003,"path_taken":["M","$","?","M","M","R","M","E","T","M","E","$","?","?","R","BOSS","M","$","M","M","?","R","E","?","T","E","$","M","E","M","R","BOSS","M","?","$","M","M","R","M","E","T","E","M","M","E","?","R","BOSS"],"build_version":"2018-09-06","purchased_purges":3,"victory":true,"max_hp_per_floor":[75,75,75,75,75,75,75,75,75,75,75,75,75,75,75,75,75,77,77,79,79,79,79,79,79,79,79,79,81,83,85,85,85,85,87,89,89,89,89,89,89,91,91,93,93,93,93,93,93,93],"card_choices":[{"not_picked":["Sweeping Beam","Reprogram","Go for the Eyes"],"picked":"SKIP","floor":1.0},{"not_picked":["Ball Lightning","Go for the Eyes"],"picked":"Hologram","floor":4.0},{"not_picked":["Lockon","Double Energy"],"picked":"Sunder","floor":5.0},{"not_picked":["Turbo","Sweeping Beam","Go for the Eyes"],"picked":"SKIP","floor":7.0},{"not_picked":["Turbo","Leap","BootSequence"],"picked":"SKIP","floor":8.0},{"not_picked":["Steam","Coolheaded"],"picked":"Force Field","floor":10.0},{"not_picked":["Skim","Stack"],"picked":"Hologram","floor":11.0},{"not_picked":["Buffer","Thunder Strike"],"picked":"All For One","floor":16.0},{"not_picked":["Rip and Tear","Darkness+1","Rebound+1"],"picked":"Singing Bowl","floor":18.0},{"not_picked":["Ball Lightning+1","Steam Power","Sweeping Beam"],"picked":"Singing Bowl","floor":20.0},{"not_picked":["Steam Power","Capacitor"],"picked":"Sunder+1","floor":21.0},{"not_picked":["Storm","Coolheaded"],"picked":"Streamline","floor":24.0},{"not_picked":["Barrage+1","Beam Cell"],"picked":"Hologram","floor":27.0},{"not_picked":["Chaos+1","Tempest+1","Rebound"],"picked":"Singing Bowl","floor":29.0},{"not_picked":["Rip and Tear","Compile Driver","Steam"],"picked":"Singing Bowl","floor":30.0},{"not_picked":["Reboot","Consume","Steam+1"],"picked":"Singing Bowl","floor":31.0},{"not_picked":["Thunder Strike","Reboot"],"picked":"Buffer","floor":33.0},{"not_picked":["Genetic Algorithm+1","Turbo+1","Double Energy+1"],"picked":"Singing Bowl","floor":35},{"not_picked":["Coolheaded","White Noise","Sweeping Beam"],"picked":"Singing Bowl","floor":36},{"not_picked":["Sweeping Beam+1","Beam Cell+1"],"picked":"Force Field+1","floor":38},{"not_picked":["Sweeping Beam","Leap"],"picked":"Hologram","floor":39},{"not_picked":["Rainbow","Rebound"],"picked":"Streamline+1","floor":41},{"not_picked":["Stack","Sweeping Beam","Barrage+1"],"picked":"Singing Bowl","floor":42},{"not_picked":["Cold Snap","Gash+1","Rebound+1"],"picked":"Singing Bowl","floor":44},{"not_picked":["Thunder Strike","Steam"],"picked":"Hologram+1","floor":45},{"not_picked":["Conserve Battery+1","Compile Driver"],"picked":"Skim","floor":46},{"not_picked":["Electrodynamics","Reprogram"],"picked":"Streamline+1","floor":47}],"player_experience":780689,"relics_obtained":[{"floor":8.0,"key":"Centennial Puzzle"},{"floor":9.0,"key":"Bag of Preparation"},{"floor":11.0,"key":"Singing Bowl"},{"floor":22.0,"key":"Smiling Mask"},{"floor":24.0,"key":"Lantern"},{"floor":26.0,"key":"Mummified Hand"},{"floor":27.0,"key":"Blood Vial"},{"floor":30.0,"key":"FossilizedHelix"},{"floor":36,"key":"Dead Branch"},{"floor":42,"key":"War Paint"},{"floor":43,"key":"Anchor"},{"floor":44,"key":"Shuriken"},{"floor":47,"key":"DataDisk"}],"event_choices":[{"event_name":"Shining Light","player_choice":"Entered Light","floor":3.0,"damage_taken":0.0},{"event_name":"Liars Game","player_choice":"disagreed","floor":13.0,"damage_taken":0.0},{"event_name":"Back to Basics","player_choice":"Elegance","floor":25.0,"damage_taken":0.0},{"event_name":"Mysterious Sphere","player_choice":"Fight","floor":36,"damage_taken":0},{"event_name":"MindBloom","player_choice":"Upgrade","floor":48,"damage_taken":0}],"is_beta":false,"boss_relics":[{"not_picked":["Runic Pyramid","Lizard Tail"],"picked":"Nuclear Battery"},{"not_picked":["Calling Bell","White Beast Statue"],"picked":"Philosopher\u0027s Stone"}],"items_purged_floors":[19,28,37],"is_endless":false,"potions_floor_spawned":[5,7,8,10,11,20,27,38,42,46,47],"ascension_level":10}