{"gold_per_floor":[117,129,29,49,49,49,65,65,65,15,15,15,34,78,78,199,199,213,43,67,91,109,109,109],"floor_reached":24,"playtime":1722,"items_purged":["Strike_B"],"score":346,"play_id":"4eaf9167-713e-4a15-adf3-905935e7935d","local_time":"20180913153840","is_ascension_mode":true,"campfire_choices":[{"data":"Fusion","floor":6,"key":"SMITH"},{"data":"Redo","floor":8,"key":"SMITH"},{"floor":12,"key":"REST"},{"floor":15,"key":"REST"},{"floor":23,"key":"REST"}],"neow_cost":"NONE","seed_source_timestamp":1374756258588426,"circlet_count":0,"master_deck":["Strike_B","Strike_B","Strike_B","Defend_B","Defend_B","Defend_B","AscendersBane","Streamline","Go for the Eyes","Hologram","Turbo","Fusion+1","Redo+1","Hologram","Impatience","Hologram","Gash","All For One","Streamline","Trip"],"relics":["Orrery","Golden Idol","Cables","Pear","Empty Cage"],"potions_floor_usage":[16,21,24,24],"damage_taken":[{"damage":9,"enemies":"Small Slimes","floor":1,"turns":3},{"damage":0,"enemies":"2 Louse","floor":2,"turns":2},{"damage":1,"enemies":"Cultist","floor":4,"turns":3},{"damage":13,"enemies":"Large Slime","floor":7,"turns":5},{"damage":13,"enemies":"Blue Slaver","floor":13,"turns":2},{"damage":21,"enemies":"3 Sentries","floor":14,"turns":9},{"damage":35,"enemies":"Slime Boss","floor":16,"turns":13},{"damage":9,"enemies":"2 Thieves","floor":18,"turns":3},{"damage":32,"enemies":"Spheric Guardian","floor":20,"turns":5},{"damage":0,"enemies":"Cultist and Chosen","floor":21,"turns":2},{"damage":20,"enemies":"3 Cultists","floor":22,"turns":5},{"damage":40,"enemies":"Gremlin Leader","floor":24,"turns":7}],"seed_played":"-896432079719829694","potions_obtained":[{"floor":13,"key":"EntropicBrew"},{"floor":14,"key":"SteroidPotion"},{"floor":16,"key":"SneckoOil"},{"floor":18,"key":"Swift Potion"},{"floor":21,"key":"Weak Potion"}],"is_trial":false,"path_per_floor":["M","M","$","M","?","R","M","R","T","$","?","R","M","E","R","B",null,"M","$","M","M","M","R"],"character_chosen":"DEFECT","items_purchased":["Impatience","Gash","Trip"],"campfire_rested":3,"item_purchase_floors":[3,10,19],"current_hp_per_floor":[59,59,59,58,40,40,27,27,27,27,27,49,36,25,50,15,68,59,59,27,27,7,32,0],"gold":109,"neow_bonus":"BOSS_RELIC","is_prod":false,"is_daily":false,"chose_seed":false,"campfire_upgraded":2,"win_rate":0,"timestamp":1536878320,"path_taken":["M","M","$","M","?","R","M","R","T","$","?","R","M","E","R","BOSS","M","$","M","M","M","R","E"],"build_version":"2018-09-06","purchased_purges":1,"victory":false,"max_hp_per_floor":[75,75,75,75,75,75,75,75,75,75,75,75,75,85,85,85,85,85,85,85,85,85,85,85],"card_choices":[{"not_picked":["Aggregate","Hologram"],"picked":"Streamline","floor":0},{"not_picked":["Stack","Steam"],"picked":"Go for the Eyes","floor":0},{"not_picked":["Sweeping Beam","Rebound"],"picked":"Hologram","floor":0},{"not_picked":["Ball Lightning","Conserve Battery"],"picked":"Turbo","floor":0},{"not_picked":["Cold Snap","Leap"],"picked":"Fusion","floor":0},{"not_picked":["Creative AI","Stack"],"picked":"Redo","floor":1},{"not_picked":["BootSequence","Redo"],"picked":"Hologram","floor":2},{"not_picked":["Doom and Gloom","Compile Driver","Rip and Tear"],"picked":"SKIP","floor":4},{"not_picked":["Conserve Battery","Stack"],"picked":"Hologram","floor":7},{"not_picked":["White Noise","Static Discharge","Undo"],"picked":"SKIP","floor":13},{"not_picked":["Melter","Conserve Battery","Compile Driver"],"picked":"SKIP","floor":14},{"not_picked":["Buffer","Thunder Strike"],"picked":"All For One","floor":16},{"not_picked":["Rip and Tear+1","BootSequence"],"picked":"Streamline","floor":18},{"not_picked":["Coolheaded","Sweeping Beam","Turbo"],"picked":"SKIP","floor":20},{"not_picked":["Coolheaded","Hologram","Chaos+1"],"picked":"SKIP","floor":21},{"not_picked":["Sweeping Beam","Compile Driver","Aggregate"],"picked":"SKIP","floor":22}],"player_experience":798548,"relics_obtained":[{"floor":9,"key":"Cables"},{"floor":14,"key":"Pear"}],"event_choices":[{"event_name":"Golden Idol","player_choice":"Take Damage","floor":5,"damage_taken":0},{"event_name":"Bonfire Elementals","player_choice":"BASIC","floor":11,"damage_taken":0}],"is_beta":false,"boss_relics":[{"not_picked":["Eternal Feather","Lizard Tail"],"picked":"Empty Cage"}],"items_purged_floors":[19],"is_endless":false,"potions_floor_spawned":[13,14,16,18,21,22],"killed_by":"Gremlin Leader","ascension_level":11}