{"gold_per_floor":[99,99,99,69,69,69,69,69,69,69,69,69,69,69,69,69],"floor_reached":16,"playtime":792,"items_purged":[],"score":189,"play_id":"50f21f5e-4db5-4b5f-9bbd-5370b9aa3294","local_time":"20180810140533","is_ascension_mode":true,"campfire_choices":[{"data":"Sweeping Beam","floor":6,"key":"SMITH"},{"floor":12,"key":"REST"},{"floor":15,"key":"REST"}],"neow_cost":"NONE","seed_source_timestamp":0,"circlet_count":0,"master_deck":["Strike_B","Strike_B","Strike_B","Defend_B","Defend_B","Defend_B","Defend_B","Zap","Dualcast","Sweeping Beam+1","Stack","Leap","Streamline","Doom and Gloom","Doom and Gloom"],"special_seed":0,"relics":["Ectoplasm","Boot","Bottled Lightning","Frozen Egg 2"],"potions_floor_usage":[],"damage_taken":[{"damage":3.0,"enemies":"2 Louse","floor":1.0,"turns":2.0},{"damage":2.0,"enemies":"Jaw Worm","floor":2.0,"turns":3.0},{"damage":0.0,"enemies":"Cultist","floor":3.0,"turns":3.0},{"damage":7.0,"enemies":"Looter","floor":4.0,"turns":3.0},{"damage":32,"enemies":"Lagavulin","floor":7,"turns":7},{"damage":34,"enemies":"Gremlin Nob","floor":10,"turns":5},{"damage":0,"enemies":"2 Fungi Beasts","floor":11,"turns":3},{"damage":1,"enemies":"Exordium Wildlife","floor":13,"turns":3},{"damage":4,"enemies":"Blue Slaver","floor":14,"turns":3},{"damage":25,"enemies":"Slime Boss","floor":16,"turns":6}],"seed_played":"7994143424045392573","potions_obtained":[{"floor":2.0,"key":"FocusPotion"},{"floor":3.0,"key":"LiquidBronze"},{"floor":10,"key":"Strength Potion"}],"is_trial":false,"path_per_floor":["M","M","M","M","?","R","E","?","T","E","M","R","M","M","R"],"character_chosen":"DEFECT","items_purchased":[],"campfire_rested":2,"item_purchase_floors":[],"current_hp_per_floor":[72,70,70,63,63,63,31,36,36,2,2,26,25,21,45,20],"gold":69,"neow_bonus":"BOSS_RELIC","is_prod":false,"is_daily":false,"chose_seed":false,"campfire_upgraded":1,"win_rate":0,"timestamp":1533935133,"path_taken":["M","M","M","M","?","R","E","?","T","E","?","R","M","M","R","BOSS"],"build_version":"2018-08-02","purchased_purges":0,"victory":false,"max_hp_per_floor":[75,75,75,75,75,75,75,80,80,80,80,80,80,80,80,80],"card_choices":[{"not_picked":["Barrage","Cold Snap","Recycle"],"picked":"SKIP","floor":1.0},{"not_picked":["Barrage","Hologram","Chaos"],"picked":"SKIP","floor":2.0},{"not_picked":["Hello World","Go for the Eyes","Recycle"],"picked":"SKIP","floor":3.0},{"not_picked":["Sweeping Beam","Creative AI","Compile Driver"],"picked":"SKIP","floor":4.0},{"not_picked":["Creative AI","Compile Driver"],"picked":"Sweeping Beam","floor":4.0},{"not_picked":["Cold Snap","Heatsinks"],"picked":"Stack","floor":7},{"not_picked":["Hello World","Cold Snap"],"picked":"Leap","floor":10},{"not_picked":["Steam","Cold Snap"],"picked":"Streamline","floor":11},{"not_picked":["Multi-Cast","Streamline"],"picked":"Doom and Gloom","floor":13},{"not_picked":["Leap","Beam Cell"],"picked":"Doom and Gloom","floor":14}],"player_experience":593439,"relics_obtained":[{"floor":7,"key":"Boot"},{"floor":9,"key":"Bottled Lightning"},{"floor":10,"key":"Frozen Egg 2"}],"event_choices":[{"event_name":"Living Wall","player_choice":"Forget","floor":5,"damage_taken":0},{"event_name":"Big Fish","player_choice":"Donut","floor":8,"damage_taken":0}],"is_beta":false,"boss_relics":[],"items_purged_floors":[],"is_endless":false,"potions_floor_spawned":[2,3,10,16],"killed_by":"Slime Boss","ascension_level":3}