{"gold_per_floor":[415,429,439,439,194,194,194,194,220,246,76,94,105,132,132,230,230,240,33,33,132,132,132,132],"floor_reached":24,"playtime":1373,"items_purged":["Pain","Defend_R","Strike_R"],"score":306,"play_id":"a0317dbe-9496-4205-adcc-95f65ebfc3c1","local_time":"20180822185354","is_ascension_mode":true,"campfire_choices":[{"data":"Armaments","floor":6,"key":"SMITH"},{"data":"Combust","floor":8,"key":"SMITH"},{"data":"Combust","floor":15,"key":"SMITH"},{"floor":23,"key":"REST"}],"neow_cost":"CURSE","seed_source_timestamp":378934277393254,"circlet_count":0,"master_deck":["Strike_R+1","Strike_R","Strike_R","Defend_R","Defend_R","Defend_R","Bash+1","Combust+1","Shrug It Off","Inflame","Armaments+1","Battle Trance","Combust+1","Shrug It Off","Inflame","Demon Form","Combust","Decay"],"relics":["Burning Blood","Old Coin","Potion Belt","Juzu Bracelet","Art of War","Whetstone","Unceasing Top","Runic Cube"],"potions_floor_usage":[14,16,16,24],"damage_taken":[{"damage":17,"enemies":"Jaw Worm","floor":1,"turns":6},{"damage":7,"enemies":"Cultist","floor":2,"turns":4},{"damage":4,"enemies":"2 Louse","floor":3,"turns":4},{"damage":13,"enemies":"3 Sentries","floor":10,"turns":4},{"damage":6,"enemies":"Large Slime","floor":12,"turns":4},{"damage":2,"enemies":"3 Louse","floor":13,"turns":4},{"damage":11,"enemies":"Lagavulin","floor":14,"turns":7},{"damage":64,"enemies":"Hexaghost","floor":16,"turns":8},{"damage":36,"enemies":"2 Thieves","floor":18,"turns":5},{"damage":64,"enemies":"Gremlin Leader","floor":24,"turns":5}],"seed_played":"490236117913690017","potions_obtained":[{"floor":1,"key":"Strength Potion"},{"floor":3,"key":"AttackPotion"},{"floor":10,"key":"Swift Potion"},{"floor":12,"key":"Regen Potion"},{"floor":22,"key":"AttackPotion"},{"floor":22,"key":"SkillPotion"},{"floor":22,"key":"BloodPotion"}],"is_trial":false,"path_per_floor":["M","M","M","?","$","R","?","R","T","E","$","M","M","E","R","B",null,"M","$","?","?","?","R"],"character_chosen":"IRONCLAD","items_purchased":["Armaments","Juzu Bracelet","Combust","Combust"],"campfire_rested":1,"item_purchase_floors":[5,5,11,19],"current_hp_per_floor":[61,60,62,62,62,62,62,62,62,55,55,55,59,69,69,21,65,35,35,35,35,35,59,0],"gold":132,"neow_bonus":"ONE_RARE_RELIC","is_prod":false,"is_daily":false,"chose_seed":false,"campfire_upgraded":3,"win_rate":0,"timestamp":1534989234,"path_taken":["M","M","M","?","$","R","?","R","T","E","$","M","M","E","R","BOSS","M","$","?","?","?","R","E"],"build_version":"2018-08-16","purchased_purges":3,"victory":false,"max_hp_per_floor":[80,80,80,80,80,80,80,80,80,80,80,80,80,80,80,80,80,80,80,80,80,80,80,80],"card_choices":[{"not_picked":["Rage","Clash"],"picked":"Combust","floor":1},{"not_picked":["Disarm","Body Slam"],"picked":"Shrug It Off","floor":2},{"not_picked":["Clothesline","Anger"],"picked":"Inflame","floor":3},{"not_picked":["Carnage","Thunderclap"],"picked":"Battle Trance","floor":10},{"not_picked":["Pommel Strike","Twin Strike"],"picked":"Shrug It Off","floor":12},{"not_picked":["Shrug It Off","Power Through"],"picked":"Inflame","floor":13},{"not_picked":["Perfected Strike","Shockwave","Wild Strike"],"picked":"SKIP","floor":14},{"not_picked":["Juggernaut","Limit Break"],"picked":"Demon Form","floor":16},{"not_picked":["Clothesline","Shockwave","Thunderclap"],"picked":"SKIP","floor":18}],"player_experience":706243,"relics_obtained":[{"floor":9,"key":"Art of War"},{"floor":10,"key":"Whetstone"},{"floor":14,"key":"Unceasing Top"}],"event_choices":[{"event_name":"Accursed Blacksmith","player_choice":"Rummage","floor":4,"damage_taken":0},{"event_name":"Living Wall","player_choice":"Forget","floor":7,"damage_taken":0},{"event_name":"Wheel of Change","player_choice":"Curse","floor":20,"damage_taken":0},{"event_name":"Nest","player_choice":"Stole From Cult","floor":21,"damage_taken":0},{"event_name":"The Lab","player_choice":"Got Potions","floor":22,"damage_taken":0}],"is_beta":false,"boss_relics":[{"not_picked":["Tiny House","Coffee Dripper"],"picked":"Runic Cube"}],"items_purged_floors":[5,11,19],"is_endless":false,"potions_floor_spawned":[1,3,10,12],"killed_by":"Gremlin Leader","ascension_level":7}