{"gold_per_floor":[116,116,130,130,145,145,175,202,282,232,232,266,266,107,107,209,209,229,229,245,9,9,39,39,74,74,101,31,64,64,87,87,185,185,205,256,256,356,373,403,16,49,49,49,49,77,17,17,17,17],"floor_reached":51,"playtime":6758,"items_purged":["Strike_G","Strike_G","Writhe"],"score":1380,"play_id":"51b634d8-ea17-403f-bdad-436250d04a59","local_time":"20190805193846","is_ascension_mode":true,"campfire_choices":[{"data":"Footwork","floor":6.0,"key":"SMITH"},{"data":"Poisoned Stab","floor":13.0,"key":"SMITH"},{"data":"Poisoned Stab","floor":15.0,"key":"SMITH"},{"data":"Bullet Time","floor":24.0,"key":"SMITH"},{"data":"Concentrate","floor":32.0,"key":"SMITH"},{"data":"1","floor":45,"key":"LIFT"},{"data":"2","floor":49,"key":"LIFT"}],"neow_cost":"NONE","seed_source_timestamp":586707161318885,"circlet_count":0,"master_deck":["Defend_G+1","Defend_G","Defend_G","Survivor","Neutralize+1","Bullet Time+1","PiercingWail+1","Footwork+1","Poisoned Stab+1","Poisoned Stab+1","After Image+1","Dagger Spray+1","Dash+1","Wraith Form v2+1","Finisher+1","Backflip+1","Grand Finale+1","Dodge and Roll+1","Dash+1","Backstab+1","A Thousand Cuts+1","Concentrate+1","Malaise","Noxious Fumes+1","Poisoned Stab+1","Cloak And Dagger+1","Footwork+1","Panacea+1","Quick Slash+1","Escape Plan+1","Madness+1","Madness+1","Doppelganger+1","All Out Attack+1","Secret Technique+1","Good Instincts+1","Good Instincts+1"],"special_seed":0,"relics":["Ring of the Snake","Omamori","Odd Mushroom","PreservedInsect","Frozen Egg 2","Molten Egg 2","Runic Pyramid","Letter Opener","Juzu Bracelet","Sundial","Snake Skull","Red Mask","Tough Bandages","War Paint","Calling Bell","Toxic Egg 2","Oddly Smooth Stone","Ginger","Girya","Prayer Wheel","Regal Pillow","Lantern","Kunai","Ice Cream","Orichalcum"],"potions_floor_usage":[36,40,50],"damage_taken":[{"damage":4.0,"enemies":"Jaw Worm","floor":1.0,"turns":5.0},{"damage":2.0,"enemies":"Cultist","floor":3.0,"turns":5.0},{"damage":0.0,"enemies":"2 Louse","floor":5.0,"turns":5.0},{"damage":1.0,"enemies":"The Mushroom Lair","floor":7.0,"turns":8.0},{"damage":23.0,"enemies":"Lagavulin","floor":8.0,"turns":12.0},{"damage":0.0,"enemies":"3 Sentries","floor":12.0,"turns":12.0},{"damage":0.0,"enemies":"Slime Boss","floor":16.0,"turns":7.0},{"damage":1.0,"enemies":"Shell Parasite","floor":18.0,"turns":5.0},{"damage":0.0,"enemies":"Chosen","floor":20.0,"turns":5.0},{"damage":3.0,"enemies":"Book of Stabbing","floor":23.0,"turns":7.0},{"damage":3.0,"enemies":"Slavers","floor":25.0,"turns":5.0},{"damage":0.0,"enemies":"Masked Bandits","floor":27.0,"turns":4.0},{"damage":0.0,"enemies":"Gremlin Leader","floor":29.0,"turns":4.0},{"damage":1.0,"enemies":"Automaton","floor":33.0,"turns":10.0},{"damage":0.0,"enemies":"Orb Walker","floor":35.0,"turns":5.0},{"damage":10,"enemies":"2 Orb Walkers","floor":36,"turns":8},{"damage":0,"enemies":"Mind Bloom Boss Battle","floor":38,"turns":8},{"damage":1,"enemies":"3 Darklings","floor":39,"turns":5},{"damage":0,"enemies":"Nemesis","floor":40,"turns":7},{"damage":0,"enemies":"Reptomancer","floor":42,"turns":6},{"damage":0,"enemies":"Giant Head","floor":46,"turns":7},{"damage":18,"enemies":"Awakened One","floor":50,"turns":11}],"seed_played":"-4609810309221928055","potions_obtained":[{"floor":1.0,"key":"GhostInAJar"},{"floor":8.0,"key":"EssenceOfSteel"},{"floor":12.0,"key":"Explosive Potion"},{"floor":18.0,"key":"GhostInAJar"},{"floor":20.0,"key":"LiquidBronze"},{"floor":23.0,"key":"Ancient Potion"},{"floor":27.0,"key":"Strength Potion"},{"floor":35.0,"key":"GamblersBrew"},{"floor":36,"key":"FearPotion"}],"is_trial":false,"path_per_floor":["M","?","M","?","M","R","?","E","T","?","?","E","R","$","R","B",null,"M","?","M","$","?","E","R","E","T","?","$","E","?","T","R","B",null,"M","?","?","?","M","E","$","E","T","?","R","E","?","?","R","B",null],"character_chosen":"THE_SILENT","items_purchased":["Dagger Spray+1","Dash+1","Grand Finale+1","Backstab+1","Panacea+1","Lantern","Quick Slash+1"],"campfire_rested":0,"item_purchase_floors":[14,14,21,28,41,41,41],"current_hp_per_floor":[59,41,39,39,39,39,38,15,15,15,8,8,8,8,8,8,55,54,54,54,54,41,38,38,35,35,35,35,35,35,35,35,34,65,65,55,55,55,54,54,54,54,54,45,45,45,45,35,35,17],"gold":17,"neow_bonus":"ONE_RANDOM_RARE_CARD","is_prod":false,"is_daily":false,"chose_seed":false,"campfire_upgraded":5,"win_rate":0,"timestamp":1565048326,"path_taken":["M","?","M","?","?","R","?","E","T","?","?","E","R","$","R","BOSS","M","?","M","$","?","E","R","E","T","?","?","E","?","?","R","BOSS","M","?","?","?","M","E","$","E","T","?","R","E","?","?","R","BOSS"],"build_version":"2019-07-17","purchased_purges":3,"victory":true,"max_hp_per_floor":[70,70,70,70,70,70,70,70,70,70,70,70,70,70,70,70,70,70,70,70,70,75,75,75,75,75,75,75,75,75,75,75,75,75,75,75,75,75,75,75,75,75,75,75,75,75,75,75,75,75],"card_choices":[{"not_picked":["Expertise","Blade Dance","Bane"],"picked":"SKIP","floor":1.0},{"not_picked":["Choke","Outmaneuver"],"picked":"PiercingWail","floor":3.0},{"not_picked":["Backflip","Cloak And Dagger"],"picked":"Footwork","floor":5.0},{"not_picked":["Storm of Steel","Dodge and Roll"],"picked":"Poisoned Stab","floor":7.0},{"not_picked":["Blade Dance","Acrobatics"],"picked":"Poisoned Stab","floor":8.0},{"not_picked":["All Out Attack","Bane"],"picked":"After Image+1","floor":12.0},{"not_picked":["Night Terror","Corpse Explosion"],"picked":"Wraith Form v2+1","floor":16.0},{"not_picked":["Eviscerate+1","Deflect"],"picked":"Finisher+1","floor":18.0},{"not_picked":["Deadly Poison","Acrobatics+1"],"picked":"Backflip+1","floor":20.0},{"not_picked":["Distraction","Slice+1"],"picked":"Dodge and Roll+1","floor":23.0},{"not_picked":["Skewer+1","Heel Hook+1"],"picked":"Dash+1","floor":25.0},{"not_picked":["Unload+1","Bane+1"],"picked":"A Thousand Cuts+1","floor":29.0},{"not_picked":["Burst","Storm of Steel"],"picked":"Malaise","floor":33.0},{"not_picked":["Dash+1","Expertise+1"],"picked":"Noxious Fumes+1","floor":35.0},{"not_picked":["Bane+1","Dagger Spray+1"],"picked":"Poisoned Stab+1","floor":36},{"not_picked":["Dodge and Roll+1","Blade Dance+1"],"picked":"Cloak And Dagger+1","floor":38},{"not_picked":["Skewer+1","Outmaneuver+1"],"picked":"Footwork+1","floor":39},{"not_picked":["Outmaneuver+1","Flying Knee+1","Dash+1"],"picked":"SKIP","floor":39},{"not_picked":["Dodge and Roll+1","Burst+1","Dash+1"],"picked":"SKIP","floor":40},{"not_picked":["Concentrate+1","Dagger Throw+1"],"picked":"Escape Plan+1","floor":42},{"not_picked":["Unload+1","Terror+1","Tactician+1"],"picked":"SKIP","floor":46},{"not_picked":["Mayhem+1","The Bomb+1"],"picked":"Secret Technique+1","floor":48},{"not_picked":["Enlightenment+1","Trip+1"],"picked":"Good Instincts+1","floor":48},{"not_picked":["Enlightenment+1","Jack Of All Trades+1"],"picked":"Good Instincts+1","floor":48}],"player_experience":348723,"relics_obtained":[{"floor":7.0,"key":"Odd Mushroom"},{"floor":8.0,"key":"PreservedInsect"},{"floor":9.0,"key":"Frozen Egg 2"},{"floor":12.0,"key":"Molten Egg 2"},{"floor":23.0,"key":"Juzu Bracelet"},{"floor":25.0,"key":"Sundial"},{"floor":26.0,"key":"Snake Skull"},{"floor":27.0,"key":"Red Mask"},{"floor":29.0,"key":"Tough Bandages"},{"floor":31.0,"key":"War Paint"},{"floor":34.0,"key":"Toxic Egg 2"},{"floor":34.0,"key":"Oddly Smooth Stone"},{"floor":34.0,"key":"Ginger"},{"floor":36,"key":"Girya"},{"floor":38,"key":"Prayer Wheel"},{"floor":40,"key":"Regal Pillow"},{"floor":42,"key":"Kunai"},{"floor":43,"key":"Ice Cream"},{"floor":46,"key":"Orichalcum"}],"event_choices":[{"damage_healed":0.0,"max_hp_gain":0.0,"max_hp_loss":0.0,"gold_gain":0.0,"event_name":"Scrap Ooze","player_choice":"Success","floor":2.0,"gold_loss":0.0,"damage_taken":18.0,"relics_obtained":["Omamori"]},{"damage_healed":0.0,"max_hp_gain":0.0,"max_hp_loss":0.0,"gold_gain":0.0,"event_name":"Upgrade Shrine","player_choice":"Upgraded","floor":4.0,"gold_loss":0.0,"damage_taken":0.0,"cards_upgraded":["Neutralize"]},{"damage_healed":0.0,"max_hp_gain":0.0,"max_hp_loss":0.0,"gold_gain":0.0,"event_name":"Mushrooms","player_choice":"Fought Mushrooms","floor":7.0,"gold_loss":0.0,"damage_taken":0.0},{"cards_removed":["Strike_G"],"damage_healed":0.0,"max_hp_gain":0.0,"max_hp_loss":0.0,"gold_gain":0.0,"event_name":"The Cleric","player_choice":"Card Removal","floor":10.0,"gold_loss":50.0,"damage_taken":0.0},{"cards_removed":["Strike_G"],"damage_healed":0.0,"max_hp_gain":0.0,"max_hp_loss":0.0,"gold_gain":0.0,"event_name":"Golden Wing","player_choice":"Card Removal","floor":11.0,"gold_loss":0.0,"damage_taken":7.0},{"damage_healed":0.0,"max_hp_gain":0.0,"max_hp_loss":0.0,"gold_gain":0.0,"event_name":"The Mausoleum","player_choice":"Opened","floor":19.0,"gold_loss":0.0,"damage_taken":0.0,"relics_obtained":["Letter Opener"]},{"damage_healed":0.0,"max_hp_gain":5.0,"max_hp_loss":0.0,"gold_gain":0.0,"event_name":"Forgotten Altar","player_choice":"Shed Blood","floor":22.0,"gold_loss":0.0,"damage_taken":18.0},{"damage_healed":0.0,"max_hp_gain":0.0,"max_hp_loss":0.0,"gold_gain":0.0,"event_name":"Masked Bandits","player_choice":"Fought Bandits","floor":27.0,"gold_loss":0.0,"damage_taken":0.0},{"damage_healed":0.0,"max_hp_gain":0.0,"max_hp_loss":0.0,"gold_gain":0.0,"event_name":"The Library","player_choice":"Read","floor":30.0,"gold_loss":0.0,"damage_taken":0.0,"cards_obtained":["Concentrate"]},{"damage_healed":0,"gold_gain":0,"player_choice":"Fight","damage_taken":0,"max_hp_gain":0,"max_hp_loss":0,"event_name":"Mysterious Sphere","floor":36,"gold_loss":0},{"cards_removed":["Defend_G"],"damage_healed":0,"gold_gain":0,"player_choice":"Removed Skill","damage_taken":0,"max_hp_gain":0,"max_hp_loss":0,"event_name":"Falling","floor":37,"gold_loss":0},{"damage_healed":0,"gold_gain":0,"player_choice":"Fight","damage_taken":0,"max_hp_gain":0,"max_hp_loss":0,"event_name":"MindBloom","floor":38,"gold_loss":0},{"damage_healed":0,"gold_gain":0,"player_choice":"Embrace Madness","damage_taken":9,"max_hp_gain":0,"max_hp_loss":0,"event_name":"Winding Halls","floor":44,"gold_loss":0,"cards_obtained":["Madness","Madness"]},{"damage_healed":0,"gold_gain":0,"cards_transformed":["Strike_G","Defend_G"],"player_choice":"Transformed Cards","damage_taken":0,"max_hp_gain":0,"max_hp_loss":0,"event_name":"Designer","floor":47,"gold_loss":60,"cards_obtained":["Doppelganger","All Out Attack"]},{"damage_healed":0,"gold_gain":0,"player_choice":"Memory 3","damage_taken":10,"max_hp_gain":0,"max_hp_loss":0,"event_name":"SensoryStone","floor":48,"gold_loss":0}],"is_beta":false,"boss_relics":[{"not_picked":["Busted Crown","Eternal Feather"],"picked":"Runic Pyramid"},{"not_picked":["Tiny House","White Beast Statue"],"picked":"Calling Bell"}],"items_purged_floors":[14,21,41],"is_endless":false,"potions_floor_spawned":[1,8,12,18,20,23,27,35,36],"ascension_level":8}