{"gold_per_floor":[110,110,110,126,145,145,177,23,23,57,57,85,85,97,97,201,251,271,0,0,99,199,199],"floor_reached":23,"playtime":2071,"items_purged":["Corruption","Strike_R"],"score":236,"play_id":"b5c6f1bd-c325-43b2-a80e-9d2b1593f39c","local_time":"20190602201440","is_ascension_mode":true,"campfire_choices":[{"data":"Juggernaut","floor":6,"key":"SMITH"},{"data":"Juggernaut","floor":11,"key":"SMITH"},{"data":"Bludgeon","floor":13,"key":"SMITH"},{"floor":15,"key":"REST"}],"neow_cost":"NONE","seed_source_timestamp":684091719714682,"circlet_count":0,"master_deck":["Strike_R","Strike_R","Strike_R","Defend_R+1","Defend_R+1","Defend_R","Defend_R","Bash+1","Juggernaut+1","Juggernaut+1","Bludgeon+1","Barricade+1","Armaments","Shrug It Off","Necronomicurse","Ghostly Armor"],"relics":["Burning Blood","Bird Faced Urn","Bottled Lightning","Strawberry","Tiny House","War Paint","Necronomicon","FossilizedHelix","Meat on the Bone"],"potions_floor_usage":[14,16,22,23,23],"damage_taken":[{"damage":3,"enemies":"Small Slimes","floor":1,"turns":4},{"damage":6,"enemies":"Jaw Worm","floor":4,"turns":5},{"damage":7,"enemies":"2 Louse","floor":5,"turns":3},{"damage":34,"enemies":"Gremlin Nob","floor":7,"turns":5},{"damage":40,"enemies":"3 Sentries","floor":10,"turns":7},{"damage":20,"enemies":"Lagavulin","floor":12,"turns":6},{"damage":4,"enemies":"2 Fungi Beasts","floor":14,"turns":2},{"damage":42,"enemies":"Hexaghost","floor":16,"turns":9},{"damage":45,"enemies":"Chosen","floor":18,"turns":6},{"damage":26,"enemies":"Colosseum Slavers","floor":22,"turns":4},{"damage":15,"enemies":"Colosseum Nobs","floor":22,"turns":6},{"damage":27,"enemies":"Book of Stabbing","floor":23,"turns":5}],"seed_played":"-8098161176495551828","potions_obtained":[{"floor":1,"key":"Ancient Potion"},{"floor":4,"key":"FearPotion"},{"floor":7,"key":"Energy Potion"},{"floor":14,"key":"Dexterity Potion"},{"floor":16,"key":"FearPotion"},{"floor":17,"key":"Dexterity Potion"},{"floor":18,"key":"Fire Potion"}],"is_trial":false,"path_per_floor":["M","?","?","M","M","R","E","$","T","E","R","E","R","M","R","B",null,"M","$","?","?","?","E"],"character_chosen":"IRONCLAD","items_purchased":["Bludgeon","Shrug It Off","War Paint"],"campfire_rested":1,"item_purchase_floors":[8,19,19],"current_hp_per_floor":[80,80,80,80,79,79,51,51,51,21,21,18,18,20,46,14,92,57,57,41,41,18,0],"gold":199,"neow_bonus":"UPGRADE_CARD","is_prod":false,"is_daily":false,"chose_seed":false,"campfire_upgraded":3,"win_rate":0,"timestamp":1559520880,"path_taken":["M","?","?","M","M","R","E","?","T","E","R","E","R","M","R","BOSS","M","$","?","?","?","E"],"build_version":"2019-01-23","purchased_purges":2,"victory":false,"max_hp_per_floor":[80,80,80,80,80,80,80,80,80,80,80,87,87,87,87,87,92,92,92,92,92,92,92],"card_choices":[{"not_picked":["Whirlwind","Thunderclap","Clothesline"],"picked":"SKIP","floor":1},{"not_picked":["Heavy Blade","Armaments"],"picked":"Corruption","floor":4},{"not_picked":["Warcry","Headbutt"],"picked":"Juggernaut","floor":5},{"not_picked":["Disarm","Uppercut"],"picked":"Juggernaut","floor":7},{"not_picked":["Inflame","Corruption","Burning Pact"],"picked":"SKIP","floor":10},{"not_picked":["Iron Wave","Cleave","Seeing Red"],"picked":"SKIP","floor":12},{"not_picked":["Twin Strike","Thunderclap","Havoc"],"picked":"SKIP","floor":14},{"not_picked":["Exhume","Offering"],"picked":"Barricade","floor":16},{"not_picked":["Twin Strike","Cleave"],"picked":"Armaments","floor":18},{"not_picked":["Pummel","Cleave+1"],"picked":"Ghostly Armor","floor":22}],"player_experience":36676,"relics_obtained":[{"floor":7,"key":"Bird Faced Urn"},{"floor":10,"key":"Bottled Lightning"},{"floor":12,"key":"Strawberry"},{"floor":20,"key":"Necronomicon"},{"floor":22,"key":"FossilizedHelix"},{"floor":22,"key":"Meat on the Bone"}],"event_choices":[{"cards_removed":["Strike_R"],"damage_healed":0,"gold_gain":0,"player_choice":"Forget","damage_taken":0,"max_hp_gain":0,"max_hp_loss":0,"event_name":"Living Wall","floor":2,"gold_loss":0},{"damage_healed":0,"gold_gain":0,"player_choice":"Ignored","damage_taken":0,"max_hp_gain":0,"max_hp_loss":0,"event_name":"Liars Game","floor":3,"gold_loss":0},{"damage_healed":0,"gold_gain":0,"player_choice":"Obtained Book","damage_taken":16,"max_hp_gain":0,"max_hp_loss":0,"event_name":"Cursed Tome","floor":20,"gold_loss":0},{"damage_healed":0,"gold_gain":99,"player_choice":"Stole From Cult","damage_taken":0,"max_hp_gain":0,"max_hp_loss":0,"event_name":"Nest","floor":21,"gold_loss":0},{"damage_healed":0,"gold_gain":0,"player_choice":"Fight","damage_taken":0,"max_hp_gain":0,"max_hp_loss":0,"event_name":"Colosseum","floor":22,"gold_loss":0},{"damage_healed":0,"gold_gain":0,"player_choice":"Fought Nobs","damage_taken":0,"max_hp_gain":0,"max_hp_loss":0,"event_name":"Colosseum","floor":22,"gold_loss":0}],"is_beta":false,"boss_relics":[{"not_picked":["Lizard Tail","Black Blood"],"picked":"Tiny House"}],"items_purged_floors":[8,19],"is_endless":false,"potions_floor_spawned":[1,4,7,14,16,18,22],"killed_by":"Book of Stabbing","ascension_level":3}