{"gold_per_floor":[110,110,172,192,71,71,90,129,129,48,61,56,56,90,90,213,213,227,227,245,257,269,269,287,287,287,237,43,43,53,66,66,168,168,182,0,15,15,0,0,0,0,53,53,78,78,27,46,46,46],"floor_reached":50,"playtime":3739,"items_purged":["Strike_B"],"score":530,"play_id":"57560332-98ca-403e-be08-84dc36c5729d","local_time":"20190814171644","is_ascension_mode":false,"campfire_choices":[{"data":"Zap","floor":6,"key":"SMITH"},{"data":"Defragment","floor":15,"key":"SMITH"},{"floor":23,"key":"REST"},{"data":"Fission","floor":25,"key":"SMITH"},{"floor":32,"key":"REST"},{"data":"Buffer","floor":40,"key":"SMITH"},{"floor":46,"key":"REST"},{"floor":49,"key":"REST"}],"neow_cost":"NONE","seed_source_timestamp":284991568241800,"circlet_count":0,"master_deck":["Defend_B","Defend_B","Defend_B","Defend_B","Zap+1","Dualcast","Streamline","Beam Cell","Cold Snap","Defragment+1","Coolheaded","FTL","Glacier","Consume","Barrage","Leap","Fission+1","Gash","Stack","Buffer+1","Capacitor","Stack","Skim","Turbo","Redo+1","Enlightenment","Ball Lightning","Fusion","Biased Cognition","Creative AI+1","Hologram+1","Consume+1","Go for the Eyes","Mayhem","Go for the Eyes+1","Sadistic Nature","Transmutation","The Bomb","Rebound+1","Conserve Battery+1"],"relics":["Cracked Core","Strawberry","FossilizedHelix","Ice Cream","Pen Nib","Orrery","Nloth\u0027s Gift","Mercury Hourglass","Astrolabe","Red Mask","Happy Flower","Frozen Egg 2"],"potions_floor_usage":[16,24,33,33,50,50,50],"damage_taken":[{"damage":6,"enemies":"2 Louse","floor":1,"turns":2},{"damage":0,"enemies":"Small Slimes","floor":4,"turns":3},{"damage":1,"enemies":"Jaw Worm","floor":7,"turns":3},{"damage":11,"enemies":"3 Sentries","floor":8,"turns":8},{"damage":6,"enemies":"Exordium Wildlife","floor":11,"turns":6},{"damage":0,"enemies":"Exordium Thugs","floor":12,"turns":4},{"damage":15,"enemies":"Gremlin Nob","floor":14,"turns":5},{"damage":8,"enemies":"Hexaghost","floor":16,"turns":11},{"damage":24,"enemies":"3 Byrds","floor":18,"turns":9},{"damage":13,"enemies":"Chosen","floor":20,"turns":6},{"damage":26,"enemies":"Shelled Parasite and Fungi","floor":21,"turns":11},{"damage":0,"enemies":"Cultist and Chosen","floor":22,"turns":10},{"damage":0,"enemies":"Centurion and Healer","floor":24,"turns":11},{"damage":0,"enemies":"Snecko","floor":30,"turns":5},{"damage":0,"enemies":"3 Cultists","floor":31,"turns":4},{"damage":32,"enemies":"Automaton","floor":33,"turns":20},{"damage":0,"enemies":"3 Shapes","floor":35,"turns":7},{"damage":0,"enemies":"Orb Walker","floor":37,"turns":3},{"damage":38,"enemies":"Nemesis","floor":45,"turns":11},{"damage":26,"enemies":"3 Darklings","floor":48,"turns":8},{"damage":48,"enemies":"Awakened One","floor":50,"turns":6}],"seed_played":"-6012108579398410640","potions_obtained":[{"floor":1,"key":"Regen Potion"},{"floor":11,"key":"Energy Potion"},{"floor":12,"key":"SpeedPotion"},{"floor":21,"key":"GamblersBrew"},{"floor":22,"key":"EssenceOfSteel"},{"floor":24,"key":"GamblersBrew"},{"floor":37,"key":"Energy Potion"},{"floor":48,"key":"Swift Potion"}],"is_trial":false,"path_per_floor":["M","?","?","M","$","R","M","E","T","$","M","M","?","E","R","B",null,"M","?","M","M","M","R","M","R","T","?","$","$","M","M","R","B",null,"M","$","M","$","?","R","?","?","T","$","E","R","$","M","R","B"],"character_chosen":"DEFECT","items_purchased":["Cold Snap","Defragment","Glacier","Enlightenment","Ball Lightning","Mayhem","Block Potion"],"campfire_rested":4,"item_purchase_floors":[5,5,10,28,28,36,47],"current_hp_per_floor":[76,76,76,76,76,76,75,64,64,64,58,58,58,43,43,50,76,52,52,39,13,13,35,35,35,35,35,35,35,35,35,57,25,76,76,76,76,76,76,76,66,66,66,66,28,50,50,24,46,0],"gold":46,"neow_bonus":"RANDOM_COMMON_RELIC","is_prod":false,"is_daily":false,"chose_seed":false,"campfire_upgraded":4,"win_rate":0.0,"timestamp":1565774204,"path_taken":["M","?","?","M","?","R","M","E","T","$","?","M","?","E","R","BOSS","M","?","?","M","?","R","M","R","T","?","?","$","M","M","R","BOSS","M","$","?","$","?","R","?","?","T","?","E","R","$","M","R","BOSS"],"build_version":"2019-07-17","purchased_purges":1,"victory":false,"max_hp_per_floor":[82,76,76,76,76,76,76,76,76,76,76,76,76,76,76,76,76,76,76,76,76,76,76,76,76,76,76,76,76,76,76,76,76,76,76,76,76,76,76,76,76,76,76,76,76,76,76,76,76,76],"card_choices":[{"not_picked":["BootSequence","Rip and Tear"],"picked":"Streamline","floor":1},{"not_picked":["Steam","FTL"],"picked":"Beam Cell","floor":4},{"not_picked":["Barrage","Gash"],"picked":"Coolheaded","floor":7},{"not_picked":["Reprogram","Coolheaded"],"picked":"FTL","floor":8},{"not_picked":["Double Energy","Barrage"],"picked":"Consume","floor":11},{"not_picked":["Force Field","Sunder"],"picked":"Barrage","floor":12},{"not_picked":["Cold Snap","Rip and Tear"],"picked":"Leap","floor":14},{"not_picked":["Multi-Cast","Hyperbeam"],"picked":"Fission","floor":16},{"not_picked":["Skim","Steam"],"picked":"Gash","floor":17},{"not_picked":["Compile Driver","Cold Snap"],"picked":"Stack","floor":17},{"not_picked":["Scrape","Doom and Gloom"],"picked":"Buffer","floor":17},{"not_picked":["BootSequence","Beam Cell"],"picked":"Capacitor","floor":17},{"not_picked":["Force Field","Beam Cell"],"picked":"Stack","floor":17},{"not_picked":["Stack","Hello World"],"picked":"Skim","floor":18},{"not_picked":["Streamline+1","Leap+1","Redo"],"picked":"SKIP","floor":20},{"not_picked":["Compile Driver","Genetic Algorithm"],"picked":"Turbo","floor":21},{"not_picked":["Coolheaded+1","Go for the Eyes"],"picked":"Genetic Algorithm+1","floor":22},{"not_picked":["Steam","Force Field+1"],"picked":"Redo+1","floor":24},{"not_picked":["Capacitor+1","Coolheaded+1","Beam Cell"],"picked":"SKIP","floor":30},{"not_picked":["Static Discharge","Skim"],"picked":"Fusion","floor":31},{"not_picked":["Multi-Cast","Meteor Strike"],"picked":"Biased Cognition","floor":33},{"not_picked":["Auto Shields","White Noise"],"picked":"Go for the Eyes","floor":35},{"not_picked":["Barrage","Force Field+1"],"picked":"Go for the Eyes+1","floor":37},{"not_picked":["Impatience","Magnetism"],"picked":"Sadistic Nature","floor":41},{"not_picked":["Secret Technique","Discovery"],"picked":"Transmutation","floor":41},{"not_picked":["Finesse","Dark Shackles"],"picked":"The Bomb","floor":41},{"not_picked":["Hyperbeam","Machine Learning"],"picked":"Rebound+1","floor":45},{"not_picked":["Redo","Stack+1"],"picked":"Conserve Battery+1","floor":48}],"player_experience":133380,"relics_obtained":[{"floor":8,"key":"FossilizedHelix"},{"floor":9,"key":"Ice Cream"},{"floor":14,"key":"Pen Nib"},{"floor":26,"key":"Mercury Hourglass"},{"floor":43,"key":"Happy Flower"},{"floor":45,"key":"Frozen Egg 2"}],"event_choices":[{"damage_healed":0,"gold_gain":0,"player_choice":"Lose Max HP","damage_taken":0,"relics_obtained":["Golden Idol"],"max_hp_gain":0,"max_hp_loss":6,"event_name":"Golden Idol","floor":2,"gold_loss":0},{"damage_healed":0,"gold_gain":62,"player_choice":"Gained Gold","damage_taken":0,"max_hp_gain":0,"max_hp_loss":0,"event_name":"Golden Wing","floor":3,"gold_loss":0},{"damage_healed":0,"gold_gain":0,"player_choice":"Ignored","damage_taken":0,"max_hp_gain":0,"max_hp_loss":0,"event_name":"Liars Game","floor":13,"gold_loss":0},{"damage_healed":0,"gold_gain":0,"player_choice":"Traded Relic","damage_taken":0,"relics_obtained":["Nloth\u0027s Gift"],"max_hp_gain":0,"max_hp_loss":0,"event_name":"N\u0027loth","floor":19,"relics_lost":["Golden Idol"],"gold_loss":0},{"damage_healed":0,"gold_gain":0,"player_choice":"Bet on Murderer","damage_taken":0,"max_hp_gain":0,"max_hp_loss":0,"event_name":"The Joust","floor":27,"gold_loss":50},{"damage_healed":0,"gold_gain":0,"player_choice":"Paid","damage_taken":0,"relics_obtained":["Red Mask"],"max_hp_gain":0,"max_hp_loss":0,"event_name":"Tomb of Lord Red Mask","floor":39,"gold_loss":15},{"damage_healed":0,"gold_gain":0,"player_choice":"Memory 3","damage_taken":10,"max_hp_gain":0,"max_hp_loss":0,"event_name":"SensoryStone","floor":41,"gold_loss":0},{"cards_removed":["Genetic Algorithm"],"damage_healed":0,"gold_gain":0,"player_choice":"Removed Skill","damage_taken":0,"max_hp_gain":0,"max_hp_loss":0,"event_name":"Falling","floor":42,"gold_loss":0}],"is_beta":false,"boss_relics":[{"not_picked":["Busted Crown","Runic Dome"],"picked":"Orrery"},{"not_picked":["Black Star","Inserter"],"picked":"Astrolabe"}],"items_purged_floors":[28],"is_endless":false,"potions_floor_spawned":[1,11,12,21,22,24,37,48],"killed_by":"Awakened One","ascension_level":0}