{"gold_per_floor":[109,121,132,132,19,19,49,68,91,111,111,123,22,53,53,150,150,165,165,177,192,92,121,121,121],"floor_reached":25,"playtime":2930,"items_purged":["Defend_B","Defend_B"],"score":268,"play_id":"f95a643a-cd74-460f-90aa-11d53011b128","local_time":"20190601173604","is_ascension_mode":true,"campfire_choices":[{"data":"Sunder","floor":6.0,"key":"SMITH"},{"data":"Chill","floor":11.0,"key":"SMITH"},{"data":"Blizzard","floor":15.0,"key":"SMITH"}],"neow_cost":"PERCENT_DAMAGE","seed_source_timestamp":463204886197400,"circlet_count":0,"master_deck":["Strike_B","Strike_B","Defend_B","Defend_B","Zap","Dualcast","Glacier","Steam","Self Repair","Chill+1","Sunder+1","Double Energy","Blizzard+1","Go for the Eyes","Glacier","Blizzard","Sweeping Beam","Genetic Algorithm","All For One","Gash","Capacitor","Machine Learning","Coolheaded"],"special_seed":0,"relics":["FrozenCore","Pen Nib","Lantern","Centennial Puzzle","Emotion Chip"],"potions_floor_usage":[],"damage_taken":[{"damage":6.0,"enemies":"2 Louse","floor":1.0,"turns":2.0},{"damage":1.0,"enemies":"Cultist","floor":2.0,"turns":5.0},{"damage":6.0,"enemies":"Jaw Worm","floor":3.0,"turns":4.0},{"damage":6.0,"enemies":"3 Sentries","floor":7.0,"turns":8.0},{"damage":6.0,"enemies":"Looter","floor":8.0,"turns":2.0},{"damage":19.0,"enemies":"Exordium Wildlife","floor":10.0,"turns":4.0},{"damage":1.0,"enemies":"Exordium Thugs","floor":12.0,"turns":18.0},{"damage":2.0,"enemies":"Lagavulin","floor":14.0,"turns":7.0},{"damage":14.0,"enemies":"Hexaghost","floor":16.0,"turns":9.0},{"damage":8.0,"enemies":"2 Thieves","floor":18.0,"turns":4.0},{"damage":10.0,"enemies":"Spheric Guardian","floor":20.0,"turns":8.0},{"damage":14.0,"enemies":"Snecko","floor":21.0,"turns":5.0},{"damage":12.0,"enemies":"Slavers","floor":23.0,"turns":7.0},{"damage":40,"enemies":"Book of Stabbing","floor":25,"turns":8}],"seed_played":"5349252872968984425","potions_obtained":[{"floor":3.0,"key":"Block Potion"},{"floor":7.0,"key":"Strength Potion"},{"floor":8.0,"key":"Fire Potion"},{"floor":16.0,"key":"Swift Potion"},{"floor":18.0,"key":"AttackPotion"},{"floor":21.0,"key":"AttackPotion"}],"is_trial":false,"path_per_floor":["M","M","M","?","$","R","E","M","T","M","R","M","$","E","R","B",null,"M","?","M","M","$","E","?","E"],"character_chosen":"DEFECT","items_purchased":["Sunder","Blizzard","Sweeping Beam"],"campfire_rested":0,"item_purchase_floors":[5,13,13],"current_hp_per_floor":[48,54,55,75,75,75,75,75,75,63,63,69,69,74,74,60,75,67,67,64,57,57,52,38,0],"gold":121,"neow_bonus":"TRANSFORM_TWO_CARDS","is_prod":false,"is_daily":false,"chose_seed":false,"campfire_upgraded":3,"win_rate":0,"timestamp":1559403364,"path_taken":["M","M","M","?","$","R","E","M","T","?","R","M","$","E","R","BOSS","M","?","M","M","$","E","?","E"],"build_version":"2019-05-31","purchased_purges":2,"victory":false,"max_hp_per_floor":[75,75,75,75,75,75,75,75,75,75,75,75,75,75,75,75,75,75,75,75,75,75,75,80,80],"card_choices":[{"not_picked":["Barrage","Steam Power"],"picked":"Self Repair","floor":1.0},{"not_picked":["Barrage","Conserve Battery"],"picked":"Recycle","floor":2.0},{"not_picked":["Streamline","Coolheaded"],"picked":"Chill","floor":3.0},{"not_picked":["Reinforced Body","Streamline"],"picked":"Double Energy","floor":7.0},{"not_picked":["Rip and Tear","Gash"],"picked":"Blizzard","floor":8.0},{"not_picked":["Gash","Heatsinks"],"picked":"Go for the Eyes","floor":10.0},{"not_picked":["Recycle","Go for the Eyes"],"picked":"Glacier","floor":12.0},{"not_picked":["Darkness","Heatsinks"],"picked":"Genetic Algorithm","floor":14.0},{"not_picked":["Hyperbeam","Rainbow"],"picked":"All For One","floor":16.0},{"not_picked":["Ball Lightning","Sweeping Beam"],"picked":"Gash","floor":18.0},{"not_picked":["Reinforced Body+1","Sweeping Beam","Stack"],"picked":"SKIP","floor":20.0},{"not_picked":["Compile Driver","Stack+1"],"picked":"Machine Learning","floor":21.0},{"not_picked":["Darkness","Thunder Strike"],"picked":"Coolheaded","floor":23.0}],"player_experience":418689,"relics_obtained":[{"floor":7.0,"key":"Pen Nib"},{"floor":9.0,"key":"Lantern"},{"floor":14.0,"key":"Centennial Puzzle"},{"floor":23.0,"key":"Emotion Chip"}],"event_choices":[{"cards_removed":["Recycle"],"damage_healed":20.0,"max_hp_gain":0.0,"max_hp_loss":0.0,"gold_gain":0.0,"event_name":"Bonfire Elementals","player_choice":"Offered Uncommon","floor":4.0,"gold_loss":0.0,"damage_taken":0.0},{"damage_healed":0.0,"max_hp_gain":0.0,"max_hp_loss":0.0,"gold_gain":0.0,"event_name":"The Library","player_choice":"Read","floor":19.0,"gold_loss":0.0,"damage_taken":0.0,"cards_obtained":["Capacitor"]},{"damage_healed":0.0,"max_hp_gain":5.0,"max_hp_loss":0.0,"gold_gain":0.0,"event_name":"Forgotten Altar","player_choice":"Shed Blood","floor":24.0,"gold_loss":0.0,"damage_taken":19.0}],"is_beta":true,"boss_relics":[{"not_picked":["Ectoplasm","Astrolabe"],"picked":"FrozenCore"}],"items_purged_floors":[5,22],"is_endless":false,"potions_floor_spawned":[3,7,8,12,16,18,21],"killed_by":"Book of Stabbing","ascension_level":3}