{"gold_per_floor":[110,164,19,19,19,19,19,33,33,33,33,58,58,69,69,174,174,187,187,102,102,113,113,41,61,136,136,60,60,72,171,171,272,272,292,24,24,41,61,61,80,180,180,180,180,199,210,36,36,36],"floor_reached":50,"playtime":3671,"items_purged":["Riddle With Holes"],"score":486,"play_id":"fb6f876d-1d53-49b1-914f-3552129b502e","local_time":"20190815205827","is_ascension_mode":false,"campfire_choices":[{"data":"Deadly Poison","floor":6,"key":"SMITH"},{"data":"Noxious Fumes","floor":11,"key":"SMITH"},{"data":"Leg Sweep","floor":13,"key":"SMITH"},{"data":"Noxious Fumes","floor":15,"key":"SMITH"},{"data":"Cloak And Dagger","floor":23,"key":"SMITH"},{"data":"Well Laid Plans","floor":27,"key":"SMITH"},{"data":"Infinite Blades","floor":29,"key":"SMITH"},{"floor":32,"key":"REST"},{"floor":40,"key":"REST"},{"floor":44,"key":"REST"},{"floor":49,"key":"REST"}],"neow_cost":"NONE","seed_source_timestamp":83195770317600,"circlet_count":0,"master_deck":["Strike_G","Strike_G","Strike_G","Defend_G","Defend_G","Defend_G","Defend_G","Defend_G+1","Survivor+1","Neutralize+1","Deadly Poison+1","Noxious Fumes+1","Cloak And Dagger+1","Leg Sweep+1","Noxious Fumes+1","Die Die Die","Deflect+1","Acrobatics","Blade Dance","Accuracy+1","Well Laid Plans+1","Backflip+1","Infinite Blades+1","Caltrops","Corpse Explosion","Noxious Fumes+1","Apotheosis","Madness","Madness","Blade Dance+1","Heel Hook+1","Dodge and Roll","Sadistic Nature","Parasite","Footwork+1","Accuracy","Crippling Poison","Dark Shackles"],"relics":["Ring of the Snake","Happy Flower","Oddly Smooth Stone","Mummified Hand","Juzu Bracelet","HoveringKite","Ginger","Lizard Tail","Bottled Flame"],"potions_floor_usage":[12,33,41,47,50],"damage_taken":[{"damage":4,"enemies":"Cultist","floor":1,"turns":4},{"damage":0,"enemies":"Small Slimes","floor":8,"turns":4},{"damage":0,"enemies":"Gremlin Nob","floor":12,"turns":4},{"damage":0,"enemies":"2 Louse","floor":14,"turns":3},{"damage":24,"enemies":"Slime Boss","floor":16,"turns":9},{"damage":11,"enemies":"Chosen","floor":18,"turns":5},{"damage":4,"enemies":"3 Byrds","floor":22,"turns":5},{"damage":21,"enemies":"Cultist and Chosen","floor":25,"turns":6},{"damage":12,"enemies":"Chosen and Byrds","floor":30,"turns":5},{"damage":20,"enemies":"Champ","floor":33,"turns":12},{"damage":11,"enemies":"3 Darklings","floor":35,"turns":4},{"damage":10,"enemies":"Orb Walker","floor":38,"turns":5},{"damage":61,"enemies":"Sphere and 2 Shapes","floor":39,"turns":6},{"damage":16,"enemies":"3 Darklings","floor":41,"turns":5},{"damage":11,"enemies":"Writhing Mass","floor":46,"turns":7},{"damage":4,"enemies":"Spire Growth","floor":47,"turns":6},{"damage":56,"enemies":"Time Eater","floor":50,"turns":7}],"seed_played":"-8388453384187649725","potions_obtained":[{"floor":1,"key":"EssenceOfSteel"},{"floor":18,"key":"Fire Potion"},{"floor":30,"key":"SmokeBomb"},{"floor":35,"key":"Strength Potion"},{"floor":38,"key":"Explosive Potion"},{"floor":41,"key":"GhostInAJar"}],"is_trial":false,"path_per_floor":["M","T","$","?","?","R","?","M","T","$","R","E","R","M","R","B",null,"M","?","?","?","M","R","$","M","T","R","$","R","M","?","R","B",null,"M","$","?","M","M","R","M","?","T","R","?","M","M","$","R","B"],"character_chosen":"THE_SILENT","items_purchased":["Oddly Smooth Stone","Well Laid Plans","Infinite Blades","Apotheosis","Crippling Poison","Dark Shackles"],"campfire_rested":4,"item_purchase_floors":[3,24,28,36,48,48],"current_hp_per_floor":[66,66,66,66,52,52,52,52,52,52,52,52,52,52,52,28,70,59,59,59,59,55,55,55,34,34,34,34,34,22,22,43,23,70,59,59,50,40,15,36,20,20,20,41,41,30,26,26,47,0],"gold":36,"neow_bonus":"THREE_CARDS","is_prod":false,"is_daily":false,"chose_seed":false,"campfire_upgraded":7,"win_rate":0,"timestamp":1565873907,"path_taken":["M","?","$","?","?","R","?","M","T","$","R","E","R","M","R","BOSS","M","?","?","?","M","R","$","M","T","R","?","R","M","?","R","BOSS","M","$","?","M","M","R","M","?","T","R","?","M","M","$","R","BOSS"],"build_version":"2019-07-17","purchased_purges":1,"victory":false,"max_hp_per_floor":[70,70,70,70,70,70,70,70,70,70,70,70,70,70,70,70,70,70,70,70,70,70,70,70,70,70,70,70,70,70,70,70,70,70,70,70,70,70,70,70,70,70,70,70,70,70,70,70,70,70],"card_choices":[{"not_picked":["Slice","Bane"],"picked":"Deadly Poison","floor":0},{"not_picked":["Flying Knee","Finisher"],"picked":"Noxious Fumes","floor":1},{"not_picked":["Dodge and Roll","Slice"],"picked":"Cloak And Dagger","floor":8},{"not_picked":["Deadly Poison","Tactician"],"picked":"Leg Sweep","floor":12},{"not_picked":["Quick Slash","Sucker Punch"],"picked":"Noxious Fumes","floor":14},{"not_picked":["Night Terror","Grand Finale"],"picked":"Die Die Die","floor":16},{"not_picked":["Dash","Blade Dance"],"picked":"Deflect+1","floor":18},{"not_picked":["Flechettes","Dagger Spray"],"picked":"Accuracy+1","floor":22},{"not_picked":["Choke","Deflect+1"],"picked":"Backflip+1","floor":25},{"not_picked":["Deflect","Dodge and Roll"],"picked":"Caltrops","floor":30},{"not_picked":["Wraith Form v2","Tools of the Trade"],"picked":"Corpse Explosion","floor":33},{"not_picked":["Accuracy","Quick Slash+1"],"picked":"Noxious Fumes+1","floor":35},{"not_picked":["Flying Knee","Poisoned Stab"],"picked":"Blade Dance+1","floor":38},{"not_picked":["Underhanded Strike+1","Flechettes"],"picked":"Heel Hook+1","floor":39},{"not_picked":["Dagger Spray+1","Dagger Throw+1"],"picked":"Dodge and Roll","floor":41},{"not_picked":["Forethought","Bandage Up"],"picked":"Sadistic Nature","floor":45},{"not_picked":["Backflip+1","Poisoned Stab"],"picked":"Footwork+1","floor":46},{"not_picked":["Noxious Fumes","Dagger Throw"],"picked":"Accuracy","floor":47}],"player_experience":170044,"relics_obtained":[{"floor":2,"key":"Happy Flower"},{"floor":9,"key":"Mummified Hand"},{"floor":12,"key":"Juzu Bracelet"},{"floor":43,"key":"Bottled Flame"}],"event_choices":[{"damage_healed":0,"gold_gain":0,"player_choice":"Grow","damage_taken":0,"max_hp_gain":0,"max_hp_loss":0,"event_name":"Living Wall","floor":4,"gold_loss":0,"cards_upgraded":["Neutralize"]},{"damage_healed":0,"gold_gain":0,"player_choice":"Entered Light","damage_taken":14,"max_hp_gain":0,"max_hp_loss":0,"event_name":"Shining Light","floor":5,"gold_loss":0,"cards_upgraded":["Survivor","Defend_G"]},{"damage_healed":0,"gold_gain":0,"player_choice":"Ignored","damage_taken":0,"max_hp_gain":0,"max_hp_loss":0,"event_name":"Liars Game","floor":7,"gold_loss":0},{"damage_healed":0,"gold_gain":0,"player_choice":"Read","damage_taken":0,"max_hp_gain":0,"max_hp_loss":0,"event_name":"The Library","floor":19,"gold_loss":0,"cards_obtained":["Acrobatics"]},{"damage_healed":0,"gold_gain":0,"player_choice":"Obtained Relic","damage_taken":0,"relics_obtained":["Ginger"],"max_hp_gain":0,"max_hp_loss":0,"event_name":"Addict","floor":20,"gold_loss":85},{"damage_healed":0,"gold_gain":0,"cards_transformed":["Strike_G","Strike_G"],"player_choice":"Became Test Subject","damage_taken":0,"max_hp_gain":0,"max_hp_loss":0,"event_name":"Drug Dealer","floor":21,"gold_loss":0,"cards_obtained":["Riddle With Holes","Blade Dance"]},{"damage_healed":0,"gold_gain":99,"player_choice":"Stole From Cult","damage_taken":0,"max_hp_gain":0,"max_hp_loss":0,"event_name":"Nest","floor":31,"gold_loss":0},{"damage_healed":0,"gold_gain":0,"player_choice":"Embrace Madness","damage_taken":9,"max_hp_gain":0,"max_hp_loss":0,"event_name":"Winding Halls","floor":37,"gold_loss":0,"cards_obtained":["Madness","Madness"]},{"damage_healed":0,"gold_gain":100,"player_choice":"Pray","damage_taken":0,"max_hp_gain":0,"max_hp_loss":0,"event_name":"Golden Shrine","floor":42,"gold_loss":0},{"damage_healed":0,"gold_gain":0,"player_choice":"Memory 1","damage_taken":0,"max_hp_gain":0,"max_hp_loss":0,"event_name":"SensoryStone","floor":45,"gold_loss":0}],"is_beta":false,"boss_relics":[{"not_picked":["Runic Dome","Tiny House"],"picked":"HoveringKite"},{"not_picked":["White Beast Statue","Runic Pyramid"],"picked":"Lizard Tail"}],"items_purged_floors":[36],"is_endless":false,"potions_floor_spawned":[1,18,30,35,38,41],"killed_by":"Time Eater","ascension_level":0}