{"gold_per_floor":[116,127,139,151,36,36,69,69,140,159,33,58,83,101,101,178,178,192,23,39,39,39,39,53,80,80,80,98,126,10,28,28,105,155,169,222,222,232,39,39,73,73,96,96,108,108,118,130,130,130],"floor_reached":51,"playtime":4296,"items_purged":["Strike_R","Strike_R"],"score":1151,"play_id":"0eceb585-9043-4b1e-be55-9fded6a75f86","local_time":"20181215201450","is_ascension_mode":true,"campfire_choices":[{"data":"Wild Strike","floor":6.0,"key":"SMITH"},{"data":"Evolve","floor":8.0,"key":"SMITH"},{"data":"Dark Embrace","floor":15.0,"key":"SMITH"},{"data":"True Grit","floor":23.0,"key":"SMITH"},{"data":"Fiend Fire","floor":27.0,"key":"SMITH"},{"data":"Fiend Fire","floor":32.0,"key":"SMITH"},{"data":"Immolate","floor":40,"key":"SMITH"},{"data":"Power Through","floor":42,"key":"SMITH"},{"data":"Bash","floor":46,"key":"SMITH"},{"data":"Uppercut","floor":49,"key":"SMITH"}],"neow_cost":"NONE","seed_source_timestamp":0,"circlet_count":0,"master_deck":["AscendersBane","Strike_R+1","Strike_R","Strike_R","Defend_R","Defend_R","Defend_R","Bash+1","Wild Strike+1","True Grit+1","Evolve+1","Dark Embrace+1","Fiend Fire+1","Havoc","Power Through+1","Reckless Charge","Bloodletting+1","Evolve+1","True Grit+1","Fiend Fire+1","Immolate+1","Burning Pact+1","Wild Strike+1","Reckless Charge","Fiend Fire+1","Sentinel+1","Sentinel+1","Uppercut+1","Warcry+1"],"special_seed":0,"relics":["Burning Blood","Centennial Puzzle","Tiny Chest","Incense Burner","Meat on the Bone","Pen Nib","Anchor","Coffee Dripper","Toxic Egg 2","Frozen Egg 2","Bottled Flame","Tiny House","Champion Belt","DollysMirror","Blood Vial","Bag of Preparation"],"potions_floor_usage":[33,50,50],"damage_taken":[{"damage":1.0,"enemies":"Cultist","floor":1.0,"turns":4.0},{"damage":7.0,"enemies":"Small Slimes","floor":2.0,"turns":4.0},{"damage":2.0,"enemies":"Jaw Worm","floor":3.0,"turns":3.0},{"damage":22.0,"enemies":"Exordium Wildlife","floor":4.0,"turns":7.0},{"damage":25.0,"enemies":"3 Sentries","floor":7.0,"turns":8.0},{"damage":5.0,"enemies":"2 Fungi Beasts","floor":10.0,"turns":3.0},{"damage":16.0,"enemies":"Gremlin Nob","floor":13.0,"turns":3.0},{"damage":17.0,"enemies":"Exordium Thugs","floor":14.0,"turns":7.0},{"damage":41.0,"enemies":"Slime Boss","floor":16.0,"turns":10.0},{"damage":11.0,"enemies":"Spheric Guardian","floor":18.0,"turns":3.0},{"damage":0.0,"enemies":"Chosen","floor":20.0,"turns":6.0},{"damage":4.0,"enemies":"Snake Plant","floor":24.0,"turns":2.0},{"damage":11.0,"enemies":"Slavers","floor":25.0,"turns":6.0},{"damage":19.0,"enemies":"Centurion and Healer","floor":28.0,"turns":4.0},{"damage":16.0,"enemies":"Book of Stabbing","floor":29.0,"turns":3.0},{"damage":13.0,"enemies":"Sentry and Sphere","floor":31.0,"turns":4.0},{"damage":10,"enemies":"Collector","floor":33,"turns":4},{"damage":13,"enemies":"3 Shapes","floor":35,"turns":4},{"damage":36,"enemies":"2 Orb Walkers","floor":36,"turns":4},{"damage":13,"enemies":"3 Darklings","floor":38,"turns":4},{"damage":42,"enemies":"Nemesis","floor":41,"turns":5},{"damage":5,"enemies":"4 Shapes","floor":45,"turns":4},{"damage":16,"enemies":"Spire Growth","floor":47,"turns":4},{"damage":13,"enemies":"Maw","floor":48,"turns":4},{"damage":29,"enemies":"Donu and Deca","floor":50,"turns":4}],"seed_played":"-2402149076413129120","potions_obtained":[{"floor":2.0,"key":"Block Potion"},{"floor":4.0,"key":"SteroidPotion"},{"floor":10.0,"key":"FearPotion"},{"floor":13.0,"key":"Fruit Juice"},{"floor":16.0,"key":"EssenceOfSteel"},{"floor":29.0,"key":"GamblersBrew"},{"floor":34,"key":"SteroidPotion"},{"floor":41,"key":"SkillPotion"}],"is_trial":false,"path_per_floor":["M","M","M","M","$","R","E","R","T","M","$","T","E","M","R","B",null,"M","$","M","$","?","R","M","E","T","R","M","E","$","M","R","B",null,"M","?","?","M","$","R","E","R","T","?","M","R","M","M","R","B",null],"character_chosen":"IRONCLAD","items_purchased":["Tiny Chest","Block Potion","Power Through","Evolve+1","True Grit+1","DollysMirror"],"campfire_rested":0,"item_purchase_floors":[5,11,19,30,30,39],"current_hp_per_floor":[73,72,75,59,59,59,40,40,40,53,53,53,55,49,49,26,67,62,62,68,68,68,68,70,65,65,65,52,54,54,47,47,55,79,72,54,75,68,68,68,44,44,44,44,59,59,51,58,58,49],"gold":130,"neow_bonus":"RANDOM_COMMON_RELIC","is_prod":false,"is_daily":false,"chose_seed":false,"campfire_upgraded":10,"win_rate":0,"timestamp":1544933690,"path_taken":["M","M","M","M","$","R","E","R","T","M","$","?","E","M","R","BOSS","M","?","M","$","?","R","M","E","T","R","M","E","$","M","R","BOSS","M","?","?","M","?","R","E","R","T","?","M","R","M","M","R","BOSS"],"build_version":"2018-12-13","purchased_purges":2,"victory":true,"max_hp_per_floor":[75,75,75,75,75,75,75,75,75,75,75,75,75,80,80,80,80,80,80,80,80,80,80,80,80,80,80,80,80,80,80,80,80,85,85,85,85,85,85,85,85,85,85,85,85,85,85,85,85,85],"card_choices":[{"not_picked":["Sword Boomerang","Power Through"],"picked":"Wild Strike","floor":1.0},{"not_picked":["Uppercut","Thunderclap"],"picked":"True Grit","floor":2.0},{"not_picked":["Clothesline","Flex","Entrench"],"picked":"SKIP","floor":3.0},{"not_picked":["Metallicize","Thunderclap","Perfected Strike"],"picked":"SKIP","floor":4.0},{"not_picked":["Combust","Shrug It Off"],"picked":"Evolve","floor":7.0},{"not_picked":["Flex","True Grit"],"picked":"Dark Embrace","floor":10.0},{"not_picked":["Rupture","Twin Strike","Iron Wave"],"picked":"SKIP","floor":13.0},{"not_picked":["Headbutt","Body Slam","Anger"],"picked":"SKIP","floor":14.0},{"not_picked":["Bludgeon","Limit Break"],"picked":"Fiend Fire","floor":16.0},{"not_picked":["Sword Boomerang","Thunderclap"],"picked":"Havoc","floor":18.0},{"not_picked":["Warcry","Pommel Strike"],"picked":"Reckless Charge","floor":20.0},{"not_picked":["Carnage","Twin Strike","Shrug It Off"],"picked":"SKIP","floor":24.0},{"not_picked":["Thunderclap","Hemokinesis","Cleave"],"picked":"SKIP","floor":25.0},{"not_picked":["Heavy Blade","Inflame+1"],"picked":"Bloodletting+1","floor":28.0},{"not_picked":["Pommel Strike","Fire Breathing+1","Disarm+1"],"picked":"SKIP","floor":29.0},{"not_picked":["Hemokinesis","Armaments+1"],"picked":"Fiend Fire","floor":31.0},{"not_picked":["Double Tap+1","Demon Form+1"],"picked":"Immolate","floor":33},{"not_picked":["Wild Strike","Clash"],"picked":"Burning Pact+1","floor":34},{"not_picked":["True Grit+1","Metallicize+1"],"picked":"Wild Strike+1","floor":35},{"not_picked":["Combust+1","Searing Blow+1"],"picked":"Reckless Charge","floor":36},{"not_picked":["Rupture+1","Flex+1","Clash"],"picked":"SKIP","floor":38},{"not_picked":["Iron Wave+1","Headbutt"],"picked":"Sentinel+1","floor":41},{"not_picked":["Twin Strike","Rage+1"],"picked":"Sentinel+1","floor":45},{"not_picked":["Heavy Blade","Carnage"],"picked":"Uppercut","floor":47},{"not_picked":["Blood for Blood","Inflame+1"],"picked":"Warcry+1","floor":48}],"player_experience":1047792,"relics_obtained":[{"floor":7.0,"key":"Incense Burner"},{"floor":9.0,"key":"Meat on the Bone"},{"floor":12.0,"key":"Pen Nib"},{"floor":13.0,"key":"Anchor"},{"floor":25.0,"key":"Toxic Egg 2"},{"floor":26.0,"key":"Frozen Egg 2"},{"floor":29.0,"key":"Bottled Flame"},{"floor":36,"key":"Champion Belt"},{"floor":41,"key":"Blood Vial"},{"floor":43,"key":"Bag of Preparation"}],"event_choices":[{"cards_removed":["Defend_R"],"damage_healed":0.0,"max_hp_gain":0.0,"max_hp_loss":0.0,"gold_gain":0.0,"event_name":"Back to Basics","player_choice":"Elegance","floor":22.0,"gold_loss":0.0,"damage_taken":0.0},{"damage_healed":0,"gold_gain":0,"player_choice":"Fight","damage_taken":0,"max_hp_gain":0,"max_hp_loss":0,"event_name":"Mysterious Sphere","floor":36,"gold_loss":0},{"damage_healed":21,"gold_gain":0,"player_choice":"Writhe","damage_taken":0,"max_hp_gain":0,"max_hp_loss":0,"event_name":"Winding Halls","floor":37,"gold_loss":0,"cards_obtained":["Writhe"]},{"cards_removed":["Writhe"],"damage_healed":0,"gold_gain":0,"player_choice":"Removed Curses","damage_taken":0,"max_hp_gain":0,"max_hp_loss":0,"event_name":"Fountain of Cleansing","floor":44,"gold_loss":0}],"is_beta":false,"boss_relics":[{"not_picked":["Black Star","Velvet Choker"],"picked":"Coffee Dripper"},{"not_picked":["Runic Cube","White Beast Statue"],"picked":"Tiny House"}],"items_purged_floors":[11,19],"is_endless":false,"potions_floor_spawned":[2,4,10,13,16,24,29,35,38,41],"ascension_level":14}