{"gold_per_floor":[113,188,206,219,219,219,262,262,262,262,293,151,36,70,70,160,160,184,234,111,137,160,203,203,203,283,296,296],"floor_reached":28,"playtime":2033,"items_purged":["Strike_G","Strike_G"],"score":416,"play_id":"e77da2d7-8b27-4b47-8469-5d7062b9f454","local_time":"20190812211056","is_ascension_mode":true,"campfire_choices":[{"data":"Bouncing Flask","floor":6.0,"key":"SMITH"},{"data":"Poisoned Stab","floor":8,"key":"SMITH"},{"data":"Deadly Poison","floor":10,"key":"SMITH"},{"floor":15,"key":"REST"},{"data":"Wraith Form v2","floor":24,"key":"SMITH"},{"data":"Acrobatics","floor":25,"key":"SMITH"}],"neow_cost":"NONE","seed_source_timestamp":1202228168904835,"circlet_count":0,"master_deck":["AscendersBane","Strike_G","Strike_G","Defend_G","Defend_G","Defend_G","Defend_G","Defend_G","Survivor","Neutralize","Poisoned Stab+1","PiercingWail","Bouncing Flask+1","Deadly Poison+1","Backflip","Wraith Form v2+1","Noxious Fumes","Backflip","Night Terror","Deadly Poison","Deadly Poison","Acrobatics+1"],"special_seed":0,"relics":["Ring of the Snake","Golden Idol","Mercury Hourglass","Sundial","Strawberry","WingedGreaves","Snecko Eye","Vajra","Bag of Marbles","Tiny Chest"],"potions_floor_usage":[14,23,23,28,28],"damage_taken":[{"damage":0.0,"enemies":"2 Louse","floor":1.0,"turns":4.0},{"damage":0.0,"enemies":"Small Slimes","floor":3.0,"turns":4.0},{"damage":10.0,"enemies":"Jaw Worm","floor":4.0,"turns":8.0},{"damage":16,"enemies":"Gremlin Nob","floor":7,"turns":4},{"damage":15,"enemies":"Lagavulin","floor":11,"turns":5},{"damage":10,"enemies":"3 Sentries","floor":14,"turns":7},{"damage":7,"enemies":"The Guardian","floor":16,"turns":7},{"damage":4,"enemies":"2 Thieves","floor":18,"turns":5},{"damage":4,"enemies":"3 Byrds","floor":22,"turns":3},{"damage":33,"enemies":"Slavers","floor":23,"turns":4},{"damage":16,"enemies":"Cultist and Chosen","floor":27,"turns":5},{"damage":8,"enemies":"Snake Plant","floor":28,"turns":1}],"seed_played":"7357700760199988220","potions_obtained":[{"floor":4.0,"key":"Ancient Potion"},{"floor":11,"key":"Explosive Potion"},{"floor":14,"key":"SpeedPotion"},{"floor":18,"key":"Dexterity Potion"},{"floor":23,"key":"Energy Potion"},{"floor":27,"key":"Energy Potion"}],"is_trial":false,"path_per_floor":["M","?","M","M","?","R","E","R","T","R","E","$","$","E","R","B",null,"M","?","$","T","M","E","R","R","T","M","M"],"character_chosen":"THE_SILENT","items_purchased":["Wraith Form v2","Noxious Fumes","Deadly Poison"],"campfire_rested":1,"item_purchase_floors":[12,13,20],"current_hp_per_floor":[63,52,52,42,42,42,26,26,26,26,18,18,18,8,29,22,60,56,56,56,56,52,19,19,19,19,3,0],"gold":296,"neow_bonus":"REMOVE_CARD","is_prod":false,"is_daily":false,"chose_seed":false,"campfire_upgraded":5,"win_rate":0,"timestamp":1565658656,"path_taken":["M","?","M","M","?","R","E","R","T","R","E","?","$","E","R","BOSS","M","?","$","?","M","E","R","R","T","M","?"],"build_version":"2019-07-17","purchased_purges":2,"victory":false,"max_hp_per_floor":[70,70,70,70,65,65,65,65,65,65,72,72,72,72,72,72,72,72,72,72,72,72,72,72,72,72,72,72],"card_choices":[{"not_picked":["Endless Agony","Tactician"],"picked":"Poisoned Stab","floor":1.0},{"not_picked":["Infinite Blades","Catalyst"],"picked":"PiercingWail","floor":3.0},{"not_picked":["Calculated Gamble","Choke"],"picked":"Bouncing Flask","floor":4.0},{"not_picked":["Accuracy","Reflex"],"picked":"Deadly Poison","floor":7},{"not_picked":["Poisoned Stab","Dodge and Roll"],"picked":"Backflip","floor":11},{"not_picked":["Skewer","Cloak And Dagger"],"picked":"Backflip","floor":14},{"not_picked":["A Thousand Cuts","Malaise"],"picked":"Night Terror","floor":16},{"not_picked":["Dagger Throw","Blade Dance","Quick Slash"],"picked":"SKIP","floor":18},{"not_picked":["Setup","Concentrate+1"],"picked":"Deadly Poison","floor":22},{"not_picked":["Well Laid Plans","Cloak And Dagger"],"picked":"Acrobatics","floor":23},{"not_picked":["Outmaneuver","Dodge and Roll","Heel Hook+1"],"picked":"SKIP","floor":27}],"player_experience":480430,"relics_obtained":[{"floor":7,"key":"Mercury Hourglass"},{"floor":9,"key":"Sundial"},{"floor":11,"key":"Strawberry"},{"floor":14,"key":"WingedGreaves"},{"floor":21,"key":"Vajra"},{"floor":23,"key":"Bag of Marbles"},{"floor":26,"key":"Tiny Chest"}],"event_choices":[{"damage_healed":0.0,"max_hp_gain":0.0,"max_hp_loss":0.0,"gold_gain":75.0,"event_name":"World of Goop","player_choice":"Gather Gold","floor":2.0,"gold_loss":0.0,"damage_taken":11.0},{"damage_healed":0.0,"max_hp_gain":0.0,"max_hp_loss":5.0,"gold_gain":0.0,"event_name":"Golden Idol","player_choice":"Lose Max HP","floor":5.0,"gold_loss":0.0,"damage_taken":0.0,"relics_obtained":["Golden Idol"]},{"damage_healed":0,"gold_gain":100,"player_choice":"Bet on Murderer","damage_taken":0,"max_hp_gain":0,"max_hp_loss":0,"event_name":"The Joust","floor":19,"gold_loss":50}],"is_beta":false,"boss_relics":[{"not_picked":["Ring of the Serpent","Runic Pyramid"],"picked":"Snecko Eye"}],"items_purged_floors":[13,20],"is_endless":false,"potions_floor_spawned":[4,11,14,18,23,27],"killed_by":"Snake Plant","ascension_level":13}