{"gold_per_floor":[17,17,28,38,38,66,66,77,103,115,146,175,187,226,238,250],"floor_reached":16,"playtime":628,"items_purged":[],"score":224,"play_id":"20219ac1-04ed-479c-9d4c-0a637ee64807","local_time":"20190610193003","is_ascension_mode":true,"campfire_choices":[{"data":"Barricade","floor":7,"key":"SMITH"},{"data":"Carnage","floor":10,"key":"SMITH"},{"data":"Bash","floor":13,"key":"SMITH"},{"floor":15,"key":"REST"}],"neow_cost":"NO_GOLD","seed_source_timestamp":0,"circlet_count":0,"master_deck":["AscendersBane","Strike_R","Strike_R","Strike_R","Strike_R","Defend_R","Defend_R","Defend_R","Bash+1","Carnage+1","Barricade+1","Wild Strike","Shrug It Off","Shrug It Off","Power Through","True Grit"],"special_seed":0,"relics":["Burning Blood","Smiling Mask","MawBank","Centennial Puzzle"],"potions_floor_usage":[6,16,16],"damage_taken":[{"damage":1.0,"enemies":"Cultist","floor":1.0,"turns":3.0},{"damage":1,"enemies":"Small Slimes","floor":3,"turns":3},{"damage":0,"enemies":"2 Louse","floor":4,"turns":1},{"damage":36,"enemies":"Lagavulin","floor":6,"turns":6},{"damage":4,"enemies":"Looter","floor":8,"turns":3},{"damage":8,"enemies":"Lots of Slimes","floor":11,"turns":6},{"damage":7,"enemies":"3 Louse","floor":12,"turns":4},{"damage":24,"enemies":"3 Sentries","floor":14,"turns":11},{"damage":57,"enemies":"Slime Boss","floor":16,"turns":16}],"seed_played":"-1698295842908306337","potions_obtained":[{"floor":1.0,"key":"SkillPotion"},{"floor":6,"key":"FearPotion"},{"floor":11,"key":"SpeedPotion"},{"floor":14,"key":"Dexterity Potion"}],"is_trial":false,"path_per_floor":["M","?","M","M","$","E","R","M","T","R","M","M","R","E","R","B"],"character_chosen":"IRONCLAD","items_purchased":[],"campfire_rested":1,"item_purchase_floors":[],"current_hp_per_floor":[73,73,75,75,75,45,45,47,47,47,45,44,44,26,48,0],"gold":250,"neow_bonus":"REMOVE_TWO","is_prod":false,"is_daily":false,"chose_seed":false,"campfire_upgraded":3,"win_rate":0,"timestamp":1560220203,"path_taken":["M","?","M","M","?","E","R","M","T","R","M","M","R","E","R","BOSS"],"build_version":"2019-01-23","purchased_purges":0,"victory":false,"max_hp_per_floor":[75,75,75,75,75,75,75,75,75,75,75,75,75,75,75,75],"card_choices":[{"not_picked":["True Grit","Wild Strike"],"picked":"Carnage","floor":1.0},{"not_picked":["Bloodletting","Sword Boomerang"],"picked":"Wild Strike","floor":3},{"not_picked":["Rage","Thunderclap"],"picked":"Shrug It Off","floor":4},{"not_picked":["Reaper","Corruption"],"picked":"Shrug It Off","floor":6},{"not_picked":["Carnage","Headbutt"],"picked":"Power Through","floor":8},{"not_picked":["Anger","Thunderclap","Heavy Blade"],"picked":"SKIP","floor":11},{"not_picked":["Blood for Blood","Cleave","Carnage"],"picked":"SKIP","floor":12},{"not_picked":["Headbutt","Armaments"],"picked":"True Grit","floor":14}],"player_experience":1388124,"relics_obtained":[{"floor":6,"key":"Smiling Mask"},{"floor":9,"key":"MawBank"},{"floor":14,"key":"Centennial Puzzle"}],"event_choices":[{"damage_healed":0,"gold_gain":0,"player_choice":"1 cards matched","damage_taken":0,"max_hp_gain":0,"max_hp_loss":0,"event_name":"Match and Keep!","floor":2,"gold_loss":0,"cards_obtained":["Barricade"]}],"is_beta":false,"boss_relics":[],"items_purged_floors":[],"is_endless":false,"potions_floor_spawned":[1,6,11,14],"killed_by":"Slime Boss","ascension_level":20}