{"gold_per_floor":[117,136,11,11,25,55,55,88,114,127,142,167,180,194,194,298,298,318,335,352,369,369,403,403,433,433,468,393,99,99,125,125,229,229,240,76,93,193,193,218,233,251,333,358,358,382,414,425,425,425],"floor_reached":51,"playtime":4382,"items_purged":["Defend_R","Defend_R"],"score":1188,"play_id":"66db68e8-9f09-4384-9653-01e9b79859c7","local_time":"20190601174659","is_ascension_mode":true,"campfire_choices":[{"data":"Perfected Strike","floor":7.0,"key":"SMITH"},{"data":"Perfected Strike","floor":15.0,"key":"SMITH"},{"data":"Perfected Strike","floor":24.0,"key":"SMITH"},{"data":"Offering","floor":32.0,"key":"SMITH"},{"data":"Perfected Strike","floor":45,"key":"SMITH"},{"data":"Perfected Strike","floor":49,"key":"SMITH"}],"neow_cost":"NONE","seed_source_timestamp":0,"circlet_count":0,"master_deck":["Strike_R","Strike_R","Strike_R","Strike_R+1","Strike_R","Defend_R","Bash","Perfected Strike+1","Twin Strike","Perfected Strike+1","Perfected Strike+1","Warcry","Twin Strike","Reckless Charge","Feed","Spot Weakness","Seeing Red","Offering+1","Thunderclap+1","Dual Wield","Pommel Strike","Necronomicurse","Warcry+1","Flex+1","Thinking Ahead","Ghostly","Ghostly","Ghostly","Ghostly","Ghostly","Offering","Pommel Strike","Perfected Strike+1","Wild Strike+1","Thunderclap+1","Offering","Twin Strike","Perfected Strike+1","Warcry","Twin Strike+1","Seeing Red+1"],"special_seed":0,"relics":["Burning Blood","NeowsBlessing","Ancient Tea Set","Regal Pillow","Oddly Smooth Stone","Potion Belt","Paper Frog","Philosopher\u0027s Stone","Necronomicon","PreservedInsect","Peace Pipe","Charon\u0027s Ashes","Dodecahedron","Orichalcum","Orrery","Shovel","Sundial","Darkstone Periapt","Mango","Whetstone","FossilizedHelix"],"potions_floor_usage":[38,44,50],"damage_taken":[{"damage":0.0,"enemies":"Cultist","floor":1.0,"turns":1.0},{"damage":0.0,"enemies":"2 Louse","floor":2.0,"turns":1.0},{"damage":0.0,"enemies":"Jaw Worm","floor":5.0,"turns":1.0},{"damage":36.0,"enemies":"Lagavulin","floor":6.0,"turns":4.0},{"damage":14.0,"enemies":"Gremlin Nob","floor":8.0,"turns":3.0},{"damage":8.0,"enemies":"Exordium Wildlife","floor":10.0,"turns":2.0},{"damage":4.0,"enemies":"Looter","floor":11.0,"turns":2.0},{"damage":3.0,"enemies":"3 Sentries","floor":12.0,"turns":3.0},{"damage":0.0,"enemies":"Large Slime","floor":13.0,"turns":3.0},{"damage":12.0,"enemies":"Blue Slaver","floor":14.0,"turns":2.0},{"damage":16.0,"enemies":"Slime Boss","floor":16.0,"turns":5.0},{"damage":6.0,"enemies":"2 Thieves","floor":18.0,"turns":2.0},{"damage":17.0,"enemies":"Shell Parasite","floor":19.0,"turns":3.0},{"damage":20.0,"enemies":"3 Cultists","floor":20.0,"turns":3.0},{"damage":12.0,"enemies":"Cultist and Chosen","floor":21.0,"turns":3.0},{"damage":0.0,"enemies":"Gremlin Leader","floor":23.0,"turns":1.0},{"damage":8.0,"enemies":"Book of Stabbing","floor":25.0,"turns":2.0},{"damage":15.0,"enemies":"Gremlin Leader","floor":27.0,"turns":2.0},{"damage":3.0,"enemies":"Slavers","floor":31.0,"turns":2.0},{"damage":6.0,"enemies":"Collector","floor":33.0,"turns":4.0},{"damage":15,"enemies":"3 Shapes","floor":35,"turns":2},{"damage":12,"enemies":"3 Darklings","floor":37,"turns":3},{"damage":1,"enemies":"Mind Bloom Boss Battle","floor":38,"turns":2},{"damage":0,"enemies":"Nemesis","floor":40,"turns":1},{"damage":12,"enemies":"4 Shapes","floor":41,"turns":3},{"damage":12,"enemies":"Maw","floor":42,"turns":1},{"damage":0,"enemies":"Reptomancer","floor":44,"turns":1},{"damage":0,"enemies":"Giant Head","floor":47,"turns":1},{"damage":0,"enemies":"Writhing Mass","floor":48,"turns":1},{"damage":0,"enemies":"Donu and Deca","floor":50,"turns":4}],"seed_played":"-8351285443232100796","potions_obtained":[{"floor":1.0,"key":"Explosive Potion"},{"floor":8.0,"key":"Fire Potion"},{"floor":11.0,"key":"FearPotion"},{"floor":12.0,"key":"Strength Potion"},{"floor":14.0,"key":"Block Potion"},{"floor":16.0,"key":"SpeedPotion"},{"floor":21.0,"key":"Ancient Potion"},{"floor":25.0,"key":"AttackPotion"},{"floor":33.0,"key":"GamblersBrew"},{"floor":35,"key":"SkillPotion"},{"floor":38,"key":"SteroidPotion"},{"floor":42,"key":"Fire Potion"}],"is_trial":false,"path_per_floor":["M","M","$","?","M","E","R","E","T","M","M","E","M","M","R","B",null,"M","M","M","M","?","E","R","E","T","E","?","$","?","E","R","B",null,"M","$","M","?","?","E","M","M","T","E","R","T","E","M","R","B",null],"character_chosen":"IRONCLAD","items_purchased":["Perfected Strike","Thinking Ahead","Offering"],"campfire_rested":0,"item_purchase_floors":[3,29,36],"current_hp_per_floor":[80,80,80,80,80,50,50,42,42,40,42,48,54,48,48,38,83,86,78,67,64,48,57,57,55,55,46,46,46,46,49,49,49,49,43,43,37,42,42,48,42,36,36,56,56,56,62,66,66,66],"gold":425,"neow_bonus":"THREE_ENEMY_KILL","is_prod":false,"is_daily":false,"chose_seed":false,"campfire_upgraded":6,"win_rate":0,"timestamp":1559425619,"path_taken":["M","M","?","?","M","E","R","E","T","M","?","E","?","M","R","BOSS","M","M","M","M","?","E","R","E","T","E","?","?","?","E","R","BOSS","M","$","M","?","?","E","M","M","T","E","R","?","E","M","R","BOSS"],"build_version":"2019-01-23","purchased_purges":2,"victory":true,"max_hp_per_floor":[80,80,80,80,80,80,80,80,80,80,80,83,83,83,83,83,83,86,89,92,95,95,98,98,98,98,98,98,98,49,49,49,49,49,52,52,52,52,52,52,52,52,52,66,66,66,66,66,66,66],"card_choices":[{"not_picked":["Fire Breathing","Feel No Pain"],"picked":"Perfected Strike","floor":1.0},{"not_picked":["Shrug It Off","Clash"],"picked":"Twin Strike","floor":2.0},{"not_picked":["Dropkick","Battle Trance"],"picked":"Perfected Strike","floor":5.0},{"not_picked":["Thunderclap","True Grit"],"picked":"Warcry","floor":6.0},{"not_picked":["Disarm","Burning Pact"],"picked":"Twin Strike","floor":8.0},{"not_picked":["Cleave","Disarm"],"picked":"Reckless Charge","floor":10.0},{"not_picked":["Whirlwind","Metallicize"],"picked":"Feed","floor":11.0},{"not_picked":["Seeing Red","Demon Form"],"picked":"Spot Weakness","floor":12.0},{"not_picked":["Dual Wield","Second Wind"],"picked":"Seeing Red","floor":13.0},{"not_picked":["Heavy Blade","True Grit","Cleave"],"picked":"SKIP","floor":14.0},{"not_picked":["Reaper","Limit Break"],"picked":"Offering","floor":16.0},{"not_picked":["Hemokinesis+1","True Grit"],"picked":"Thunderclap+1","floor":18.0},{"not_picked":["Heavy Blade","Reaper"],"picked":"Dual Wield","floor":19.0},{"not_picked":["Cleave","Whirlwind","Armaments"],"picked":"SKIP","floor":20.0},{"not_picked":["Metallicize","Corruption"],"picked":"Pommel Strike","floor":21.0},{"not_picked":["Armaments","Headbutt"],"picked":"Warcry+1","floor":23.0},{"not_picked":["Sword Boomerang","Headbutt"],"picked":"Flex+1","floor":25.0},{"not_picked":["Carnage+1","Bludgeon","Disarm"],"picked":"SKIP","floor":27.0},{"not_picked":["Cleave","Clothesline","Dropkick"],"picked":"SKIP","floor":31.0},{"not_picked":["Juggernaut","Limit Break"],"picked":"Offering","floor":33.0},{"not_picked":["Anger","Combust"],"picked":"Pommel Strike","floor":34},{"not_picked":["Thunderclap","Combust"],"picked":"Perfected Strike","floor":34},{"not_picked":["Anger","Rage"],"picked":"Wild Strike","floor":34},{"not_picked":["Rage","Inflame+1"],"picked":"Thunderclap+1","floor":35},{"not_picked":["Clothesline+1","Pummel+1"],"picked":"Twin Strike","floor":37},{"not_picked":["Anger+1","Headbutt"],"picked":"Perfected Strike","floor":38},{"not_picked":["Bloodletting+1","Brutality","Uppercut+1"],"picked":"SKIP","floor":40},{"not_picked":["Intimidate","Ghostly Armor+1","Clothesline"],"picked":"SKIP","floor":41},{"not_picked":["Headbutt","Disarm"],"picked":"Warcry","floor":42},{"not_picked":["Clothesline+1","Combust+1","Clash"],"picked":"SKIP","floor":44},{"not_picked":["Sword Boomerang+1","Carnage+1"],"picked":"Twin Strike+1","floor":47},{"not_picked":["True Grit+1","Cleave+1"],"picked":"Seeing Red+1","floor":48}],"player_experience":19593,"relics_obtained":[{"floor":4.0,"key":"Ancient Tea Set"},{"floor":6.0,"key":"Regal Pillow"},{"floor":8.0,"key":"Oddly Smooth Stone"},{"floor":9.0,"key":"Potion Belt"},{"floor":12.0,"key":"Paper Frog"},{"floor":22.0,"key":"Necronomicon"},{"floor":23.0,"key":"PreservedInsect"},{"floor":25.0,"key":"Peace Pipe"},{"floor":26.0,"key":"Charon\u0027s Ashes"},{"floor":27.0,"key":"Dodecahedron"},{"floor":31.0,"key":"Orichalcum"},{"floor":38,"key":"Shovel"},{"floor":40,"key":"Sundial"},{"floor":43,"key":"Darkstone Periapt"},{"floor":44,"key":"Mango"},{"floor":46,"key":"Whetstone"},{"floor":47,"key":"FossilizedHelix"}],"event_choices":[{"damage_healed":0.0,"max_hp_gain":0.0,"max_hp_loss":0.0,"gold_gain":0.0,"event_name":"Wheel of Change","player_choice":"Relic","floor":4.0,"gold_loss":0.0,"damage_taken":0.0},{"damage_healed":0.0,"max_hp_gain":0.0,"max_hp_loss":0.0,"gold_gain":0.0,"event_name":"Cursed Tome","player_choice":"Obtained Book","floor":22.0,"gold_loss":0.0,"damage_taken":16.0},{"cards_removed":["Defend_R"],"damage_healed":0.0,"max_hp_gain":0.0,"max_hp_loss":0.0,"gold_gain":0.0,"event_name":"Beggar","player_choice":"Gave Gold","floor":28.0,"gold_loss":75.0,"damage_taken":0.0},{"damage_healed":0.0,"max_hp_gain":0.0,"max_hp_loss":49.0,"gold_gain":0.0,"event_name":"Ghosts","player_choice":"Became a Ghost","floor":30.0,"gold_loss":0.0,"damage_taken":0.0,"cards_obtained":["Ghostly","Ghostly","Ghostly","Ghostly","Ghostly"]},{"damage_healed":0,"gold_gain":0,"player_choice":"Fight","damage_taken":0,"max_hp_gain":0,"max_hp_loss":0,"event_name":"MindBloom","floor":38,"gold_loss":0},{"damage_healed":0,"gold_gain":0,"player_choice":"Ignored","damage_taken":0,"max_hp_gain":0,"max_hp_loss":0,"event_name":"Tomb of Lord Red Mask","floor":39,"gold_loss":0}],"is_beta":false,"boss_relics":[{"not_picked":["Mark of Pain","Ectoplasm"],"picked":"Philosopher\u0027s Stone"},{"not_picked":["Sozu","Velvet Choker"],"picked":"Orrery"}],"items_purged_floors":[3,29],"is_endless":false,"potions_floor_spawned":[1,8,11,12,14,16,21,25,33,35,38,40,42],"ascension_level":1}