{"gold_per_floor":[360,375,4,14,28,28,42,42,42,42,42,18,46,59,59,156,156,170,170,70,70,47,79,93,112,137,137,137,12,30,42,42,42],"floor_reached":33,"playtime":2145,"items_purged":["Defend_R","Defend_R","Defend_R"],"score":317,"play_id":"2a106eec-d7da-4dc7-92c4-8a16b69781f8","local_time":"20190816092801","is_ascension_mode":false,"campfire_choices":[{"data":"Armaments","floor":6.0,"key":"SMITH"},{"data":"Cleave","floor":8.0,"key":"SMITH"},{"data":"Anger","floor":11.0,"key":"SMITH"},{"data":"Entrench","floor":15.0,"key":"SMITH"},{"floor":27.0,"key":"REST"},{"floor":32,"key":"REST"}],"neow_cost":"PERCENT_DAMAGE","seed_source_timestamp":1239284912105284,"circlet_count":0,"master_deck":["Strike_R","Strike_R","Strike_R","Strike_R","Strike_R","Defend_R","Bash","Cleave+1","Armaments+1","Combust","Dropkick","Anger+1","Bash","Entrench+1","True Grit","Shrug It Off","Shrug It Off","Perfected Strike+1","Shrug It Off","Feel No Pain+1","Shrug It Off","Necronomicurse","Whirlwind","Shrug It Off"],"special_seed":0,"relics":["Burning Blood","Sling","Vajra","Oddly Smooth Stone","Runic Cube","Pear","PreservedInsect","Necronomicon"],"potions_floor_usage":[33,33],"damage_taken":[{"damage":3.0,"enemies":"Cultist","floor":1.0,"turns":5.0},{"damage":1.0,"enemies":"2 Louse","floor":2.0,"turns":3.0},{"damage":12.0,"enemies":"Small Slimes","floor":4.0,"turns":5.0},{"damage":13.0,"enemies":"Looter","floor":5.0,"turns":3.0},{"damage":5.0,"enemies":"Lots of Slimes","floor":7.0,"turns":2.0},{"damage":14.0,"enemies":"Gremlin Nob","floor":13.0,"turns":3.0},{"damage":7.0,"enemies":"Large Slime","floor":14.0,"turns":4.0},{"damage":36.0,"enemies":"The Guardian","floor":16.0,"turns":12.0},{"damage":9.0,"enemies":"Chosen","floor":18.0,"turns":5.0},{"damage":51.0,"enemies":"Slavers","floor":23.0,"turns":5.0},{"damage":17.0,"enemies":"Spheric Guardian","floor":24.0,"turns":4.0},{"damage":4.0,"enemies":"Snake Plant","floor":25.0,"turns":8.0},{"damage":15,"enemies":"Cultist and Chosen","floor":30,"turns":5},{"damage":2,"enemies":"Centurion and Healer","floor":31,"turns":4},{"damage":91,"enemies":"Champ","floor":33,"turns":13}],"seed_played":"-6397657581842667049","potions_obtained":[{"floor":2.0,"key":"Weak Potion"},{"floor":7.0,"key":"SpeedPotion"},{"floor":14.0,"key":"Swift Potion"},{"floor":23.0,"key":"Poison Potion"}],"is_trial":false,"path_per_floor":["M","M","$","M","M","R","M","R","T","?","R","$","E","M","R","B",null,"M","?","$","?","$","E","M","M","T","R","?","$","M","M","R","B"],"character_chosen":"IRONCLAD","items_purchased":["Armaments","Combust","Sling","True Grit","Shrug It Off"],"campfire_rested":2,"item_purchase_floors":[3,3,3,12,22],"current_hp_per_floor":[59,64,64,58,51,51,52,52,52,52,52,52,44,43,43,13,80,77,77,77,90,90,55,44,46,46,76,60,60,51,55,85,0],"gold":42,"neow_bonus":"TWO_FIFTY_GOLD","is_prod":false,"is_daily":false,"chose_seed":false,"campfire_upgraded":4,"win_rate":0,"timestamp":1565940481,"path_taken":["M","M","$","M","?","R","M","R","T","?","R","?","E","M","R","BOSS","M","?","$","?","$","E","?","M","T","R","?","?","M","M","R","BOSS"],"build_version":"2019-07-17","purchased_purges":3,"victory":false,"max_hp_per_floor":[80,80,80,80,80,80,80,80,80,80,80,80,80,80,80,80,80,80,80,80,90,90,100,100,100,100,100,100,100,100,100,100,100],"card_choices":[{"not_picked":["Havoc","Wild Strike","Warcry"],"picked":"SKIP","floor":1.0},{"not_picked":["Perfected Strike","Uppercut"],"picked":"Cleave","floor":2.0},{"not_picked":["Sword Boomerang","Clothesline"],"picked":"Dropkick","floor":4.0},{"not_picked":["Intimidate","Headbutt"],"picked":"Anger","floor":5.0},{"not_picked":["Sentinel","Warcry","Clothesline"],"picked":"SKIP","floor":7.0},{"not_picked":["Entrench","Thunderclap"],"picked":"Shrug It Off","floor":13.0},{"not_picked":["Dropkick","Blood for Blood"],"picked":"Shrug It Off","floor":14.0},{"not_picked":["Limit Break","Exhume"],"picked":"Double Tap","floor":16.0},{"not_picked":["Armaments","Corruption"],"picked":"Perfected Strike+1","floor":18.0},{"not_picked":["Barricade","Entrench","Havoc"],"picked":"SKIP","floor":23.0},{"not_picked":["Flex","Shockwave"],"picked":"Feel No Pain+1","floor":24.0},{"not_picked":["True Grit","Perfected Strike"],"picked":"Shrug It Off","floor":25.0},{"not_picked":["Sever Soul","True Grit"],"picked":"Whirlwind","floor":30},{"not_picked":["Twin Strike+1","True Grit"],"picked":"Shrug It Off","floor":31}],"player_experience":321896,"relics_obtained":[{"floor":9.0,"key":"Vajra"},{"floor":13.0,"key":"Oddly Smooth Stone"},{"floor":23.0,"key":"Pear"},{"floor":26.0,"key":"PreservedInsect"},{"floor":28,"key":"Necronomicon"}],"event_choices":[{"damage_healed":0.0,"max_hp_gain":0.0,"max_hp_loss":0.0,"gold_gain":0.0,"event_name":"Match and Keep!","player_choice":"2 cards matched","floor":10.0,"gold_loss":0.0,"damage_taken":0.0,"cards_obtained":["Bash","Entrench"]},{"damage_healed":0.0,"max_hp_gain":0.0,"max_hp_loss":0.0,"gold_gain":0.0,"event_name":"The Mausoleum","player_choice":"Ignored","floor":19.0,"gold_loss":0.0,"damage_taken":0.0},{"cards_removed":["Double Tap"],"damage_healed":3.0,"max_hp_gain":10.0,"max_hp_loss":0.0,"gold_gain":0.0,"event_name":"Bonfire Elementals","player_choice":"Offered Rare","floor":21.0,"gold_loss":0.0,"damage_taken":0.0},{"damage_healed":0,"gold_gain":0,"player_choice":"Obtained Book","damage_taken":16,"max_hp_gain":0,"max_hp_loss":0,"event_name":"Cursed Tome","floor":28,"gold_loss":0}],"is_beta":false,"boss_relics":[{"not_picked":["Cursed Key","Tiny House"],"picked":"Runic Cube"}],"items_purged_floors":[3,20,29],"is_endless":false,"potions_floor_spawned":[2,7,14,23,25,31],"killed_by":"Champ","ascension_level":0}