{"gold_per_floor":[16,16,16,16,34,59,75,75,75,102,102,120,147,158,158,259,259,275,225,236,286,306,306,340,340,408,421,421,421,421,421,421,524,524,536,548,548,235,252,279,279,279,279,92,112,62,97,97,97,97,97,97,47,75,75],"floor_reached":56,"playtime":3084,"items_purged":["Grand Finale+1","Defend_G","Writhe","Defend_G","Strike_G"],"score":1361,"play_id":"1cc9e194-f4b7-4de9-86e7-6663311d4af4","local_time":"20181204023606","is_ascension_mode":false,"campfire_choices":[{"floor":8.0,"key":"RECALL"},{"data":"Blade Dance","floor":11.0,"key":"SMITH"},{"data":"Finisher","floor":15.0,"key":"SMITH"},{"data":"Blade Dance","floor":23,"key":"SMITH"},{"data":"Finisher","floor":25,"key":"SMITH"},{"data":"Finisher","floor":28,"key":"SMITH"},{"data":"Neutralize","floor":30,"key":"SMITH"},{"floor":32,"key":"REST"},{"data":"Survivor","floor":49,"key":"SMITH"},{"data":"Iron Wave","floor":52,"key":"SMITH"}],"neow_cost":"NO_GOLD","seed_source_timestamp":0,"circlet_count":0,"master_deck":["Strike_G+1","Survivor+1","Neutralize+1","Die Die Die+1","Blade Dance+1","Iron Wave+1","Blade Dance+1","Escape Plan+1","Finisher+1","Phantasmal Killer+1","A Thousand Cuts+1","Leg Sweep+1","Cloak And Dagger+1","Finisher+1","Finisher+1","Master of Strategy+1","Jack Of All Trades+1","Blade Dance+1","Escape Plan+1","Adrenaline+1","Cloak And Dagger+1","Expertise+1"],"special_seed":0,"relics":["Ring of the Snake","Toxic Egg 2","Ninja Scroll","Smiling Mask","Astrolabe","Whetstone","Pear","Lantern","Sozu","FossilizedHelix","Anchor","Mummified Hand","Blue Candle","Dead Branch"],"potions_floor_usage":[24,33,55,55],"damage_taken":[{"damage":0.0,"enemies":"Jaw Worm","floor":1.0,"turns":4.0},{"damage":2.0,"enemies":"Small Slimes","floor":5.0,"turns":2.0},{"damage":13.0,"enemies":"3 Sentries","floor":6.0,"turns":8.0},{"damage":0.0,"enemies":"Cultist","floor":7.0,"turns":2.0},{"damage":0.0,"enemies":"Exordium Thugs","floor":12.0,"turns":2.0},{"damage":0.0,"enemies":"Gremlin Nob","floor":13.0,"turns":2.0},{"damage":0.0,"enemies":"3 Louse","floor":14.0,"turns":2.0},{"damage":29.0,"enemies":"Slime Boss","floor":16.0,"turns":8.0},{"damage":3,"enemies":"3 Byrds","floor":18,"turns":3},{"damage":10,"enemies":"Shell Parasite","floor":20,"turns":2},{"damage":0,"enemies":"Snecko","floor":22,"turns":3},{"damage":0,"enemies":"Gremlin Leader","floor":24,"turns":4},{"damage":12,"enemies":"Centurion and Healer","floor":27,"turns":3},{"damage":54,"enemies":"Automaton","floor":33,"turns":6},{"damage":17,"enemies":"3 Darklings","floor":35,"turns":3},{"damage":0,"enemies":"Orb Walker","floor":36,"turns":1},{"damage":3,"enemies":"3 Darklings","floor":39,"turns":3},{"damage":0,"enemies":"Reptomancer","floor":40,"turns":3},{"damage":0,"enemies":"Writhing Mass","floor":45,"turns":2},{"damage":0,"enemies":"Giant Head","floor":47,"turns":1},{"damage":15,"enemies":"Donu and Deca","floor":50,"turns":4},{"damage":0,"enemies":"Shield and Spear","floor":54,"turns":2},{"damage":53,"enemies":"The Heart","floor":55,"turns":5}],"seed_played":"-6189643987290890333","potions_obtained":[{"floor":1.0,"key":"Fire Potion"},{"floor":5.0,"key":"Poison Potion"},{"floor":13.0,"key":"GhostInAJar"},{"floor":14.0,"key":"LiquidBronze"},{"floor":16.0,"key":"Ancient Potion"},{"floor":27,"key":"FearPotion"}],"is_trial":false,"path_per_floor":["M","?","?","?","M","E","M","R","T","T","R","M","E","M","R","B",null,"M","$","M","?","M","R","E","R","T","M","R","?","R","?","R","B",null,"M","M","?","$","M","E","?","?","T","$","M","$","E","T","R","B",null,"R","$","E","B",null],"character_chosen":"THE_SILENT","items_purchased":["Master of Strategy+1","Jack Of All Trades+1","Adrenaline+1"],"campfire_rested":1,"item_purchase_floors":[38,38,44],"current_hp_per_floor":[70,63,63,63,61,48,48,48,48,48,48,48,48,48,48,19,70,67,67,57,57,57,57,57,57,67,55,55,55,55,55,79,25,80,63,63,63,63,60,60,60,80,80,80,80,80,80,80,80,65,80,80,80,80,27],"gold":75,"neow_bonus":"THREE_RARE_CARDS","is_prod":false,"is_daily":false,"chose_seed":false,"campfire_upgraded":8,"win_rate":0,"timestamp":1543919766,"path_taken":["M","?","?","?","?","E","M","R","T","?","R","M","E","M","R","BOSS","M","$","M","?","?","R","E","R","T","M","R","?","R","?","R","BOSS","M","M","?","$","M","E","?","?","T","?","M","$","E","?","R","BOSS","R","$","E","BOSS"],"build_version":"2018-11-15","purchased_purges":5,"victory":true,"max_hp_per_floor":[70,70,70,70,70,70,70,70,70,70,70,70,70,70,70,70,70,70,70,70,70,70,70,70,70,80,80,80,80,80,80,80,80,80,80,80,80,80,80,80,80,80,80,80,80,80,80,80,80,80,80,80,80,80,80],"card_choices":[{"not_picked":["Malaise","After Image"],"picked":"Die Die Die","floor":0.0},{"not_picked":["Heel Hook","Deadly Poison"],"picked":"Blade Dance","floor":1.0},{"not_picked":["Deflect","Cloak And Dagger"],"picked":"Blade Dance","floor":5.0},{"not_picked":["PiercingWail","Outmaneuver"],"picked":"Escape Plan","floor":6.0},{"not_picked":["Outmaneuver+1","Flying Knee","Setup+1"],"picked":"SKIP","floor":7.0},{"not_picked":["Outmaneuver+1","Prepared+1"],"picked":"Finisher","floor":12.0},{"not_picked":["Dash","Skewer","Deadly Poison+1"],"picked":"SKIP","floor":13.0},{"not_picked":["Acrobatics+1","Prepared+1","Distraction+1"],"picked":"SKIP","floor":14.0},{"not_picked":["Glass Knife","Wraith Form v2"],"picked":"Phantasmal Killer+1","floor":16.0},{"not_picked":["PiercingWail+1","Flechettes","Dodge and Roll+1"],"picked":"SKIP","floor":18},{"not_picked":["Acrobatics+1","Deadly Poison+1","Poisoned Stab+1"],"picked":"SKIP","floor":20},{"not_picked":["Prepared+1","Dagger Throw+1"],"picked":"Cloak And Dagger+1","floor":22},{"not_picked":["Catalyst+1","Bouncing Flask+1"],"picked":"Finisher","floor":24},{"not_picked":["Dodge and Roll+1","Poisoned Stab"],"picked":"Finisher","floor":27},{"not_picked":["Sucker Punch","Quick Slash","Flying Knee+1"],"picked":"SKIP","floor":35},{"not_picked":["Leg Sweep+1","Tactician+1","Calculated Gamble+1"],"picked":"SKIP","floor":36},{"not_picked":["Catalyst+1","Footwork"],"picked":"Blade Dance+1","floor":39},{"not_picked":["Well Laid Plans+1","Setup+1"],"picked":"Escape Plan+1","floor":40},{"not_picked":["Dagger Throw","Dagger Spray+1","PiercingWail+1"],"picked":"SKIP","floor":45},{"not_picked":["Leg Sweep+1","Slice+1"],"picked":"Cloak And Dagger+1","floor":47},{"not_picked":["Dash+1","Underhanded Strike"],"picked":"Expertise+1","floor":54}],"player_experience":1032666,"relics_obtained":[{"floor":6.0,"key":"Toxic Egg 2"},{"floor":9.0,"key":"Ninja Scroll"},{"floor":13.0,"key":"Smiling Mask"},{"floor":24,"key":"Whetstone"},{"floor":26,"key":"Pear"},{"floor":40,"key":"FossilizedHelix"},{"floor":43,"key":"Anchor"},{"floor":47,"key":"Mummified Hand"},{"floor":48,"key":"Blue Candle"},{"floor":54,"key":"Dead Branch"}],"event_choices":[{"cards_removed":["Defend_G"],"damage_healed":0.0,"max_hp_gain":0.0,"max_hp_loss":0.0,"gold_gain":0.0,"event_name":"Golden Wing","player_choice":"Card Removal","floor":2.0,"gold_loss":0.0,"damage_taken":7.0},{"damage_healed":0.0,"max_hp_gain":0.0,"max_hp_loss":0.0,"gold_gain":0.0,"event_name":"Liars Game","player_choice":"Ignored","floor":3.0,"gold_loss":0.0,"damage_taken":0.0},{"cards_removed":["Strike_G"],"damage_healed":0.0,"max_hp_gain":0.0,"max_hp_loss":0.0,"gold_gain":0.0,"event_name":"NoteForYourself","player_choice":"Took Card","floor":4.0,"gold_loss":0.0,"damage_taken":0.0,"cards_obtained":["Iron Wave"]},{"damage_healed":0,"gold_gain":100,"player_choice":"Bet on Murderer","damage_taken":0,"max_hp_gain":0,"max_hp_loss":0,"event_name":"The Joust","floor":21,"gold_loss":50},{"damage_healed":0,"gold_gain":0,"player_choice":"Opened","damage_taken":0,"relics_obtained":["Lantern"],"max_hp_gain":0,"max_hp_loss":0,"event_name":"The Mausoleum","floor":29,"gold_loss":0,"cards_obtained":["Writhe"]},{"cards_removed":["Writhe"],"damage_healed":0,"gold_gain":0,"player_choice":"Elegance","damage_taken":0,"max_hp_gain":0,"max_hp_loss":0,"event_name":"Back to Basics","floor":31,"gold_loss":0},{"damage_healed":0,"gold_gain":0,"player_choice":"Ignored","damage_taken":0,"max_hp_gain":0,"max_hp_loss":0,"event_name":"Tomb of Lord Red Mask","floor":37,"gold_loss":0},{"cards_removed":["Defend_G"],"damage_healed":0,"gold_gain":0,"player_choice":"Removed Skill","damage_taken":0,"max_hp_gain":0,"max_hp_loss":0,"event_name":"Falling","floor":41,"gold_loss":0},{"damage_healed":20,"gold_gain":0,"player_choice":"Writhe","damage_taken":0,"max_hp_gain":0,"max_hp_loss":0,"event_name":"Winding Halls","floor":42,"gold_loss":0,"cards_obtained":["Writhe"]}],"is_beta":false,"boss_relics":[{"not_picked":["Black Star","Orrery"],"picked":"Astrolabe"},{"not_picked":["Velvet Choker","Cursed Key"],"picked":"Sozu"}],"items_purged_floors":[19,38,44,46,53],"is_endless":false,"potions_floor_spawned":[1,5,13,14,16,27,35,36,39],"ascension_level":0}