{"gold_per_floor":[116,116,126,126,144,169,169,194,194,194],"floor_reached":10,"playtime":1265,"items_purged":[],"score":80,"play_id":"c6a9e933-23af-4983-8490-93c6794f3492","local_time":"20180725210623","is_ascension_mode":true,"campfire_choices":[{"data":"Infinite Blades","floor":7,"key":"SMITH"}],"neow_cost":"NONE","seed_source_timestamp":311245255023585,"circlet_count":0,"master_deck":["Defend_G","Defend_G","Defend_G","Defend_G","Strike_G","Strike_G","Strike_G","Strike_G","Survivor","Neutralize","Quick Slash","Infinite Blades+1","Escape Plan"],"relics":["Ring of the Snake","NeowsBlessing","Prayer Wheel","Paper Crane","Dodecahedron"],"potions_floor_usage":[8],"damage_taken":[{"damage":0,"enemies":"Cultist","floor":1,"turns":1},{"damage":0,"enemies":"Jaw Worm","floor":3,"turns":1},{"damage":0,"enemies":"2 Louse","floor":5,"turns":1},{"damage":17,"enemies":"3 Sentries","floor":6,"turns":11},{"damage":31,"enemies":"Lagavulin","floor":8,"turns":9},{"damage":29,"enemies":"Gremlin Nob","floor":10,"turns":4}],"seed_played":"-6473239428121292200","potions_obtained":[{"floor":6,"key":"Fruit Juice"}],"is_trial":false,"path_per_floor":["M","?","M","?","M","E","R","E","T"],"character_chosen":"THE_SILENT","items_purchased":[],"campfire_rested":0,"item_purchase_floors":[],"current_hp_per_floor":[70,70,70,70,70,53,53,27,27,0],"gold":194,"neow_bonus":"THREE_ENEMY_KILL","is_prod":false,"is_daily":false,"chose_seed":false,"campfire_upgraded":1,"win_rate":0,"timestamp":1532577983,"path_taken":["M","?","M","?","?","E","R","E","T","E"],"build_version":"2018-07-19v2","purchased_purges":0,"victory":false,"max_hp_per_floor":[70,70,70,70,70,70,70,75,75,75],"card_choices":[{"not_picked":["Deflect","Sucker Punch"],"picked":"Quick Slash","floor":1},{"not_picked":["PiercingWail","Skewer","Backflip"],"picked":"SKIP","floor":3},{"not_picked":["Deflect","Calculated Gamble"],"picked":"Infinite Blades","floor":5},{"not_picked":["Setup","Slice","Unload"],"picked":"SKIP","floor":6},{"not_picked":["Expertise","Acrobatics"],"picked":"Escape Plan","floor":8}],"player_experience":545308,"relics_obtained":[{"floor":6,"key":"Prayer Wheel"},{"floor":8,"key":"Paper Crane"},{"floor":9,"key":"Dodecahedron"}],"event_choices":[{"event_name":"Living Wall","player_choice":"Forget","floor":2,"damage_taken":0},{"event_name":"Bonfire Elementals","player_choice":"BASIC","floor":4,"damage_taken":0}],"is_beta":false,"boss_relics":[],"items_purged_floors":[],"is_endless":false,"potions_floor_spawned":[6],"killed_by":"Gremlin Nob","ascension_level":1}