{"gold_per_floor":[360,81,101,114,133,162,177,177,230,242,272,284,334,371,383,518,530,567,494,531,558,570,621,652,664,676,688],"floor_reached":27,"playtime":2039,"items_purged":["Parasite"],"score":296,"play_id":"71de1337-7cff-48d3-a50d-4e98c4a4162a","local_time":"20190424180324","is_ascension_mode":true,"campfire_choices":[{"data":"Armaments","floor":8.0,"key":"SMITH"},{"data":"Metallicize","floor":10.0,"key":"SMITH"},{"data":"Bash","floor":15,"key":"SMITH"},{"floor":25,"key":"REST"}],"neow_cost":"CURSE","seed_source_timestamp":0,"circlet_count":0,"master_deck":["Strike_R","Strike_R","Defend_R","Defend_R","Defend_R","Defend_R","Bash+1","Havoc","Armaments+1","Headbutt","Metallicize+1","Body Slam+1","Disarm","Searing Blow+1","Fiend Fire+1","Demon Form","Inflame+1","Reckless Charge+1","Shockwave+1","Twin Strike+1","Burning Pact+1","Disarm","Body Slam+1"],"special_seed":0,"relics":["Burning Blood","Vajra","Molten Egg 2","MawBank","Golden Idol","Astrolabe","Pen Nib","Nloth\u0027s Gift","Smiling Mask","Magic Flower"],"potions_floor_usage":[16,16,21,27],"damage_taken":[{"damage":6.0,"enemies":"Cultist","floor":1.0,"turns":4.0},{"damage":4.0,"enemies":"2 Louse","floor":3.0,"turns":4.0},{"damage":0.0,"enemies":"Small Slimes","floor":4.0,"turns":3.0},{"damage":6.0,"enemies":"Looter","floor":5.0,"turns":4.0},{"damage":5.0,"enemies":"Gremlin Nob","floor":6.0,"turns":3.0},{"damage":9.0,"enemies":"3 Louse","floor":7.0,"turns":4.0},{"damage":13.0,"enemies":"Exordium Wildlife","floor":11.0,"turns":6.0},{"damage":18.0,"enemies":"Lagavulin","floor":13.0,"turns":6.0},{"damage":13.0,"enemies":"Lots of Slimes","floor":14.0,"turns":4.0},{"damage":23,"enemies":"Slime Boss","floor":16,"turns":10},{"damage":11,"enemies":"Spheric Guardian","floor":18,"turns":3},{"damage":3,"enemies":"Chosen","floor":20,"turns":4},{"damage":30,"enemies":"Sentry and Sphere","floor":21,"turns":4},{"damage":40,"enemies":"Slavers","floor":23,"turns":6},{"damage":19,"enemies":"Snake Plant","floor":24,"turns":4},{"damage":40,"enemies":"Gremlin Leader","floor":27,"turns":3}],"seed_played":"-7674668291805072123","potions_obtained":[{"floor":1.0,"key":"SteroidPotion"},{"floor":6.0,"key":"Swift Potion"},{"floor":11.0,"key":"Swift Potion"},{"floor":13.0,"key":"FearPotion"},{"floor":18,"key":"AttackPotion"},{"floor":23,"key":"SpeedPotion"}],"is_trial":false,"path_per_floor":["M","$","M","M","M","E","M","R","T","R","M","?","E","M","R","B",null,"M","?","M","M","?","E","M","R","T","E"],"character_chosen":"IRONCLAD","items_purchased":["Armaments","Vajra"],"campfire_rested":1,"item_purchase_floors":[2,2],"current_hp_per_floor":[80,77,77,77,77,77,74,74,74,74,67,48,46,39,39,22,87,82,82,85,61,61,27,14,40,40,0],"gold":688,"neow_bonus":"TWO_FIFTY_GOLD","is_prod":false,"is_daily":false,"chose_seed":false,"campfire_upgraded":3,"win_rate":0,"timestamp":1556121804,"path_taken":["M","$","M","M","M","E","M","R","T","R","M","?","E","M","R","BOSS","M","?","M","M","?","E","M","R","T","E"],"build_version":"2019-04-23","purchased_purges":1,"victory":false,"max_hp_per_floor":[80,77,77,77,77,77,77,77,77,77,77,77,87,87,87,87,87,87,87,87,87,87,87,87,87,87,87],"card_choices":[{"not_picked":["Anger","Flex"],"picked":"Havoc","floor":1.0},{"not_picked":["Havoc","Flex"],"picked":"Headbutt","floor":3.0},{"not_picked":["Flex","Body Slam"],"picked":"Metallicize","floor":4.0},{"not_picked":["Rupture","Headbutt","Clash"],"picked":"SKIP","floor":5.0},{"not_picked":["Flex","Pummel"],"picked":"Body Slam","floor":6.0},{"not_picked":["Combust","Iron Wave+1"],"picked":"Disarm","floor":7.0},{"not_picked":["Body Slam+1","Perfected Strike+1"],"picked":"Searing Blow+1","floor":11.0},{"not_picked":["Flame Barrier","Hemokinesis+1"],"picked":"Fiend Fire+1","floor":13.0},{"not_picked":["Twin Strike+1","Corruption","Headbutt+1"],"picked":"SKIP","floor":14.0},{"not_picked":["Barricade","Juggernaut"],"picked":"Demon Form","floor":16},{"not_picked":["Evolve","Shrug It Off"],"picked":"Twin Strike+1","floor":18},{"not_picked":["Seeing Red","Clash+1"],"picked":"Burning Pact+1","floor":20},{"not_picked":["Carnage+1","Infernal Blade"],"picked":"Disarm","floor":21},{"not_picked":["Barricade","Dark Embrace","Headbutt+1"],"picked":"SKIP","floor":23},{"not_picked":["Headbutt+1","Feed+1"],"picked":"Body Slam+1","floor":24}],"player_experience":327355,"relics_obtained":[{"floor":6.0,"key":"Molten Egg 2"},{"floor":9.0,"key":"MawBank"},{"floor":13.0,"key":"Pear"},{"floor":23,"key":"Smiling Mask"},{"floor":26,"key":"Magic Flower"}],"event_choices":[{"damage_healed":0.0,"max_hp_gain":0.0,"max_hp_loss":0.0,"gold_gain":0.0,"event_name":"Golden Idol","player_choice":"Take Damage","floor":12.0,"gold_loss":0.0,"damage_taken":19.0,"relics_obtained":["Golden Idol"]},{"damage_healed":0,"gold_gain":0,"player_choice":"Obtained Relic","damage_taken":0,"relics_obtained":["Pen Nib"],"max_hp_gain":0,"max_hp_loss":0,"event_name":"Addict","floor":19,"gold_loss":85},{"damage_healed":0,"gold_gain":0,"player_choice":"Traded Relic","damage_taken":0,"relics_obtained":["Nloth\u0027s Gift"],"max_hp_gain":0,"max_hp_loss":0,"event_name":"N\u0027loth","floor":22,"relics_lost":["Pear"],"gold_loss":0}],"is_beta":true,"boss_relics":[{"not_picked":["White Beast Statue","Empty Cage"],"picked":"Astrolabe"}],"items_purged_floors":[2],"is_endless":false,"potions_floor_spawned":[1,6,11,13,18,23],"killed_by":"Gremlin Leader","ascension_level":4}