{"gold_per_floor":[113,128,128,128,139,172,172,101,101,67,67,86,97,108,108,210,210,223,241,166,199,199,225,225,239,239,239,338,357,95,95,95,198,198,214,214,226,239,251,251,251],"floor_reached":41,"playtime":3057,"items_purged":["Strike_B"],"score":412,"play_id":"6f0fdeab-0aa1-4bce-997c-0b71cc82a471","local_time":"20190814221324","is_ascension_mode":false,"campfire_choices":[{"data":"Chill","floor":7.0,"key":"SMITH"},{"data":"Dualcast","floor":11.0,"key":"SMITH"},{"floor":15.0,"key":"REST"},{"data":"Electrodynamics","floor":24,"key":"SMITH"},{"floor":32,"key":"REST"},{"floor":40,"key":"REST"}],"neow_cost":"NONE","seed_source_timestamp":0,"circlet_count":0,"master_deck":["Strike_B","Defend_B","Defend_B","Defend_B","Defend_B","Zap+1","Dualcast+1","Streamline","Chill+1","Rebound","Hologram","Blizzard+1","Glacier","Leap","Auto Shields","Turbo","Electrodynamics+1","Self Repair+1","Cold Snap+1","Ball Lightning+1","Coolheaded","Necronomicurse","Gash+1","Gash+1","Seek","Parasite","Clumsy","Outmaneuver+1","Gash+1","Parasite"],"special_seed":0,"relics":["Cracked Core","Molten Egg 2","Symbiotic Virus","Velvet Choker","Red Mask","Bag of Preparation","Pantograph","Necronomicon","PrismaticShard","Mummified Hand","Calling Bell","Ancient Tea Set","Gremlin Horn","Calipers","Spirit Poop"],"potions_floor_usage":[33,33,33],"damage_taken":[{"damage":1.0,"enemies":"Jaw Worm","floor":1.0,"turns":3.0},{"damage":1.0,"enemies":"Cultist","floor":2.0,"turns":3.0},{"damage":3.0,"enemies":"Small Slimes","floor":5.0,"turns":3.0},{"damage":38.0,"enemies":"Lagavulin","floor":6.0,"turns":7.0},{"damage":0.0,"enemies":"Exordium Wildlife","floor":12.0,"turns":2.0},{"damage":0.0,"enemies":"Large Slime","floor":13.0,"turns":4.0},{"damage":0.0,"enemies":"2 Fungi Beasts","floor":14.0,"turns":3.0},{"damage":12.0,"enemies":"Slime Boss","floor":16.0,"turns":8.0},{"damage":4,"enemies":"Spheric Guardian","floor":18,"turns":4},{"damage":3,"enemies":"3 Byrds","floor":19,"turns":7},{"damage":2,"enemies":"Masked Bandits","floor":21,"turns":6},{"damage":21,"enemies":"Book of Stabbing","floor":23,"turns":8},{"damage":0,"enemies":"3 Cultists","floor":25,"turns":4},{"damage":2,"enemies":"Chosen and Byrds","floor":29,"turns":5},{"damage":10,"enemies":"Collector","floor":33,"turns":8},{"damage":0,"enemies":"3 Darklings","floor":35,"turns":7},{"damage":0,"enemies":"3 Shapes","floor":37,"turns":4},{"damage":20,"enemies":"Sphere and 2 Shapes","floor":38,"turns":4},{"damage":52,"enemies":"Transient","floor":39,"turns":5},{"damage":47,"enemies":"Writhing Mass","floor":41,"turns":7}],"seed_played":"3574891315135076405","potions_obtained":[{"floor":13.0,"key":"GamblersBrew"},{"floor":16.0,"key":"Explosive Potion"},{"floor":18,"key":"Strength Potion"},{"floor":21,"key":"FocusPotion"},{"floor":35,"key":"SteroidPotion"}],"is_trial":false,"path_per_floor":["M","M","?","?","M","E","R","$","T","$","R","M","M","M","R","B",null,"M","M","$","?","?","E","R","M","T","?","?","M","$","T","R","B",null,"M","?","M","M","M","R","M"],"character_chosen":"DEFECT","items_purchased":["Blizzard+1","Glacier","PrismaticShard","Gash+1"],"campfire_rested":3,"item_purchase_floors":[8,10,30,30],"current_hp_per_floor":[74,73,73,73,70,32,32,32,32,32,32,32,32,32,54,42,75,71,75,75,75,75,64,64,74,74,58,58,56,56,56,75,75,75,75,75,75,65,23,45,0],"gold":251,"neow_bonus":"UPGRADE_CARD","is_prod":false,"is_daily":false,"chose_seed":false,"campfire_upgraded":3,"win_rate":0.0,"timestamp":1565792004,"path_taken":["M","M","?","?","?","E","R","?","T","$","R","?","M","M","R","BOSS","M","M","$","?","?","E","R","M","T","?","?","M","$","?","R","BOSS","M","?","M","M","M","R","M"],"build_version":"2019-07-17","purchased_purges":1,"victory":false,"max_hp_per_floor":[75,75,75,75,75,75,75,75,75,75,75,75,75,75,75,75,75,75,75,75,75,75,75,75,75,75,75,75,75,75,75,75,75,75,75,75,75,75,75,75,75],"card_choices":[{"not_picked":["Stack","Hologram"],"picked":"Streamline","floor":1.0},{"not_picked":["Streamline","Sweeping Beam"],"picked":"Chill","floor":2.0},{"not_picked":["Turbo","Reprogram"],"picked":"Rebound","floor":5.0},{"not_picked":["Undo","Redo"],"picked":"Hologram","floor":6.0},{"not_picked":["Beam Cell+1","Blizzard+1"],"picked":"Leap","floor":12.0},{"not_picked":["Leap","Chaos"],"picked":"Auto Shields","floor":13.0},{"not_picked":["Chill","Rebound+1"],"picked":"Turbo","floor":14.0},{"not_picked":["Rainbow","Echo Form"],"picked":"Electrodynamics","floor":16.0},{"not_picked":["Fusion","Rebound+1"],"picked":"Self Repair+1","floor":18},{"not_picked":["Gash+1","Redo+1"],"picked":"Cold Snap+1","floor":19},{"not_picked":["Cold Snap+1","Chaos"],"picked":"Ball Lightning+1","floor":21},{"not_picked":["Genetic Algorithm","Cold Snap+1"],"picked":"Coolheaded","floor":23},{"not_picked":["Hologram+1","Leap","Electrodynamics"],"picked":"SKIP","floor":25},{"not_picked":["Ball Lightning+1","Melter+1"],"picked":"Gash+1","floor":29},{"not_picked":["Unload+1","After Image"],"picked":"Seek","floor":33},{"not_picked":["Stack","Armaments+1"],"picked":"Outmaneuver+1","floor":35},{"not_picked":["Rampage+1","Tactician+1"],"picked":"Gash+1","floor":37},{"not_picked":["Clothesline+1","Bloodletting+1","Acrobatics"],"picked":"SKIP","floor":38},{"not_picked":["Heavy Blade+1","Caltrops","Conserve Battery+1"],"picked":"SKIP","floor":39}],"player_experience":142355,"relics_obtained":[{"floor":6.0,"key":"Molten Egg 2"},{"floor":9.0,"key":"Symbiotic Virus"},{"floor":21,"key":"Red Mask"},{"floor":23,"key":"Bag of Preparation"},{"floor":26,"key":"Pantograph"},{"floor":27,"key":"Necronomicon"},{"floor":31,"key":"Mummified Hand"},{"floor":34,"key":"Ancient Tea Set"},{"floor":34,"key":"Gremlin Horn"},{"floor":34,"key":"Calipers"}],"event_choices":[{"damage_healed":0.0,"max_hp_gain":0.0,"max_hp_loss":0.0,"gold_gain":0.0,"event_name":"Liars Game","player_choice":"Ignored","floor":3.0,"gold_loss":0.0,"damage_taken":0.0},{"cards_removed":["Strike_B"],"damage_healed":0.0,"max_hp_gain":0.0,"max_hp_loss":0.0,"gold_gain":0.0,"event_name":"Purifier","player_choice":"Purged","floor":4.0,"gold_loss":0.0,"damage_taken":0.0},{"damage_healed":0,"gold_gain":0,"player_choice":"Fought Bandits","damage_taken":0,"max_hp_gain":0,"max_hp_loss":0,"event_name":"Masked Bandits","floor":21,"gold_loss":0},{"cards_removed":["Strike_B"],"damage_healed":0,"gold_gain":0,"player_choice":"Elegance","damage_taken":0,"max_hp_gain":0,"max_hp_loss":0,"event_name":"Back to Basics","floor":22,"gold_loss":0},{"damage_healed":0,"gold_gain":0,"player_choice":"Obtained Book","damage_taken":16,"max_hp_gain":0,"max_hp_loss":0,"event_name":"Cursed Tome","floor":27,"gold_loss":0},{"damage_healed":0,"gold_gain":99,"player_choice":"Stole From Cult","damage_taken":0,"max_hp_gain":0,"max_hp_loss":0,"event_name":"Nest","floor":28,"gold_loss":0},{"cards_removed":["Decay"],"damage_healed":0,"gold_gain":0,"player_choice":"Offered Curse","damage_taken":0,"relics_obtained":["Spirit Poop"],"max_hp_gain":0,"max_hp_loss":0,"event_name":"Bonfire Elementals","floor":36,"gold_loss":0}],"is_beta":false,"boss_relics":[{"not_picked":["Orrery","Sozu"],"picked":"Velvet Choker"},{"not_picked":["Cursed Key","Coffee Dripper"],"picked":"Calling Bell"}],"items_purged_floors":[20],"is_endless":false,"potions_floor_spawned":[13,16,18,21,25,35],"killed_by":"Writhing Mass","ascension_level":0}