{"gold_per_floor":[113,125,139,64,77,77,104,104,151,161,179,179,195,209,209,307,307,319,319,332,345,345],"floor_reached":22,"playtime":1230,"items_purged":["Defend_B"],"score":307,"play_id":"1266adbb-ada3-4759-a156-35dfe1c4d354","local_time":"20181019233733","is_ascension_mode":true,"campfire_choices":[{"data":"Zap","floor":6,"key":"SMITH"},{"floor":12,"key":"REST"},{"floor":15,"key":"REST"}],"neow_cost":"NONE","seed_source_timestamp":2703639343998,"circlet_count":0,"master_deck":["Strike_B","Strike_B","Strike_B","Defend_B","Defend_B+1","Defend_B","Zap+1","Dualcast","AscendersBane","Sweeping Beam","Ball Lightning","Leap+1","Static Discharge","Leap","Genetic Algorithm"],"relics":["Busted Crown","Blue Candle","War Paint","Inserter","Anchor"],"potions_floor_usage":[16,21,22],"damage_taken":[{"damage":13,"enemies":"Small Slimes","floor":1,"turns":4},{"damage":1,"enemies":"Cultist","floor":2,"turns":3},{"damage":0,"enemies":"Jaw Worm","floor":3,"turns":3},{"damage":17,"enemies":"Lots of Slimes","floor":5,"turns":4},{"damage":20,"enemies":"3 Sentries","floor":7,"turns":6},{"damage":0,"enemies":"3 Louse","floor":10,"turns":3},{"damage":5,"enemies":"Red Slaver","floor":11,"turns":3},{"damage":11,"enemies":"Exordium Wildlife","floor":13,"turns":4},{"damage":3,"enemies":"Exordium Thugs","floor":14,"turns":4},{"damage":14,"enemies":"Hexaghost","floor":16,"turns":8},{"damage":11,"enemies":"Chosen","floor":18,"turns":5},{"damage":8,"enemies":"3 Byrds","floor":20,"turns":3},{"damage":21,"enemies":"Shelled Parasite and Fungi","floor":21,"turns":7},{"damage":30,"enemies":"3 Cultists","floor":22,"turns":3}],"seed_played":"-1946656195883077150","potions_obtained":[{"floor":5,"key":"Ancient Potion"},{"floor":10,"key":"Block Potion"},{"floor":11,"key":"FocusPotion"},{"floor":18,"key":"FearPotion"},{"floor":20,"key":"Poison Potion"}],"is_trial":false,"path_per_floor":["M","M","M","$","M","R","E","?","T","M","M","R","M","M","R","B",null,"M","?","M","M"],"character_chosen":"DEFECT","items_purchased":[],"campfire_rested":2,"item_purchase_floors":[],"current_hp_per_floor":[55,54,54,54,37,37,17,17,17,17,12,34,23,20,42,28,63,52,52,44,23,0],"gold":345,"neow_bonus":"BOSS_RELIC","is_prod":false,"is_daily":false,"chose_seed":false,"campfire_upgraded":1,"win_rate":0,"timestamp":1540017453,"path_taken":["M","M","M","$","M","R","E","?","T","?","M","R","M","M","R","BOSS","M","?","?","M","M"],"build_version":"2018-10-18","purchased_purges":1,"victory":false,"max_hp_per_floor":[75,75,75,75,75,75,75,75,75,75,75,75,75,75,75,75,75,75,75,75,75,75],"card_choices":[{"not_picked":[],"picked":"Sweeping Beam","floor":1},{"not_picked":[],"picked":"Ball Lightning","floor":2},{"not_picked":["BootSequence"],"picked":"SKIP","floor":3},{"not_picked":[],"picked":"Leap","floor":5},{"not_picked":[],"picked":"Static Discharge","floor":7},{"not_picked":["Scrape"],"picked":"SKIP","floor":10},{"not_picked":["Coolheaded"],"picked":"SKIP","floor":11},{"not_picked":["Streamline"],"picked":"SKIP","floor":13},{"not_picked":[],"picked":"Genetic Algorithm","floor":14},{"not_picked":["Conserve Battery"],"picked":"SKIP","floor":18},{"not_picked":["Beam Cell"],"picked":"SKIP","floor":20},{"not_picked":["Gash"],"picked":"SKIP","floor":21}],"player_experience":896564,"relics_obtained":[{"floor":7,"key":"Blue Candle"},{"floor":9,"key":"War Paint"}],"event_choices":[{"damage_healed":0,"gold_gain":0,"cards_transformed":["Strike_B"],"player_choice":"Transformed","damage_taken":0,"max_hp_gain":0,"max_hp_loss":0,"event_name":"Transmorgrifier","floor":8,"gold_loss":0,"cards_obtained":["Leap"]},{"damage_healed":0,"gold_gain":0,"player_choice":"Gave Potion","damage_taken":0,"relics_obtained":["Anchor"],"max_hp_gain":0,"max_hp_loss":0,"event_name":"WeMeetAgain","floor":19,"gold_loss":0}],"is_beta":false,"boss_relics":[{"not_picked":["Orrery","Calling Bell"],"picked":"Inserter"}],"items_purged_floors":[4],"is_endless":false,"potions_floor_spawned":[5,10,11,14,18,20],"killed_by":"3 Cultists","ascension_level":12}