{"gold_per_floor":[112,37,53,53,80,115,115,145,172,172,172,201,151,171,171,171],"floor_reached":16,"playtime":780,"items_purged":["Strike_G"],"score":176,"play_id":"489737e4-c0d9-49ec-8eb4-271364befd1c","local_time":"20190706220324","is_ascension_mode":true,"campfire_choices":[{"floor":7,"key":"DIG"},{"floor":10,"key":"DIG"},{"floor":15,"key":"DIG"}],"neow_cost":"NONE","seed_source_timestamp":401534933475899,"circlet_count":0,"master_deck":["Strike_G","Strike_G","Strike_G","Defend_G","Defend_G","Defend_G","Defend_G","Defend_G","Survivor","Neutralize","Heel Hook","Flechettes"],"relics":["Ring of the Snake","NeowsBlessing","Anchor","Shovel","Juzu Bracelet","Bag of Marbles","Dream Catcher","Centennial Puzzle","Tingsha","Singing Bowl"],"potions_floor_usage":[8,12],"damage_taken":[{"damage":0,"enemies":"Cultist","floor":1,"turns":1},{"damage":0,"enemies":"2 Louse","floor":3,"turns":1},{"damage":0,"enemies":"Lagavulin","floor":6,"turns":1},{"damage":30,"enemies":"3 Sentries","floor":8,"turns":13},{"damage":35,"enemies":"Lagavulin","floor":12,"turns":5},{"damage":0,"enemies":"Jaw Worm","floor":14,"turns":3},{"damage":38,"enemies":"Slime Boss","floor":16,"turns":3}],"seed_played":"8275584753742861293","potions_obtained":[{"floor":1,"key":"Strength Potion"},{"floor":6,"key":"FearPotion"},{"floor":12,"key":"SpeedPotion"}],"is_trial":false,"path_per_floor":["M","$","M","?","T","E","R","E","T","R","?","E","?","M","R","B"],"character_chosen":"THE_SILENT","items_purchased":[],"campfire_rested":0,"item_purchase_floors":[],"current_hp_per_floor":[70,70,70,75,75,75,75,45,45,45,45,10,10,10,10,0],"gold":171,"neow_bonus":"THREE_ENEMY_KILL","is_prod":false,"is_daily":false,"chose_seed":false,"campfire_upgraded":0,"win_rate":0,"timestamp":1562465004,"path_taken":["M","$","?","?","?","E","R","E","T","R","?","E","?","M","R","BOSS"],"build_version":"2019-07-05","purchased_purges":1,"victory":false,"max_hp_per_floor":[70,70,70,75,75,75,75,75,75,75,75,75,75,75,75,75],"card_choices":[{"not_picked":["Endless Agony","Dagger Spray"],"picked":"Heel Hook","floor":1},{"not_picked":["Deflect","Setup","Bane"],"picked":"SKIP","floor":3},{"not_picked":["Deflect","Blade Dance","Dagger Throw"],"picked":"SKIP","floor":6},{"not_picked":["Envenom","Choke","Sucker Punch"],"picked":"SKIP","floor":8},{"not_picked":["Predator","Escape Plan","Backflip"],"picked":"SKIP","floor":12},{"not_picked":["Dodge and Roll","Outmaneuver"],"picked":"Flechettes","floor":14}],"player_experience":197742,"relics_obtained":[{"floor":5,"key":"Anchor"},{"floor":6,"key":"Shovel"},{"floor":7,"key":"Juzu Bracelet"},{"floor":8,"key":"Bag of Marbles"},{"floor":9,"key":"Dream Catcher"},{"floor":10,"key":"Centennial Puzzle"},{"floor":12,"key":"Tingsha"},{"floor":15,"key":"Singing Bowl"}],"event_choices":[{"damage_healed":0,"gold_gain":0,"player_choice":"Donut","damage_taken":0,"max_hp_gain":5,"max_hp_loss":0,"event_name":"Big Fish","floor":4,"gold_loss":0},{"damage_healed":0,"gold_gain":0,"player_choice":"Ignored","damage_taken":0,"max_hp_gain":0,"max_hp_loss":0,"event_name":"Liars Game","floor":11,"gold_loss":0},{"cards_removed":["Strike_G"],"damage_healed":0,"gold_gain":0,"player_choice":"Card Removal","damage_taken":0,"max_hp_gain":0,"max_hp_loss":0,"event_name":"The Cleric","floor":13,"gold_loss":50}],"is_beta":false,"boss_relics":[],"items_purged_floors":[2],"is_endless":false,"potions_floor_spawned":[1,6,12],"killed_by":"Slime Boss","ascension_level":5}