{"gold_per_floor":[19,39,56,56,56,56,66,66,66,77,2,16,50,66,66,145,145,165,265,165,165,177,205,80,80,80,80,80,98,98,108,108,183,183,196,196,46,59,0,0,15,49,72,91,102,132,132,63,63,63],"floor_reached":51,"playtime":3257,"items_purged":["Strike_G","Wraith Form v2+1","Writhe","Skewer+1"],"score":1421,"play_id":"2ad305b0-73bd-4393-8140-c268a3735158","local_time":"20190605131549","is_ascension_mode":true,"campfire_choices":[{"data":"Concentrate","floor":6,"key":"SMITH"},{"data":"All Out Attack","floor":8,"key":"SMITH"},{"data":"Survivor","floor":15,"key":"SMITH"},{"data":"Adrenaline","floor":25,"key":"SMITH"},{"data":"Adrenaline","floor":28,"key":"SMITH"},{"data":"Adrenaline","floor":30,"key":"SMITH"},{"data":"Calculated Gamble","floor":32,"key":"SMITH"},{"data":"All Out Attack","floor":40,"key":"SMITH"},{"data":"Dagger Throw","floor":47,"key":"SMITH"},{"data":"Slice","floor":49,"key":"SMITH"}],"neow_cost":"NO_GOLD","seed_source_timestamp":124796536824940,"circlet_count":0,"master_deck":["AscendersBane","Survivor+1","Neutralize","Dagger Throw+1","All Out Attack+1","Concentrate+1","All Out Attack+1","Slice+1","Well Laid Plans+1","PiercingWail","Prepared","Dagger Throw+1","Adrenaline+1","Blur","Adrenaline+1","Adrenaline+1","Deflect","Cloak And Dagger","Backstab+1","Well Laid Plans+1","Dagger Throw+1","Slice+1","Tools of the Trade+1","Envenom+1","Slice+1","Calculated Gamble+1","Backstab+1","Dagger Throw+1","Unload+1","PiercingWail","Slice+1","Deflect","Setup+1","Tools of the Trade+1","Skewer+1","Glass Knife+1"],"relics":["Ring of the Snake","Unceasing Top","Prayer Wheel","Frozen Egg 2","Molten Egg 2","Pandora\u0027s Box","Ice Cream","Ornamental Fan","Ancient Tea Set","Nunchaku","Turnip","Runic Dome","Sundial","Red Mask","Potion Belt","Strawberry","Mummified Hand"],"potions_floor_usage":[13,50,50],"damage_taken":[{"damage":3,"enemies":"Cultist","floor":1,"turns":5},{"damage":1,"enemies":"Jaw Worm","floor":2,"turns":4},{"damage":0,"enemies":"Small Slimes","floor":3,"turns":3},{"damage":0,"enemies":"Blue Slaver","floor":7,"turns":5},{"damage":0,"enemies":"2 Fungi Beasts","floor":10,"turns":2},{"damage":5,"enemies":"Red Slaver","floor":12,"turns":3},{"damage":10,"enemies":"3 Sentries","floor":13,"turns":4},{"damage":0,"enemies":"Lots of Slimes","floor":14,"turns":2},{"damage":8,"enemies":"Slime Boss","floor":16,"turns":9},{"damage":0,"enemies":"2 Thieves","floor":18,"turns":3},{"damage":0,"enemies":"Colosseum Slavers","floor":19,"turns":2},{"damage":1,"enemies":"Colosseum Nobs","floor":19,"turns":3},{"damage":0,"enemies":"Chosen","floor":22,"turns":2},{"damage":0,"enemies":"Slavers","floor":23,"turns":3},{"damage":0,"enemies":"Centurion and Healer","floor":29,"turns":2},{"damage":0,"enemies":"Snecko","floor":31,"turns":1},{"damage":32,"enemies":"Collector","floor":33,"turns":4},{"damage":0,"enemies":"Orb Walker","floor":35,"turns":1},{"damage":0,"enemies":"3 Shapes","floor":38,"turns":1},{"damage":0,"enemies":"Maw","floor":41,"turns":3},{"damage":0,"enemies":"Nemesis","floor":42,"turns":3},{"damage":0,"enemies":"3 Darklings","floor":44,"turns":2},{"damage":0,"enemies":"Spire Growth","floor":45,"turns":2},{"damage":0,"enemies":"Giant Head","floor":46,"turns":2},{"damage":27,"enemies":"Time Eater","floor":50,"turns":3}],"seed_played":"5847097917440158748","potions_obtained":[{"floor":3,"key":"Explosive Potion"},{"floor":12,"key":"Energy Potion"},{"floor":13,"key":"GhostInAJar"},{"floor":42,"key":"FearPotion"},{"floor":46,"key":"Strength Potion"}],"is_trial":false,"path_per_floor":["M","M","M","?","T","R","M","R","T","M","$","M","E","M","R","B",null,"M","?","$","?","M","E","$","R","T","?","R","M","R","M","R","B",null,"M","?","$","M","?","R","M","E","T","M","M","E","R","$","R","B",null],"character_chosen":"THE_SILENT","items_purchased":["Glass Knife+1"],"campfire_rested":0,"item_purchase_floors":[48],"current_hp_per_floor":[56,55,55,55,55,55,55,55,55,55,55,50,40,40,40,32,58,58,57,57,57,57,57,57,57,57,57,57,57,57,57,57,25,56,56,56,56,56,56,56,56,56,63,63,63,63,63,63,63,36],"gold":63,"neow_bonus":"ONE_RARE_RELIC","is_prod":false,"is_daily":false,"chose_seed":false,"campfire_upgraded":10,"win_rate":0,"timestamp":1559765749,"path_taken":["M","M","M","?","?","R","M","R","T","M","$","?","E","M","R","BOSS","M","?","$","?","M","E","$","R","T","?","R","M","R","M","R","BOSS","M","?","$","?","?","R","M","E","T","M","M","E","R","$","R","BOSS"],"build_version":"2019-01-23","purchased_purges":4,"victory":true,"max_hp_per_floor":[66,66,66,66,66,66,66,66,66,66,66,66,66,66,66,66,66,66,66,66,66,66,66,66,66,66,66,66,66,66,66,66,66,66,66,66,66,66,66,66,66,66,73,73,73,73,73,73,73,73],"card_choices":[{"not_picked":["Backflip","Outmaneuver"],"picked":"Dagger Throw","floor":1},{"not_picked":["Riddle With Holes","Outmaneuver"],"picked":"All Out Attack","floor":2},{"not_picked":["All Out Attack","Blade Dance"],"picked":"Concentrate","floor":3},{"not_picked":["Poisoned Stab","Quick Slash"],"picked":"All Out Attack","floor":7},{"not_picked":["Acrobatics","Backflip","Infinite Blades"],"picked":"SKIP","floor":7},{"not_picked":["Predator","Acrobatics"],"picked":"Slice","floor":10},{"not_picked":["Backstab","Backflip"],"picked":"Well Laid Plans+1","floor":10},{"not_picked":["Flying Knee","Poisoned Stab"],"picked":"PiercingWail","floor":12},{"not_picked":["Quick Slash","Outmaneuver","Phantasmal Killer"],"picked":"SKIP","floor":12},{"not_picked":["Dash","Malaise"],"picked":"Prepared","floor":13},{"not_picked":["Backflip","Flying Knee+1"],"picked":"Dagger Throw+1","floor":14},{"not_picked":["Dodge and Roll","Flying Knee+1","Distraction"],"picked":"SKIP","floor":14},{"not_picked":["Grand Finale+1","Corpse Explosion"],"picked":"Adrenaline","floor":16},{"not_picked":["Blade Dance","Dagger Throw+1"],"picked":"Backstab+1","floor":18},{"not_picked":["Dash+1","Dodge and Roll"],"picked":"Well Laid Plans+1","floor":18},{"not_picked":["Blade Dance","Flechettes+1"],"picked":"Dagger Throw+1","floor":19},{"not_picked":["Deflect","Poisoned Stab+1"],"picked":"Slice+1","floor":22},{"not_picked":["Caltrops+1","Well Laid Plans+1","Backflip+1"],"picked":"SKIP","floor":22},{"not_picked":["Prepared+1","Bane+1"],"picked":"Tools of the Trade+1","floor":23},{"not_picked":["Dagger Throw+1","Dagger Spray+1"],"picked":"Slice+1","floor":29},{"not_picked":["Quick Slash+1","Acrobatics"],"picked":"Calculated Gamble","floor":29},{"not_picked":["Caltrops+1","Glass Knife+1"],"picked":"Backstab+1","floor":31},{"not_picked":["Dodge and Roll","Blade Dance"],"picked":"Dagger Throw+1","floor":31},{"not_picked":["Doppelganger","Grand Finale+1"],"picked":"Unload+1","floor":33},{"not_picked":["Underhanded Strike+1","Catalyst+1"],"picked":"PiercingWail","floor":35},{"not_picked":["Riddle With Holes+1","Backflip"],"picked":"PiercingWail","floor":35},{"not_picked":["Blade Dance","Deadly Poison"],"picked":"Slice+1","floor":38},{"not_picked":["Cloak And Dagger","Deadly Poison"],"picked":"Deflect","floor":38},{"not_picked":["Tactician","Blade Dance"],"picked":"Setup+1","floor":41},{"not_picked":["Underhanded Strike+1","Backflip","Dagger Spray+1"],"picked":"SKIP","floor":41},{"not_picked":["Dodge and Roll","Outmaneuver","Bullet Time"],"picked":"SKIP","floor":42},{"not_picked":["Blade Dance","PiercingWail+1","Blur"],"picked":"SKIP","floor":44},{"not_picked":["Reflex","Flying Knee+1","Cloak And Dagger"],"picked":"SKIP","floor":44},{"not_picked":["Deadly Poison","Riddle With Holes+1"],"picked":"Tools of the Trade+1","floor":45},{"not_picked":["Acrobatics+1","Prepared"],"picked":"Skewer+1","floor":45},{"not_picked":["Blade Dance","Sucker Punch+1","Skewer+1"],"picked":"SKIP","floor":46}],"player_experience":1381488,"relics_obtained":[{"floor":5,"key":"Prayer Wheel"},{"floor":9,"key":"Frozen Egg 2"},{"floor":13,"key":"Molten Egg 2"},{"floor":19,"key":"Ice Cream"},{"floor":19,"key":"Ornamental Fan"},{"floor":23,"key":"Nunchaku"},{"floor":26,"key":"Turnip"},{"floor":42,"key":"Potion Belt"},{"floor":43,"key":"Strawberry"},{"floor":46,"key":"Mummified Hand"}],"event_choices":[{"cards_removed":["Defend_G"],"damage_healed":0,"gold_gain":0,"player_choice":"Forget","damage_taken":0,"max_hp_gain":0,"max_hp_loss":0,"event_name":"Living Wall","floor":4,"gold_loss":0},{"damage_healed":0,"gold_gain":0,"player_choice":"Fight","damage_taken":0,"max_hp_gain":0,"max_hp_loss":0,"event_name":"Colosseum","floor":19,"gold_loss":0},{"damage_healed":0,"gold_gain":0,"player_choice":"Fought Nobs","damage_taken":0,"max_hp_gain":0,"max_hp_loss":0,"event_name":"Colosseum","floor":19,"gold_loss":0},{"damage_healed":0,"gold_gain":0,"player_choice":"Opened","damage_taken":0,"relics_obtained":["Ancient Tea Set"],"max_hp_gain":0,"max_hp_loss":0,"event_name":"The Mausoleum","floor":21,"gold_loss":0,"cards_obtained":["Writhe"]},{"damage_healed":0,"gold_gain":0,"cards_transformed":["Bouncing Flask"],"player_choice":"Transformed","damage_taken":0,"max_hp_gain":0,"max_hp_loss":0,"event_name":"Transmorgrifier","floor":27,"gold_loss":0,"cards_obtained":["Envenom"]},{"cards_removed":["PiercingWail"],"damage_healed":0,"gold_gain":0,"player_choice":"Gave Card","damage_taken":0,"relics_obtained":["Sundial"],"max_hp_gain":0,"max_hp_loss":0,"event_name":"WeMeetAgain","floor":36,"gold_loss":0},{"damage_healed":0,"gold_gain":0,"player_choice":"Paid","damage_taken":0,"relics_obtained":["Red Mask"],"max_hp_gain":0,"max_hp_loss":0,"event_name":"Tomb of Lord Red Mask","floor":39,"gold_loss":59}],"is_beta":false,"boss_relics":[{"not_picked":["Busted Crown","Eternal Feather"],"picked":"Pandora\u0027s Box"},{"not_picked":["Snecko Eye","Orrery"],"picked":"Runic Dome"}],"items_purged_floors":[11,20,24,37],"is_endless":false,"potions_floor_spawned":[3,12,13,14,19,22,23,29,42,46],"ascension_level":14}