{"gold_per_floor":[134,209,209,234,159,159,189,189,189,204,234,264,214,244,244,344,344,359,59,59,59,9,69,84,99,149,149,164,194,209,224,224,324,324,339,339,289,304,334,364,379,394,419,434,449,464,479,509,509,509],"floor_reached":51,"playtime":5322,"items_purged":["HandOfGreed","Demon Form","Transmutation","Juggernaut","Barricade"],"score":1032,"play_id":"6aa9a8ad-6350-4734-9bc9-679560b167f6","local_time":"20190219133155","daily_mods":["Shiny","Colorless Cards","DeadlyEvents"],"is_ascension_mode":false,"campfire_choices":[{"data":"Apotheosis","floor":6,"key":"SMITH"},{"data":"Offering","floor":8,"key":"SMITH"},{"data":"Dramatic Entrance","floor":15,"key":"SMITH"},{"data":"Fiend Fire","floor":27,"key":"SMITH"},{"data":"Exhume","floor":32,"key":"SMITH"},{"data":"Master of Strategy","floor":49,"key":"SMITH"}],"neow_cost":"","seed_source_timestamp":0,"circlet_count":0,"master_deck":["Double Tap","Bludgeon+1","Feed","Limit Break","Fiend Fire+1","Dark Embrace+1","Berserk","Impervious","Brutality","Reaper","Exhume+1","Offering+1","Immolate","Thinking Ahead","Metamorphosis","Master of Strategy+1","Magnetism","Chrysalis","Mayhem","Apotheosis+1","Secret Weapon","Panache","Violence","Secret Technique","The Bomb","Sadistic Nature","Dramatic Entrance+1","RitualDagger","Necronomicurse","Whirlwind","Swift Strike","Finesse","Secret Technique","Impatience+1","Trip+1"],"special_seed":17946,"relics":["Burning Blood","Potion Belt","Smiling Mask","Ornamental Fan","Boot","Happy Flower","Dream Catcher","Eternal Feather","Bottled Tornado","Necronomicon","Tiny Chest","Ancient Tea Set","Centennial Puzzle","Philosopher\u0027s Stone","Pocketwatch","Red Skull","Pen Nib","Lantern"],"potions_floor_usage":[10,31,33,33,33,40,42,50,50,50],"damage_taken":[{"damage":11,"enemies":"2 Louse","floor":1,"turns":4},{"damage":12,"enemies":"Gremlin Nob","floor":7,"turns":2},{"damage":0,"enemies":"Small Slimes","floor":10,"turns":2},{"damage":11,"enemies":"3 Sentries","floor":11,"turns":3},{"damage":0,"enemies":"Gremlin Nob","floor":12,"turns":3},{"damage":15,"enemies":"3 Sentries","floor":14,"turns":3},{"damage":21,"enemies":"The Guardian","floor":16,"turns":4},{"damage":16,"enemies":"3 Byrds","floor":18,"turns":2},{"damage":27,"enemies":"Slavers","floor":23,"turns":2},{"damage":6,"enemies":"Chosen","floor":24,"turns":1},{"damage":6,"enemies":"Sentry and Sphere","floor":25,"turns":3},{"damage":0,"enemies":"Snake Plant","floor":28,"turns":1},{"damage":6,"enemies":"Gremlin Leader","floor":29,"turns":1},{"damage":18,"enemies":"Shelled Parasite and Fungi","floor":30,"turns":2},{"damage":6,"enemies":"Centurion and Healer","floor":31,"turns":2},{"damage":12,"enemies":"Collector","floor":33,"turns":1},{"damage":0,"enemies":"Orb Walker","floor":35,"turns":1},{"damage":9,"enemies":"3 Shapes","floor":38,"turns":1},{"damage":10,"enemies":"Giant Head","floor":39,"turns":2},{"damage":7,"enemies":"Reptomancer","floor":40,"turns":3},{"damage":0,"enemies":"Spire Growth","floor":41,"turns":2},{"damage":13,"enemies":"Writhing Mass","floor":42,"turns":2},{"damage":30,"enemies":"4 Shapes","floor":44,"turns":2},{"damage":0,"enemies":"Jaw Worm Horde","floor":45,"turns":1},{"damage":6,"enemies":"Sphere and 2 Shapes","floor":46,"turns":1},{"damage":4,"enemies":"Maw","floor":47,"turns":4},{"damage":12,"enemies":"Giant Head","floor":48,"turns":1},{"damage":18,"enemies":"Donu and Deca","floor":50,"turns":2}],"seed_played":"6153314336027530073","potions_obtained":[{"floor":1,"key":"Swift Potion"},{"floor":10,"key":"Fruit Juice"},{"floor":16,"key":"Fire Potion"},{"floor":24,"key":"AttackPotion"},{"floor":25,"key":"Weak Potion"},{"floor":30,"key":"FairyPotion"},{"floor":31,"key":"Fruit Juice"},{"floor":35,"key":"SneckoOil"},{"floor":36,"key":"GamblersBrew"},{"floor":36,"key":"SteroidPotion"},{"floor":36,"key":"SteroidPotion"},{"floor":40,"key":"PowerPotion"},{"floor":44,"key":"Fire Potion"},{"floor":46,"key":"Energy Potion"}],"is_trial":false,"path_per_floor":["M","?","?","T","$","R","E","R","T","M","E","E","$","E","R","B",null,"M","$","?","?","$","E","M","M","T","R","M","E","M","M","R","B",null,"M","?","$","M","E","E","M","M","T","M","M","M","M","E","R","B",null],"character_chosen":"IRONCLAD","items_purchased":["Bottled Tornado"],"campfire_rested":0,"item_purchase_floors":[19],"current_hp_per_floor":[78,67,50,50,50,50,44,44,44,62,57,63,63,84,84,69,95,95,95,89,73,73,52,52,62,62,80,86,86,88,88,99,98,104,104,104,104,101,97,101,104,97,97,107,107,110,110,104,110,98],"gold":509,"neow_bonus":"","is_prod":false,"is_daily":true,"chose_seed":false,"campfire_upgraded":6,"win_rate":0,"timestamp":1550579515,"path_taken":["M","?","?","?","$","R","E","R","T","M","?","?","?","?","R","BOSS","M","$","?","?","$","E","M","M","T","R","M","E","M","M","R","BOSS","M","?","$","M","?","E","M","?","T","M","M","M","M","E","R","BOSS"],"build_version":"2019-02-06","purchased_purges":5,"victory":true,"max_hp_per_floor":[83,83,83,83,83,83,83,83,83,95,95,95,95,95,95,95,95,95,95,95,95,95,95,95,95,95,95,95,95,99,99,99,104,104,104,104,104,104,104,104,104,104,104,107,107,110,110,110,110,110],"card_choices":[{"not_picked":["Flash of Steel","Dual Wield","Shrug It Off"],"picked":"SKIP","floor":1},{"not_picked":["The Bomb","Anger","Wild Strike"],"picked":"SKIP","floor":7},{"not_picked":["Clash","Cleave","Havoc"],"picked":"SKIP","floor":10},{"not_picked":["Wild Strike","Rampage","Deep Breath"],"picked":"SKIP","floor":11},{"not_picked":["Headbutt","Sword Boomerang"],"picked":"Dramatic Entrance","floor":12},{"not_picked":["Heavy Blade","Armaments","Cleave"],"picked":"SKIP","floor":14},{"not_picked":["Panacea","Twin Strike","Evolve"],"picked":"SKIP","floor":18},{"not_picked":["Disarm","Iron Wave","Havoc"],"picked":"SKIP","floor":23},{"not_picked":["True Grit","Havoc","Armaments"],"picked":"SKIP","floor":24},{"not_picked":["Clash","Dropkick"],"picked":"Whirlwind","floor":25},{"not_picked":["Finesse","Havoc","Intimidate+1"],"picked":"SKIP","floor":28},{"not_picked":["Infernal Blade","Reckless Charge+1","Double Tap"],"picked":"SKIP","floor":29},{"not_picked":["Forethought","Sword Boomerang"],"picked":"Swift Strike","floor":30},{"not_picked":["Wild Strike","Iron Wave+1"],"picked":"Finesse","floor":31},{"not_picked":["Immolate","Demon Form"],"picked":"Secret Technique","floor":33},{"not_picked":["Pommel Strike+1","Headbutt+1","Armaments+1"],"picked":"SKIP","floor":35},{"not_picked":["Heavy Blade+1","Bloodletting","Clothesline+1"],"picked":"SKIP","floor":38},{"not_picked":["Purity","Finesse"],"picked":"Impatience+1","floor":39},{"not_picked":["Havoc+1","Secret Weapon","Twin Strike+1"],"picked":"SKIP","floor":40},{"not_picked":["Metallicize+1","Entrench+1","Clothesline+1"],"picked":"SKIP","floor":41},{"not_picked":["Clash+1","Wild Strike+1","Sword Boomerang+1"],"picked":"SKIP","floor":42},{"not_picked":["Entrench","Havoc+1"],"picked":"Trip+1","floor":44},{"not_picked":["Perfected Strike","Heavy Blade+1","Body Slam"],"picked":"SKIP","floor":45},{"not_picked":["Blood for Blood","Reckless Charge+1","Shrug It Off+1"],"picked":"SKIP","floor":46},{"not_picked":["Body Slam","Panacea","Twin Strike"],"picked":"SKIP","floor":47},{"not_picked":["Chrysalis","Rampage+1","Warcry+1"],"picked":"SKIP","floor":48}],"player_experience":149795,"relics_obtained":[{"floor":4,"key":"Potion Belt"},{"floor":7,"key":"Smiling Mask"},{"floor":9,"key":"Ornamental Fan"},{"floor":11,"key":"Boot"},{"floor":12,"key":"Happy Flower"},{"floor":14,"key":"Dream Catcher"},{"floor":21,"key":"Necronomicon"},{"floor":23,"key":"Tiny Chest"},{"floor":26,"key":"Ancient Tea Set"},{"floor":29,"key":"Centennial Puzzle"},{"floor":39,"key":"Pocketwatch"},{"floor":40,"key":"Red Skull"},{"floor":43,"key":"Pen Nib"},{"floor":48,"key":"Lantern"}],"event_choices":[{"damage_healed":0,"gold_gain":75,"player_choice":"Gather Gold","damage_taken":11,"max_hp_gain":0,"max_hp_loss":0,"event_name":"World of Goop","floor":2,"gold_loss":0},{"damage_healed":0,"gold_gain":0,"player_choice":"Entered Light","damage_taken":17,"max_hp_gain":0,"max_hp_loss":0,"event_name":"Shining Light","floor":3,"gold_loss":0,"cards_upgraded":["Bludgeon","Dark Embrace"]},{"damage_healed":0,"gold_gain":0,"player_choice":"Joined the Cult","damage_taken":6,"max_hp_gain":0,"max_hp_loss":0,"event_name":"Nest","floor":20,"gold_loss":0,"cards_obtained":["RitualDagger"]},{"damage_healed":0,"gold_gain":0,"player_choice":"Obtained Book","damage_taken":16,"max_hp_gain":0,"max_hp_loss":0,"event_name":"Cursed Tome","floor":21,"gold_loss":0},{"damage_healed":0,"gold_gain":0,"player_choice":"Got Potions","damage_taken":0,"max_hp_gain":0,"max_hp_loss":0,"event_name":"Lab","floor":36,"gold_loss":0}],"is_beta":true,"boss_relics":[{"not_picked":["Velvet Choker","Tiny House"],"picked":"Eternal Feather"},{"not_picked":["Black Star","Lizard Tail"],"picked":"Philosopher\u0027s Stone"}],"items_purged_floors":[5,13,19,22,37],"is_endless":false,"potions_floor_spawned":[1,10,16,24,25,30,31,35,38,40,44,46],"ascension_level":0}