{"gold_per_floor":[110,110,260,66,66,66,82,82,137,162,192,192,3,34,46,147,159,184,196,208,235,271,283,314,376,388,400,446,474,38,77,77,167,167,182,182,1181,725,741,741,244,244,244,244,244,15,38,78,78,78],"floor_reached":51,"playtime":4539,"items_purged":["Doubt","Strike_R","Normality","Normality"],"score":1413,"play_id":"8c0dcdab-b61f-4489-95f0-e53b320e0214","local_time":"20190706234224","is_ascension_mode":true,"campfire_choices":[{"data":"True Grit","floor":6,"key":"SMITH"},{"data":"Feel No Pain","floor":12,"key":"SMITH"},{"data":"Inflame","floor":15,"key":"SMITH"},{"data":"Inflame","floor":23,"key":"SMITH"},{"data":"Pommel Strike","floor":27,"key":"SMITH"},{"data":"Demon Form","floor":32,"key":"SMITH"},{"data":"Limit Break","floor":40,"key":"SMITH"},{"data":"Heavy Blade","floor":42,"key":"SMITH"},{"data":"Metallicize","floor":44,"key":"SMITH"},{"data":"Heavy Blade","floor":49,"key":"SMITH"}],"neow_cost":"NONE","seed_source_timestamp":403699988809784,"circlet_count":0,"master_deck":["AscendersBane","Strike_R+1","Strike_R+1","Strike_R+1","Defend_R","Defend_R","Defend_R","Defend_R","Bash+1","Feel No Pain+1","True Grit+1","Armaments","Inflame+1","Inflame+1","Reaper","True Grit+1","Warcry","Pommel Strike+1","Clothesline","Demon Form+1","Limit Break+1","Heavy Blade+1","Demon Form+1","Metallicize+1","True Grit","True Grit","Corruption","Sentinel","Body Slam","Metallicize","Heavy Blade+1"],"relics":["Black Blood","Golden Idol","Bag of Preparation","Whetstone","Mummified Hand","MawBank","Snecko Eye","Pantograph","FossilizedHelix","Singing Bowl","Ancient Tea Set","DollysMirror","Membership Card","Kunai","Mango","Sundial","Mercury Hourglass","Lantern"],"potions_floor_usage":[16,16,28,33,33,50,50],"damage_taken":[{"damage":0,"enemies":"Small Slimes","floor":1,"turns":3},{"damage":0,"enemies":"Jaw Worm","floor":7,"turns":4},{"damage":6,"enemies":"2 Louse","floor":10,"turns":3},{"damage":13,"enemies":"Lagavulin","floor":14,"turns":6},{"damage":26,"enemies":"Hexaghost","floor":16,"turns":9},{"damage":29,"enemies":"3 Byrds","floor":18,"turns":6},{"damage":2,"enemies":"Spheric Guardian","floor":21,"turns":4},{"damage":3,"enemies":"Snecko","floor":22,"turns":5},{"damage":11,"enemies":"Snake Plant","floor":24,"turns":4},{"damage":0,"enemies":"Gremlin Leader","floor":28,"turns":5},{"damage":1,"enemies":"Centurion and Healer","floor":29,"turns":5},{"damage":0,"enemies":"Slavers","floor":31,"turns":5},{"damage":48,"enemies":"Collector","floor":33,"turns":8},{"damage":0,"enemies":"Orb Walker","floor":35,"turns":2},{"damage":16,"enemies":"3 Shapes","floor":39,"turns":4},{"damage":0,"enemies":"Maw","floor":47,"turns":5},{"damage":0,"enemies":"Nemesis","floor":48,"turns":5},{"damage":16,"enemies":"Donu and Deca","floor":50,"turns":4}],"seed_played":"7757594278282090525","potions_obtained":[{"floor":7,"key":"BloodPotion"},{"floor":14,"key":"SkillPotion"},{"floor":21,"key":"Poison Potion"},{"floor":24,"key":"SpeedPotion"},{"floor":28,"key":"Explosive Potion"},{"floor":39,"key":"PowerPotion"}],"is_trial":false,"path_per_floor":["M","?","?","$","?","R","M","?","T","M","?","R","$","E","R","B",null,"M","?","?","M","M","R","M","?","T","R","E","M","$","E","R","B",null,"M","?","?","$","M","R","$","R","T","R","?","$","M","E","R","B",null],"character_chosen":"IRONCLAD","items_purchased":["Feel No Pain","True Grit","Inflame","Demon Form","Singing Bowl","DollysMirror","Metallicize","True Grit","Membership Card","True Grit","Corruption","Kunai","Sentinel","Body Slam","Mercury Hourglass","Strength Potion"],"campfire_rested":0,"item_purchase_floors":[4,4,13,30,30,38,38,38,41,41,41,41,46,46,46,46],"current_hp_per_floor":[74,51,51,51,51,51,57,52,52,52,52,52,52,45,45,42,62,49,49,49,53,68,68,63,63,63,63,68,68,68,70,70,70,70,70,66,66,66,62,62,62,62,76,76,76,76,82,82,82,76],"gold":78,"neow_bonus":"REMOVE_CARD","is_prod":false,"is_daily":false,"chose_seed":false,"campfire_upgraded":10,"win_rate":0,"timestamp":1562470944,"path_taken":["M","?","?","$","?","R","M","?","T","M","?","R","?","E","R","BOSS","M","?","?","?","M","R","M","?","T","R","E","M","$","E","R","BOSS","M","?","?","$","M","R","$","R","T","R","?","$","M","E","R","BOSS"],"build_version":"2019-07-05","purchased_purges":4,"victory":true,"max_hp_per_floor":[75,75,75,75,68,68,68,68,68,68,68,68,68,68,68,68,68,68,68,68,68,68,68,68,68,68,68,68,68,68,70,70,70,70,70,66,66,66,68,68,68,68,82,82,82,82,82,82,82,82],"card_choices":[{"not_picked":["Wild Strike","Heavy Blade","Sever Soul"],"picked":"SKIP","floor":1},{"not_picked":["Sword Boomerang","Power Through"],"picked":"Armaments","floor":7},{"not_picked":["Flex","Clash","Entrench"],"picked":"SKIP","floor":10},{"not_picked":["Feed","Impervious"],"picked":"Inflame","floor":14},{"not_picked":["Bludgeon","Exhume"],"picked":"Reaper","floor":16},{"not_picked":["Anger","Cleave"],"picked":"True Grit","floor":18},{"not_picked":["Infernal Blade","Sever Soul","Wild Strike"],"picked":"SKIP","floor":21},{"not_picked":["Bloodletting","Perfected Strike"],"picked":"Warcry","floor":22},{"not_picked":["Cleave","Sword Boomerang"],"picked":"Pommel Strike","floor":24},{"not_picked":["Havoc+1","Thunderclap"],"picked":"Clothesline","floor":28},{"not_picked":["Havoc","Cleave","Searing Blow"],"picked":"SKIP","floor":29},{"not_picked":["Uppercut","Seeing Red","Ghostly Armor"],"picked":"Singing Bowl","floor":31},{"not_picked":["Juggernaut","Reaper"],"picked":"Limit Break","floor":33},{"not_picked":["Shrug It Off","Clash"],"picked":"Heavy Blade","floor":35},{"not_picked":["Shrug It Off","Armaments","Ghostly Armor"],"picked":"Singing Bowl","floor":39},{"not_picked":["True Grit","Flex+1"],"picked":"Metallicize","floor":47},{"not_picked":["Barricade","Armaments+1"],"picked":"Heavy Blade","floor":48}],"player_experience":199873,"relics_obtained":[{"floor":9,"key":"Whetstone"},{"floor":14,"key":"MawBank"},{"floor":26,"key":"Pantograph"},{"floor":28,"key":"FossilizedHelix"},{"floor":31,"key":"Ancient Tea Set"},{"floor":43,"key":"Mango"},{"floor":45,"key":"Sundial"},{"floor":48,"key":"Lantern"}],"event_choices":[{"damage_healed":0,"gold_gain":0,"player_choice":"Entered Light","damage_taken":23,"max_hp_gain":0,"max_hp_loss":0,"event_name":"Shining Light","floor":2,"gold_loss":0,"cards_upgraded":["Strike_R","Strike_R"]},{"damage_healed":0,"gold_gain":150,"player_choice":"AGREE","damage_taken":0,"max_hp_gain":0,"max_hp_loss":0,"event_name":"Liars Game","floor":3,"gold_loss":0,"cards_obtained":["Doubt"]},{"damage_healed":0,"gold_gain":0,"player_choice":"Lose Max HP","damage_taken":0,"relics_obtained":["Golden Idol"],"max_hp_gain":0,"max_hp_loss":7,"event_name":"Golden Idol","floor":5,"gold_loss":0},{"damage_healed":0,"gold_gain":0,"player_choice":"Success","damage_taken":5,"relics_obtained":["Bag of Preparation"],"max_hp_gain":0,"max_hp_loss":0,"event_name":"Scrap Ooze","floor":8,"gold_loss":0},{"damage_healed":0,"gold_gain":30,"player_choice":"Searched \u00272\u0027 times","damage_taken":0,"relics_obtained":["Mummified Hand"],"max_hp_gain":0,"max_hp_loss":0,"event_name":"Dead Adventurer","floor":11,"gold_loss":0},{"damage_healed":0,"gold_gain":30,"player_choice":"Searched \u00272\u0027 times","damage_taken":0,"relics_obtained":["Mummified Hand"],"max_hp_gain":0,"max_hp_loss":0,"event_name":"Dead Adventurer","floor":11,"gold_loss":0},{"damage_healed":0,"gold_gain":0,"player_choice":"Ignored","damage_taken":0,"max_hp_gain":0,"max_hp_loss":0,"event_name":"Vampires","floor":19,"gold_loss":0},{"damage_healed":0,"gold_gain":0,"player_choice":"Forge","damage_taken":0,"max_hp_gain":0,"max_hp_loss":0,"event_name":"Accursed Blacksmith","floor":20,"gold_loss":0,"cards_upgraded":["True Grit"]},{"damage_healed":0,"gold_gain":50,"player_choice":"Stole From Cult","damage_taken":0,"max_hp_gain":0,"max_hp_loss":0,"event_name":"Nest","floor":25,"gold_loss":0},{"damage_healed":0,"gold_gain":0,"player_choice":"Max HP","damage_taken":0,"max_hp_gain":0,"max_hp_loss":4,"event_name":"Winding Halls","floor":36,"gold_loss":0},{"damage_healed":0,"gold_gain":999,"player_choice":"Gold","damage_taken":0,"max_hp_gain":0,"max_hp_loss":0,"event_name":"MindBloom","floor":37,"gold_loss":0,"cards_obtained":["Normality","Normality"]},{"damage_healed":0,"gold_gain":0,"player_choice":"Relic","damage_taken":0,"max_hp_gain":0,"max_hp_loss":0,"event_name":"Wheel of Change","floor":45,"gold_loss":0}],"is_beta":false,"boss_relics":[{"not_picked":["Philosopher\u0027s Stone","Runic Cube"],"picked":"Snecko Eye"},{"not_picked":["White Beast Statue","Fusion Hammer"],"picked":"Black Blood"}],"items_purged_floors":[4,13,38,41],"is_endless":false,"potions_floor_spawned":[7,14,21,24,28,31,39],"ascension_level":16}