{"gold_per_floor":[118,43,43,60,71,71,90,90,90,90,90,90,101,101,101,101],"floor_reached":16,"playtime":311,"items_purged":["Strike_R"],"score":90,"play_id":"0409840b-422a-49a7-8f64-e4729ba83638","local_time":"20190713131956","is_ascension_mode":false,"campfire_choices":[{"data":"Headbutt","floor":6,"key":"SMITH"},{"data":"Wild Strike","floor":8,"key":"SMITH"},{"data":"Reckless Charge","floor":10,"key":"SMITH"},{"data":"Clash","floor":15,"key":"SMITH"}],"neow_cost":"NONE","seed_source_timestamp":975492226182129,"circlet_count":0,"master_deck":["Strike_R","Strike_R","Strike_R","Strike_R","Defend_R","Defend_R","Defend_R","Defend_R+1","Bash","Anger+1","Headbutt+1","Wild Strike+1","Reckless Charge+1","Parasite","Clash+1"],"relics":["Burning Blood","NeowsBlessing","Charon\u0027s Ashes","Magic Flower"],"potions_floor_usage":[],"damage_taken":[{"damage":0,"enemies":"Cultist","floor":1,"turns":1},{"damage":0,"enemies":"Jaw Worm","floor":4,"turns":1},{"damage":0,"enemies":"Small Slimes","floor":5,"turns":1},{"damage":13,"enemies":"Exordium Wildlife","floor":7,"turns":3},{"damage":12,"enemies":"Gremlin Gang","floor":13,"turns":5},{"damage":0,"enemies":"The Guardian","floor":16,"turns":1}],"seed_played":"5440651188065306463","potions_obtained":[{"floor":4,"key":"FearPotion"},{"floor":7,"key":"EssenceOfSteel"}],"is_trial":false,"path_per_floor":["M","$","?","M","M","R","M","R","T","R","?","?","M","$","R","B"],"character_chosen":"IRONCLAD","items_purchased":[],"campfire_rested":0,"item_purchase_floors":[],"current_hp_per_floor":[80,80,64,70,76,76,69,69,69,69,36,56,53,53,53,53],"gold":101,"neow_bonus":"THREE_ENEMY_KILL","is_prod":false,"is_daily":false,"chose_seed":false,"campfire_upgraded":4,"win_rate":0,"timestamp":1563038396,"path_taken":["M","?","?","M","?","R","M","R","T","R","?","?","M","$","R","BOSS"],"build_version":"2019-07-05","purchased_purges":1,"victory":false,"max_hp_per_floor":[80,80,80,80,80,80,80,80,80,80,80,80,80,80,80,80],"card_choices":[{"not_picked":["Clothesline","Sword Boomerang"],"picked":"Anger","floor":1},{"not_picked":["Dual Wield","Heavy Blade"],"picked":"Headbutt","floor":4},{"not_picked":["Burning Pact","Shockwave"],"picked":"Wild Strike","floor":5},{"not_picked":["Havoc","Warcry"],"picked":"Reckless Charge","floor":7},{"not_picked":["Sever Soul","Pummel"],"picked":"Clash","floor":13}],"player_experience":233546,"relics_obtained":[{"floor":9,"key":"Charon\u0027s Ashes"}],"event_choices":[{"damage_healed":0,"gold_gain":0,"player_choice":"Entered Light","damage_taken":16,"max_hp_gain":0,"max_hp_loss":0,"event_name":"Shining Light","floor":3,"gold_loss":0,"cards_upgraded":["Defend_R","Anger"]},{"damage_healed":0,"gold_gain":0,"player_choice":"Success","damage_taken":33,"relics_obtained":["Magic Flower"],"max_hp_gain":0,"max_hp_loss":0,"event_name":"Scrap Ooze","floor":11,"gold_loss":0},{"damage_healed":20,"gold_gain":0,"player_choice":"Healed and dodged fight","damage_taken":0,"max_hp_gain":0,"max_hp_loss":0,"event_name":"Mushrooms","floor":12,"gold_loss":0,"cards_obtained":["Parasite"]}],"is_beta":false,"boss_relics":[],"items_purged_floors":[2],"is_endless":false,"potions_floor_spawned":[4,7],"killed_by":"The Guardian","ascension_level":0}