{"gold_per_floor":[110,110,110,121,121,121,135,153,153,165,165,181,201,201,201,201],"floor_reached":16,"playtime":205,"items_purged":[],"score":113,"play_id":"cb299336-d4c9-441d-bc4e-622efdc61ea3","local_time":"20190510223533","is_ascension_mode":true,"campfire_choices":[{"data":"Quick Slash","floor":6,"key":"SMITH"},{"floor":11,"key":"REST"},{"floor":15,"key":"REST"}],"neow_cost":"NONE","seed_source_timestamp":749302721128941,"circlet_count":0,"master_deck":["Defend_G","Defend_G","Defend_G","Strike_G","Strike_G","Strike_G","Strike_G","Strike_G","Survivor","Neutralize","Quick Slash+1","Poisoned Stab","Predator","Dagger Spray","Riddle With Holes","Dagger Spray"],"relics":["Ring of the Snake","NeowsBlessing","Matryoshka","Omamori","Bag of Preparation"],"potions_floor_usage":[13],"damage_taken":[{"damage":0,"enemies":"2 Louse","floor":1,"turns":1},{"damage":0,"enemies":"Small Slimes","floor":4,"turns":1},{"damage":0,"enemies":"Jaw Worm","floor":7,"turns":1},{"damage":20,"enemies":"Gremlin Gang","floor":8,"turns":4},{"damage":4,"enemies":"3 Louse","floor":10,"turns":2},{"damage":9,"enemies":"Blue Slaver","floor":12,"turns":2},{"damage":0,"enemies":"Looter","floor":13,"turns":1},{"damage":0,"enemies":"The Guardian","floor":16,"turns":1}],"seed_played":"-2592088281284081887","potions_obtained":[{"floor":7,"key":"Dexterity Potion"},{"floor":8,"key":"Ancient Potion"},{"floor":10,"key":"Fire Potion"},{"floor":12,"key":"SteroidPotion"}],"is_trial":false,"path_per_floor":["M","?","?","M","?","R","M","M","T","M","R","M","M","$","R","B"],"character_chosen":"THE_SILENT","items_purchased":[],"campfire_rested":2,"item_purchase_floors":[],"current_hp_per_floor":[70,52,52,52,45,45,45,25,25,21,42,33,33,33,54,54],"gold":201,"neow_bonus":"THREE_ENEMY_KILL","is_prod":false,"is_daily":false,"chose_seed":false,"campfire_upgraded":1,"win_rate":0,"timestamp":1557552933,"path_taken":["M","?","?","M","?","R","?","M","T","M","R","M","M","$","R","BOSS"],"build_version":"2019-01-23","purchased_purges":0,"victory":false,"max_hp_per_floor":[70,70,70,70,70,70,70,70,70,70,70,70,70,70,70,70],"card_choices":[{"not_picked":["Prepared","Caltrops"],"picked":"Quick Slash","floor":1},{"not_picked":["Prepared","Blur"],"picked":"Poisoned Stab","floor":4},{"not_picked":["Deflect","Sucker Punch"],"picked":"Predator","floor":7},{"not_picked":["Underhanded Strike","Prepared","Distraction"],"picked":"SKIP","floor":8},{"not_picked":["Setup","Prepared"],"picked":"Dagger Spray","floor":10},{"not_picked":["Underhanded Strike","Caltrops"],"picked":"Riddle With Holes","floor":12},{"not_picked":["Skewer","Acrobatics"],"picked":"Dagger Spray","floor":13}],"player_experience":1342946,"relics_obtained":[{"floor":9,"key":"Omamori"},{"floor":9,"key":"Bag of Preparation"}],"event_choices":[{"damage_healed":0,"gold_gain":0,"player_choice":"Success","damage_taken":18,"relics_obtained":["Matryoshka"],"max_hp_gain":0,"max_hp_loss":0,"event_name":"Scrap Ooze","floor":2,"gold_loss":0},{"cards_removed":["Defend_G"],"damage_healed":0,"gold_gain":0,"player_choice":"Forget","damage_taken":0,"max_hp_gain":0,"max_hp_loss":0,"event_name":"Living Wall","floor":3,"gold_loss":0},{"cards_removed":["Defend_G"],"damage_healed":0,"gold_gain":0,"player_choice":"Card Removal","damage_taken":7,"max_hp_gain":0,"max_hp_loss":0,"event_name":"Golden Wing","floor":5,"gold_loss":0}],"is_beta":false,"boss_relics":[],"items_purged_floors":[],"is_endless":false,"potions_floor_spawned":[7,8,10,12],"killed_by":"The Guardian","ascension_level":4}