{"gold_per_floor":[117,133,151,151,161,187,201,201],"floor_reached":8,"playtime":618,"items_purged":[],"score":75,"play_id":"011e02e6-dcab-4dc3-a22b-f9c8b3472827","local_time":"20190716231150","is_ascension_mode":true,"campfire_choices":[],"neow_cost":"NONE","seed_source_timestamp":1269889228881365,"circlet_count":0,"master_deck":["Strike_G","Strike_G","Strike_G","Strike_G","Strike_G","Defend_G","Defend_G","Defend_G","Defend_G","Defend_G","Survivor","Neutralize","Blade Dance","Dagger Spray","Accuracy","Dodge and Roll","Corpse Explosion","Underhanded Strike+1"],"special_seed":0,"relics":["Ring of the Snake","NeowsBlessing","Molten Egg 2","Calipers"],"potions_floor_usage":[8],"damage_taken":[{"damage":0.0,"enemies":"Cultist","floor":1.0,"turns":1.0},{"damage":0.0,"enemies":"Small Slimes","floor":2.0,"turns":1.0},{"damage":0.0,"enemies":"2 Louse","floor":3.0,"turns":1.0},{"damage":4.0,"enemies":"2 Fungi Beasts","floor":5.0,"turns":4.0},{"damage":25.0,"enemies":"Lagavulin","floor":6.0,"turns":6.0},{"damage":17.0,"enemies":"Exordium Thugs","floor":7.0,"turns":6.0},{"damage":27,"enemies":"Gremlin Nob","floor":8,"turns":3}],"seed_played":"659890365139635607","potions_obtained":[{"floor":2.0,"key":"Strength Potion"},{"floor":3.0,"key":"PowerPotion"},{"floor":7.0,"key":"GamblersBrew"}],"is_trial":false,"path_per_floor":["M","M","M","T","M","E","M","E"],"character_chosen":"THE_SILENT","items_purchased":[],"campfire_rested":0,"item_purchase_floors":[],"current_hp_per_floor":[70,70,70,70,66,41,24,0],"gold":201,"neow_bonus":"THREE_ENEMY_KILL","is_prod":false,"is_daily":false,"chose_seed":false,"campfire_upgraded":0,"win_rate":0,"timestamp":1563333110,"path_taken":["M","?","M","?","M","E","M","E"],"build_version":"2019-07-05","purchased_purges":0,"victory":false,"max_hp_per_floor":[70,70,70,70,70,70,70,70],"card_choices":[{"not_picked":["Underhanded Strike","Prepared"],"picked":"Blade Dance","floor":1.0},{"not_picked":["Tactician","Quick Slash"],"picked":"Dagger Spray","floor":2.0},{"not_picked":["Underhanded Strike","Distraction"],"picked":"Accuracy","floor":3.0},{"not_picked":["Deadly Poison","Outmaneuver"],"picked":"Dodge and Roll","floor":5.0},{"not_picked":["Sucker Punch+1","Tactician"],"picked":"Corpse Explosion","floor":6.0},{"not_picked":["Deadly Poison","Prepared"],"picked":"Underhanded Strike+1","floor":7.0}],"player_experience":269185,"relics_obtained":[{"floor":4.0,"key":"Molten Egg 2"},{"floor":6.0,"key":"Calipers"}],"event_choices":[],"is_beta":false,"boss_relics":[],"items_purged_floors":[],"is_endless":false,"potions_floor_spawned":[2,3,7],"killed_by":"Gremlin Nob","ascension_level":5}