{"gold_per_floor":[367,382,382,24,24,24,24,24,24,43,43,56,56,71,71,167,167,181,181,137,137,37,37],"floor_reached":23,"playtime":1463,"items_purged":["Defend_B","Regret"],"score":349,"play_id":"ac75341e-fac6-457b-959f-d46bea0e451d","local_time":"20190724221635","is_ascension_mode":true,"campfire_choices":[{"data":"Zap","floor":6,"key":"SMITH"},{"data":"Dualcast","floor":8,"key":"SMITH"},{"data":"Scrape","floor":11,"key":"SMITH"},{"data":"Beam Cell","floor":15,"key":"SMITH"}],"neow_cost":"PERCENT_DAMAGE","seed_source_timestamp":0,"circlet_count":0,"master_deck":["AscendersBane","Strike_B","Strike_B","Strike_B","Strike_B","Defend_B","Defend_B","Zap+1","Dualcast+1","Self Repair","Undo","Panache","Scrape+1","Coolheaded","Beam Cell+1","Turbo","Gash","Fission","Clumsy","Injury","Gash","Writhe","Scrape"],"special_seed":0,"relics":["Cracked Core","Pantograph","Golden Idol","Calling Bell","Bag of Preparation","Ornamental Fan","Torii","Dream Catcher"],"potions_floor_usage":[16,23,23],"damage_taken":[{"damage":1.0,"enemies":"2 Louse","floor":1.0,"turns":3.0},{"damage":7.0,"enemies":"Cultist","floor":2.0,"turns":4.0},{"damage":6,"enemies":"Small Slimes","floor":10,"turns":3},{"damage":0,"enemies":"Blue Slaver","floor":12,"turns":2},{"damage":10,"enemies":"Exordium Wildlife","floor":14,"turns":3},{"damage":38,"enemies":"The Guardian","floor":16,"turns":8},{"damage":38,"enemies":"Chosen","floor":18,"turns":6},{"damage":30,"enemies":"2 Thieves","floor":20,"turns":5},{"damage":14,"enemies":"Book of Stabbing","floor":23,"turns":1}],"seed_played":"7432947615346127166","potions_obtained":[{"floor":1.0,"key":"SpeedPotion"},{"floor":7,"key":"EntropicBrew"},{"floor":12,"key":"Strength Potion"},{"floor":20,"key":"Dexterity Potion"}],"is_trial":false,"path_per_floor":["M","M","?","$","?","R","?","R","T","M","R","M","?","M","R","B",null,"M","?","M","?","$","E"],"character_chosen":"DEFECT","items_purchased":["Panache","Scrape"],"campfire_rested":0,"item_purchase_floors":[4,4],"current_hp_per_floor":[45,45,50,50,50,50,50,50,50,51,51,58,32,29,29,23,63,32,32,9,9,9,0],"gold":37,"neow_bonus":"TWO_FIFTY_GOLD","is_prod":false,"is_daily":false,"chose_seed":false,"campfire_upgraded":4,"win_rate":0,"timestamp":1564031795,"path_taken":["M","M","?","$","?","R","?","R","T","?","R","M","?","M","R","BOSS","M","?","M","?","$","E"],"build_version":"2019-07-17","purchased_purges":2,"victory":false,"max_hp_per_floor":[71,71,76,76,76,76,76,76,76,76,76,76,76,76,76,76,76,76,76,76,76,76,76],"card_choices":[{"not_picked":["Sunder","Ball Lightning"],"picked":"Self Repair","floor":1.0},{"not_picked":["Leap","Beam Cell"],"picked":"Undo","floor":2.0},{"not_picked":["Cold Snap","Hologram"],"picked":"Beam Cell","floor":10},{"not_picked":["Aggregate","Hologram"],"picked":"Turbo","floor":12},{"not_picked":["Leap","Sweeping Beam"],"picked":"Gash","floor":14},{"not_picked":["Biased Cognition","Echo Form"],"picked":"Fission","floor":16},{"not_picked":["Melter","Steam"],"picked":"Gash","floor":18},{"not_picked":["Go for the Eyes","Stack"],"picked":"Scrape","floor":20}],"player_experience":1446994,"relics_obtained":[{"floor":9,"key":"Pantograph"},{"floor":17,"key":"Bag of Preparation"},{"floor":17,"key":"Ornamental Fan"},{"floor":17,"key":"Torii"}],"event_choices":[{"damage_healed":0.0,"max_hp_gain":5.0,"max_hp_loss":0.0,"gold_gain":0.0,"event_name":"Big Fish","player_choice":"Donut","floor":3.0,"gold_loss":0.0,"damage_taken":0.0},{"damage_healed":0,"gold_gain":0,"cards_transformed":["Defend_B"],"player_choice":"Change","damage_taken":0,"max_hp_gain":0,"max_hp_loss":0,"event_name":"Living Wall","floor":5,"gold_loss":0,"cards_obtained":["Coolheaded"]},{"damage_healed":0,"gold_gain":0,"player_choice":"Got Potions","damage_taken":0,"max_hp_gain":0,"max_hp_loss":0,"event_name":"Lab","floor":7,"gold_loss":0},{"damage_healed":0,"gold_gain":0,"player_choice":"Take Damage","damage_taken":26,"relics_obtained":["Golden Idol"],"max_hp_gain":0,"max_hp_loss":0,"event_name":"Golden Idol","floor":13,"gold_loss":0},{"damage_healed":0,"gold_gain":0,"player_choice":"Opened","damage_taken":0,"relics_obtained":["Dream Catcher"],"max_hp_gain":0,"max_hp_loss":0,"event_name":"The Mausoleum","floor":19,"gold_loss":0,"cards_obtained":["Writhe"]},{"damage_healed":0,"gold_gain":0,"player_choice":"Ignored","damage_taken":0,"max_hp_gain":0,"max_hp_loss":0,"event_name":"Cursed Tome","floor":21,"gold_loss":0}],"is_beta":false,"boss_relics":[{"not_picked":["Busted Crown","Nuclear Battery"],"picked":"Calling Bell"}],"items_purged_floors":[4,22],"is_endless":false,"potions_floor_spawned":[1,12,20],"killed_by":"Book of Stabbing","ascension_level":19}