{"gold_per_floor":[115,132,23,37,37,37,71,71,96,115,115,128,168,191,191,310,310,333,347,22,35,335,374,388,388],"floor_reached":25,"playtime":994,"items_purged":["Defend_G","Injury"],"score":450,"play_id":"d58ebb59-9b5e-4af7-90d9-b3f5a9196728","local_time":"20190301110737","is_ascension_mode":true,"campfire_choices":[{"data":"Accuracy","floor":6.0,"key":"SMITH"},{"data":"Infinite Blades","floor":8.0,"key":"SMITH"},{"data":"Footwork","floor":11.0,"key":"SMITH"},{"data":"Infinite Blades","floor":15,"key":"SMITH"}],"neow_cost":"NONE","seed_source_timestamp":0,"circlet_count":0,"master_deck":["Defend_G","Defend_G","Defend_G","Defend_G","Strike_G","Strike_G","Strike_G+1","Strike_G","Strike_G+1","Survivor","Neutralize","Quick Slash","Infinite Blades+1","Accuracy+1","Footwork+1","Infinite Blades+1","Backflip","Terror","Expertise","Burst","PiercingWail+1","Accuracy","Shame","Accuracy"],"special_seed":0,"relics":["Runic Dome","Golden Idol","Art of War","Whetstone","Tough Bandages","Black Star","Vajra","Old Coin","Strawberry","Anchor"],"potions_floor_usage":[12,16,24,25],"damage_taken":[{"damage":2.0,"enemies":"Jaw Worm","floor":1.0,"turns":5.0},{"damage":1.0,"enemies":"Small Slimes","floor":2.0,"turns":4.0},{"damage":0.0,"enemies":"Cultist","floor":4.0,"turns":3.0},{"damage":24.0,"enemies":"Gremlin Nob","floor":7.0,"turns":5.0},{"damage":3.0,"enemies":"Blue Slaver","floor":10.0,"turns":4.0},{"damage":0,"enemies":"Lots of Slimes","floor":12,"turns":1},{"damage":0,"enemies":"Lagavulin","floor":13,"turns":6},{"damage":3,"enemies":"3 Louse","floor":14,"turns":4},{"damage":0,"enemies":"Hexaghost","floor":16,"turns":8},{"damage":10,"enemies":"Spheric Guardian","floor":18,"turns":4},{"damage":3,"enemies":"Shell Parasite","floor":19,"turns":4},{"damage":12,"enemies":"Centurion and Healer","floor":21,"turns":5},{"damage":21,"enemies":"Book of Stabbing","floor":23,"turns":5},{"damage":18,"enemies":"Cultist and Chosen","floor":24,"turns":5},{"damage":12,"enemies":"Gremlin Leader","floor":25,"turns":1}],"seed_played":"6346757618382149730","potions_obtained":[{"floor":1.0,"key":"Regen Potion"},{"floor":10.0,"key":"Explosive Potion"},{"floor":12,"key":"SpeedPotion"},{"floor":14,"key":"Dexterity Potion"},{"floor":18,"key":"GamblersBrew"},{"floor":19,"key":"Ancient Potion"},{"floor":24,"key":"Fire Potion"}],"is_trial":false,"path_per_floor":["M","M","$","M","?","R","E","R","T","M","R","M","E","M","R","B",null,"M","M","$","M","?","E","M","E"],"character_chosen":"THE_SILENT","items_purchased":["Accuracy","Vajra","Accuracy"],"campfire_rested":0,"item_purchase_floors":[3,20,20],"current_hp_per_floor":[61,60,60,60,60,60,50,50,50,47,47,47,47,44,44,44,64,54,51,51,39,39,25,7,0],"gold":388,"neow_bonus":"BOSS_RELIC","is_prod":false,"is_daily":false,"chose_seed":false,"campfire_upgraded":4,"win_rate":0,"timestamp":1551467257,"path_taken":["M","M","$","M","?","R","E","R","T","M","R","M","E","M","R","BOSS","M","M","$","M","?","E","M","E"],"build_version":"2019-01-23","purchased_purges":2,"victory":false,"max_hp_per_floor":[70,70,70,70,70,70,70,70,70,70,70,70,70,70,70,70,70,70,70,70,70,70,77,77,77],"card_choices":[{"not_picked":["Footwork","Prepared"],"picked":"Quick Slash","floor":1.0},{"not_picked":["Flying Knee","Dagger Throw"],"picked":"Infinite Blades","floor":2.0},{"not_picked":["Masterful Stab","Sucker Punch"],"picked":"Footwork","floor":4.0},{"not_picked":["Riddle With Holes","Heel Hook","Crippling Poison"],"picked":"SKIP","floor":7.0},{"not_picked":["Slice","Tools of the Trade"],"picked":"Infinite Blades","floor":10.0},{"not_picked":["Footwork","Acrobatics"],"picked":"Backflip","floor":12},{"not_picked":["Catalyst","Poisoned Stab"],"picked":"Terror","floor":13},{"not_picked":["Prepared","Dagger Throw"],"picked":"Expertise","floor":14},{"not_picked":["Night Terror","Venomology"],"picked":"Burst","floor":16},{"not_picked":["Deadly Poison","Masterful Stab","Acrobatics"],"picked":"SKIP","floor":18},{"not_picked":["Flying Knee","Deadly Poison"],"picked":"PiercingWail+1","floor":19},{"not_picked":["Eviscerate","Bane","Quick Slash"],"picked":"SKIP","floor":21},{"not_picked":["Underhanded Strike","Concentrate"],"picked":"Accuracy","floor":23},{"not_picked":["Flying Knee+1","Venomology","Tactician+1"],"picked":"SKIP","floor":24}],"player_experience":1201136,"relics_obtained":[{"floor":7.0,"key":"Art of War"},{"floor":9.0,"key":"Whetstone"},{"floor":13,"key":"Tough Bandages"},{"floor":23,"key":"Strawberry"},{"floor":23,"key":"Anchor"}],"event_choices":[{"damage_healed":0.0,"max_hp_gain":0.0,"max_hp_loss":0.0,"gold_gain":0.0,"event_name":"Golden Idol","player_choice":"Take Wound","floor":5.0,"gold_loss":0.0,"damage_taken":0.0,"relics_obtained":["Golden Idol"],"cards_obtained":["Injury"]},{"damage_healed":0,"gold_gain":0,"player_choice":"Stole Relic","damage_taken":0,"relics_obtained":["Old Coin"],"max_hp_gain":0,"max_hp_loss":0,"event_name":"Addict","floor":22,"gold_loss":0,"cards_obtained":["Shame"]}],"is_beta":false,"boss_relics":[{"not_picked":["Velvet Choker","Philosopher\u0027s Stone"],"picked":"Black Star"}],"items_purged_floors":[3,20],"is_endless":false,"potions_floor_spawned":[1,10,12,14,18,19,24],"killed_by":"Gremlin Leader","ascension_level":9}