{"gold_per_floor":[112,112,125,50,63,89,108,108,108,108,133,33,33,51,51,172,210,234,254,254,93,113,113],"floor_reached":23,"playtime":1818,"items_purged":["Strike_G","Defend_G"],"score":226,"play_id":"e1ed03fa-57f0-4876-9a30-7fa8b6354bcc","local_time":"20180713100838","is_ascension_mode":false,"campfire_choices":[{"data":"All Out Attack","floor":8,"key":"SMITH"},{"data":"Terror","floor":10,"key":"SMITH"},{"data":"Underhanded Strike","floor":15,"key":"SMITH"}],"neow_cost":"NONE","seed_source_timestamp":43163993980504,"circlet_count":0,"master_deck":["Defend_G","Defend_G","Defend_G","Strike_G","Strike_G","Strike_G","Strike_G+1","Survivor","Neutralize","Distraction","Prepared","Terror+1","Underhanded Strike+1","Storm of Steel","All Out Attack+1","Distraction","Tactician","Underhanded Strike+1","Expertise","Concentrate","Well Laid Plans"],"relics":["Ring of the Snake","Mummified Hand","Mango","Incense Burner","Golden Idol","Tiny House"],"potions_floor_usage":[16,16,22],"damage_taken":[{"damage":3,"enemies":"Jaw Worm","floor":1,"turns":5},{"damage":2,"enemies":"Small Slimes","floor":3,"turns":4},{"damage":0,"enemies":"Cultist","floor":5,"turns":4},{"damage":9,"enemies":"3 Sentries","floor":6,"turns":12},{"damage":8,"enemies":"Exordium Wildlife","floor":7,"turns":4},{"damage":5,"enemies":"Gremlin Nob","floor":11,"turns":3},{"damage":0,"enemies":"Red Slaver","floor":14,"turns":4},{"damage":6,"enemies":"Slime Boss","floor":16,"turns":9},{"damage":10,"enemies":"2 Thieves","floor":18,"turns":4},{"damage":23,"enemies":"Shell Parasite","floor":19,"turns":5},{"damage":31,"enemies":"Centurion and Healer","floor":22,"turns":5},{"damage":25,"enemies":"Book of Stabbing","floor":23,"turns":4}],"seed_played":"1879476455949910695","potions_obtained":[{"floor":1,"key":"Energy Potion"},{"floor":3,"key":"SteroidPotion"},{"floor":5,"key":"AttackPotion"},{"floor":17,"key":"Energy Potion"},{"floor":18,"key":"Ancient Potion"},{"floor":19,"key":"SkillPotion"},{"floor":22,"key":"Explosive Potion"}],"is_trial":false,"path_per_floor":["M","?","M","$","M","E","M","R","T","R","E","$","?","M","R","B",null,"M","M","?","$","M"],"character_chosen":"THE_SILENT","items_purchased":["Expertise","Concentrate"],"campfire_rested":0,"item_purchase_floors":[21,21],"current_hp_per_floor":[67,67,65,65,65,56,48,48,62,62,57,57,36,36,36,30,89,79,56,56,56,25,0],"gold":113,"neow_bonus":"TRANSFORM_CARD","is_prod":false,"is_daily":false,"chose_seed":false,"campfire_upgraded":3,"win_rate":0,"timestamp":1531501718,"path_taken":["M","?","M","$","M","E","M","R","T","R","E","$","?","M","R","BOSS","M","M","?","$","?","E"],"build_version":"2018-07-12","purchased_purges":2,"victory":false,"max_hp_per_floor":[70,70,70,70,70,70,70,70,84,84,84,84,84,84,84,84,89,89,89,89,89,89,89],"card_choices":[{"not_picked":["Predator","Quick Slash"],"picked":"Prepared","floor":1},{"not_picked":["Backflip","Deflect"],"picked":"Terror","floor":3},{"not_picked":["PiercingWail","Well Laid Plans"],"picked":"Underhanded Strike","floor":5},{"not_picked":["Malaise","Poisoned Stab"],"picked":"Storm of Steel","floor":6},{"not_picked":["Cloak And Dagger","Prepared"],"picked":"All Out Attack","floor":7},{"not_picked":["Slice","Bane"],"picked":"Distraction","floor":11},{"not_picked":["Dagger Spray","Outmaneuver","Finisher"],"picked":"SKIP","floor":14},{"not_picked":["Grand Finale","Bullet Time"],"picked":"Tactician","floor":16},{"not_picked":["Dodge and Roll","Deflect"],"picked":"Underhanded Strike+1","floor":18},{"not_picked":["Blade Dance","Quick Slash","Sucker Punch"],"picked":"SKIP","floor":19},{"not_picked":["Deflect+1","PiercingWail"],"picked":"Well Laid Plans","floor":22}],"player_experience":480065,"relics_obtained":[{"floor":6,"key":"Mummified Hand"},{"floor":9,"key":"Mango"},{"floor":11,"key":"Incense Burner"}],"event_choices":[{"event_name":"Liars Game","player_choice":"disagreed","floor":2,"damage_taken":0},{"event_name":"Golden Idol","player_choice":"Take Damage","floor":13,"damage_taken":0},{"event_name":"Vampires","player_choice":"Ignored","floor":20,"damage_taken":0}],"boss_relics":[{"not_picked":["Ectoplasm","Coffee Dripper"],"picked":"Tiny House"}],"items_purged_floors":[4,12],"is_endless":false,"potions_floor_spawned":[1,3,5,14,18,19,22],"killed_by":"Book of Stabbing","ascension_level":0}