{"gold_per_floor":[109,121,21,21,41,41,68,84,84,99,116,116,141,171,171,272,272,286,286,60,73,93,123,123,150,198,198,218,317,342,359,359,458,458,474,65,81,81,81,112,146,146,146,174,188,188,213,225,225,225,225,225,44,76,76],"floor_reached":56,"playtime":6177,"items_purged":["Predator+1"],"score":2368,"play_id":"9af4a750-05a0-4b7d-81a8-ba06c9348157","local_time":"20190812154124","is_ascension_mode":true,"campfire_choices":[{"data":"Footwork","floor":6.0,"key":"SMITH"},{"data":"Footwork","floor":12.0,"key":"SMITH"},{"data":"After Image","floor":15.0,"key":"SMITH"},{"data":"Footwork","floor":24.0,"key":"SMITH"},{"data":"After Image","floor":32.0,"key":"SMITH"},{"data":"Caltrops","floor":42.0,"key":"SMITH"},{"data":"Envenom","floor":46.0,"key":"SMITH"},{"floor":49.0,"key":"RECALL"},{"data":"Neutralize","floor":52.0,"key":"SMITH"}],"neow_cost":"CURSE","seed_source_timestamp":1177890485877751,"circlet_count":0,"master_deck":["AscendersBane","Survivor+1","Neutralize+1","Poisoned Stab","Backflip","Footwork+1","Backflip","Cloak And Dagger+1","Poisoned Stab","Footwork+1","Deadly Poison+1","Calculated Gamble+1","After Image+1","After Image+1","Glass Knife+1","Masterful Stab+1","Doppelganger+1","Deadly Poison+1","Endless Agony+1","Footwork+1","Leg Sweep+1","Cloak And Dagger+1","Catalyst+1","PiercingWail+1","Dodge and Roll+1","Caltrops+1","Dodge and Roll+1","Adrenaline+1","Envenom+1","Acrobatics+1","PiercingWail+1","Well Laid Plans+1","Acrobatics+1","Crippling Poison+1","Backflip+1","Noxious Fumes+1","Cloak And Dagger+1","Infinite Blades+1","Noxious Fumes+1","Sadistic Nature+1","Dodge and Roll+1"],"special_seed":0,"relics":["Ring of the Snake","FossilizedHelix","Lantern","Toxic Egg 2","WingedGreaves","Molten Egg 2","Pandora\u0027s Box","Kunai","Boot","Anchor","Meat on the Bone","Velvet Choker","Frozen Egg 2","Ornamental Fan","Shuriken","Blue Candle","Oddly Smooth Stone","War Paint","Pocketwatch"],"potions_floor_usage":[55,55],"damage_taken":[{"damage":0.0,"enemies":"Small Slimes","floor":1.0,"turns":4.0},{"damage":0.0,"enemies":"Cultist","floor":2.0,"turns":3.0},{"damage":0.0,"enemies":"Jaw Worm","floor":5.0,"turns":7.0},{"damage":16.0,"enemies":"Gremlin Nob","floor":7.0,"turns":4.0},{"damage":0.0,"enemies":"Lots of Slimes","floor":8.0,"turns":7.0},{"damage":0.0,"enemies":"Large Slime","floor":10.0,"turns":7.0},{"damage":0.0,"enemies":"Looter","floor":11.0,"turns":4.0},{"damage":0.0,"enemies":"Lagavulin","floor":13.0,"turns":9.0},{"damage":0.0,"enemies":"Gremlin Nob","floor":14.0,"turns":4.0},{"damage":0.0,"enemies":"The Guardian","floor":16.0,"turns":12.0},{"damage":0.0,"enemies":"Chosen","floor":18.0,"turns":3.0},{"damage":0.0,"enemies":"Shell Parasite","floor":21.0,"turns":5.0},{"damage":0.0,"enemies":"Snake Plant","floor":22.0,"turns":6.0},{"damage":28.0,"enemies":"Gremlin Leader","floor":23.0,"turns":7.0},{"damage":11.0,"enemies":"Slavers","floor":25.0,"turns":8.0},{"damage":0.0,"enemies":"Cultist and Chosen","floor":28.0,"turns":5.0},{"damage":0.0,"enemies":"Book of Stabbing","floor":30.0,"turns":5.0},{"damage":0.0,"enemies":"Shelled Parasite and Fungi","floor":31.0,"turns":7.0},{"damage":0.0,"enemies":"Automaton","floor":33.0,"turns":10.0},{"damage":0.0,"enemies":"3 Shapes","floor":35.0,"turns":5.0},{"damage":0.0,"enemies":"3 Darklings","floor":37.0,"turns":6.0},{"damage":0.0,"enemies":"Reptomancer","floor":40.0,"turns":8.0},{"damage":0.0,"enemies":"Nemesis","floor":41.0,"turns":7.0},{"damage":27.0,"enemies":"Reptomancer","floor":44.0,"turns":10.0},{"damage":0.0,"enemies":"Writhing Mass","floor":45.0,"turns":5.0},{"damage":0.0,"enemies":"Nemesis","floor":47.0,"turns":7.0},{"damage":0.0,"enemies":"Transient","floor":48.0,"turns":5.0},{"damage":0.0,"enemies":"Time Eater","floor":50.0,"turns":13.0},{"damage":4,"enemies":"Shield and Spear","floor":54,"turns":6},{"damage":13,"enemies":"The Heart","floor":55,"turns":9}],"seed_played":"1712263721947576039","potions_obtained":[{"floor":1.0,"key":"Dexterity Potion"},{"floor":2.0,"key":"SteroidPotion"},{"floor":11.0,"key":"Strength Potion"},{"floor":13.0,"key":"Fruit Juice"},{"floor":18.0,"key":"Fruit Juice"},{"floor":25.0,"key":"Explosive Potion"},{"floor":30.0,"key":"Dexterity Potion"},{"floor":31.0,"key":"Strength Potion"},{"floor":37.0,"key":"Explosive Potion"},{"floor":41.0,"key":"Weak Potion"},{"floor":44.0,"key":"Regen Potion"},{"floor":47.0,"key":"Energy Potion"}],"is_trial":false,"path_per_floor":["M","M","$","?","M","R","E","M","T","M","M","R","E","E","R","B",null,"M","?","$","M","M","E","R","E","T","?","M","?","E","M","R","B",null,"M","$","M","?","T","E","E","R","T","E","M","R","E","M","R","B",null,"R","$","E","B",null],"character_chosen":"THE_SILENT","items_purchased":["Footwork","Backflip","Catalyst+1","GhostInAJar","Frozen Egg 2","PiercingWail+1","Well Laid Plans+1","Acrobatics+1","Sadistic Nature+1"],"campfire_rested":0,"item_purchase_floors":[3,3,20,20,36,36,36,36,53],"current_hp_per_floor":[63,63,63,63,63,63,47,47,47,47,47,47,52,52,52,52,69,74,74,74,74,74,46,46,35,35,35,35,35,35,47,47,47,72,72,72,72,72,72,72,72,72,72,45,60,60,60,60,60,60,72,72,72,68,55],"gold":76,"neow_bonus":"ONE_RARE_RELIC","is_prod":false,"is_daily":false,"chose_seed":false,"campfire_upgraded":8,"win_rate":0,"timestamp":1565638884,"path_taken":["M","M","$","?","?","R","E","M","T","M","M","R","E","E","R","BOSS","M","?","$","M","?","E","R","E","T","?","M","?","E","M","R","BOSS","M","$","M","?","?","E","E","R","T","E","M","R","E","M","R","BOSS","R","$","E","BOSS"],"build_version":"2019-07-17","purchased_purges":1,"victory":true,"max_hp_per_floor":[70,70,70,70,70,70,70,70,70,70,70,70,75,75,75,75,75,80,80,80,80,80,80,80,80,80,80,80,80,80,80,80,80,80,80,80,80,76,76,76,76,76,76,76,76,76,76,76,76,76,76,76,76,76,76],"card_choices":[{"not_picked":["Predator","Sucker Punch"],"picked":"Poisoned Stab","floor":1.0},{"not_picked":["Blade Dance","Escape Plan"],"picked":"Backflip","floor":2.0},{"not_picked":["Dodge and Roll","Deadly Poison"],"picked":"Poisoned Stab","floor":5.0},{"not_picked":["A Thousand Cuts","Prepared"],"picked":"Footwork","floor":7.0},{"not_picked":["Deadly Poison","Prepared","Sucker Punch"],"picked":"SKIP","floor":8.0},{"not_picked":["Prepared+1","Outmaneuver+1","Blade Dance+1"],"picked":"SKIP","floor":10.0},{"not_picked":["Blade Dance+1","Riddle With Holes"],"picked":"Deadly Poison+1","floor":11.0},{"not_picked":["Tactician+1","Riddle With Holes"],"picked":"Calculated Gamble+1","floor":13.0},{"not_picked":["Well Laid Plans","Cloak And Dagger+1"],"picked":"After Image","floor":14.0},{"not_picked":["Glass Knife+1","Bullet Time+1"],"picked":"After Image","floor":16.0},{"not_picked":["Dagger Spray+1","Well Laid Plans+1"],"picked":"Cloak And Dagger+1","floor":18.0},{"not_picked":["Deflect+1","Bane+1"],"picked":"PiercingWail+1","floor":21.0},{"not_picked":["Outmaneuver+1","Slice+1","Flying Knee+1"],"picked":"SKIP","floor":22.0},{"not_picked":["Outmaneuver+1","Slice+1","Calculated Gamble+1"],"picked":"SKIP","floor":23.0},{"not_picked":["Dagger Spray+1","Finisher+1"],"picked":"Dodge and Roll+1","floor":25.0},{"not_picked":["Calculated Gamble+1","Blade Dance+1"],"picked":"Caltrops","floor":28.0},{"not_picked":["Underhanded Strike+1","Deflect+1"],"picked":"Dodge and Roll+1","floor":30.0},{"not_picked":["Flying Knee+1","Cloak And Dagger+1"],"picked":"Adrenaline+1","floor":31.0},{"not_picked":["Unload+1","Phantasmal Killer+1"],"picked":"Envenom","floor":33.0},{"not_picked":["Distraction+1","Escape Plan+1"],"picked":"Acrobatics+1","floor":35.0},{"not_picked":["Prepared+1","Sucker Punch+1","Underhanded Strike+1"],"picked":"SKIP","floor":37.0},{"not_picked":["Riddle With Holes+1","Distraction+1"],"picked":"Crippling Poison+1","floor":40.0},{"not_picked":["Slice+1","Prepared+1"],"picked":"Backflip+1","floor":41.0},{"not_picked":["Dagger Throw+1","Outmaneuver+1"],"picked":"Noxious Fumes+1","floor":44.0},{"not_picked":["Poisoned Stab+1","Deflect+1"],"picked":"Cloak And Dagger+1","floor":45.0},{"not_picked":["Setup+1","Dagger Spray+1"],"picked":"Infinite Blades+1","floor":47.0},{"not_picked":["Deflect+1","Quick Slash+1"],"picked":"Noxious Fumes+1","floor":48.0},{"not_picked":["Phantasmal Killer+1","Calculated Gamble+1"],"picked":"Dodge and Roll+1","floor":54}],"player_experience":463254,"relics_obtained":[{"floor":7.0,"key":"Lantern"},{"floor":9.0,"key":"Toxic Egg 2"},{"floor":13.0,"key":"WingedGreaves"},{"floor":14.0,"key":"Molten Egg 2"},{"floor":23.0,"key":"Kunai"},{"floor":25.0,"key":"Boot"},{"floor":26.0,"key":"Anchor"},{"floor":30.0,"key":"Meat on the Bone"},{"floor":39.0,"key":"Ornamental Fan"},{"floor":40.0,"key":"Shuriken"},{"floor":41.0,"key":"Blue Candle"},{"floor":44.0,"key":"Oddly Smooth Stone"},{"floor":47.0,"key":"War Paint"},{"floor":54,"key":"Pocketwatch"}],"event_choices":[{"damage_healed":0.0,"max_hp_gain":0.0,"max_hp_loss":0.0,"gold_gain":0.0,"cards_transformed":["Strike_G"],"event_name":"Transmorgrifier","player_choice":"Transformed","floor":4.0,"gold_loss":0.0,"damage_taken":0.0,"cards_obtained":["Cloak And Dagger"]},{"cards_removed":["Injury"],"damage_healed":0.0,"max_hp_gain":0.0,"max_hp_loss":0.0,"gold_gain":0.0,"event_name":"Fountain of Cleansing","player_choice":"Removed Curses","floor":19.0,"gold_loss":0.0,"damage_taken":0.0},{"cards_removed":["Storm of Steel"],"damage_healed":0.0,"max_hp_gain":0.0,"max_hp_loss":0.0,"gold_gain":0.0,"event_name":"Back to Basics","player_choice":"Elegance","floor":27.0,"gold_loss":0.0,"damage_taken":0.0},{"damage_healed":0.0,"max_hp_gain":0.0,"max_hp_loss":0.0,"gold_gain":99.0,"event_name":"Nest","player_choice":"Stole From Cult","floor":29.0,"gold_loss":0.0,"damage_taken":0.0},{"damage_healed":0.0,"max_hp_gain":0.0,"max_hp_loss":4.0,"gold_gain":0.0,"event_name":"Winding Halls","player_choice":"Max HP","floor":38.0,"gold_loss":0.0,"damage_taken":0.0}],"is_beta":false,"boss_relics":[{"not_picked":["Philosopher\u0027s Stone","White Beast Statue"],"picked":"Pandora\u0027s Box"},{"not_picked":["Eternal Feather","Astrolabe"],"picked":"Velvet Choker"}],"items_purged_floors":[20],"is_endless":false,"potions_floor_spawned":[1,2,11,13,18,25,30,31,37,41,44,47],"ascension_level":10}