{"gold_per_floor":[117,117,7,25,25,25,36,70,150,168,202,222,222,82,82,186,186,203,203,217,232,331,15,34,48,48,68,96,171,182,182],"floor_reached":31,"playtime":1851,"items_purged":["Writhe","Strike_B","Defend_B"],"score":269,"play_id":"43daf7e6-adcc-4064-adf1-e75724146c51","local_time":"20181201233607","is_ascension_mode":false,"campfire_choices":[{"floor":6.0,"key":"RECALL"},{"data":"Defragment","floor":13.0,"key":"SMITH"},{"data":"Static Discharge","floor":15.0,"key":"SMITH"}],"neow_cost":"CURSE","seed_source_timestamp":0,"circlet_count":0,"master_deck":["Strike_B","Strike_B","Strike_B","Defend_B","Defend_B","Defend_B","Zap","Dualcast","Echo Form","Self Repair+1","Tempest","Sweeping Beam","Conserve Battery","Defragment+1","Heatsinks","Static Discharge+1","Fission","Tempest","Conserve Battery","Capacitor","Static Discharge","Conserve Battery","Lockon"],"special_seed":0,"relics":["Cracked Core","Dream Catcher","Runic Dome","Nloth\u0027s Gift","Lee\u0027s Waffle","The Courier","Question Card"],"potions_floor_usage":[],"damage_taken":[{"damage":0.0,"enemies":"Small Slimes","floor":1.0,"turns":2.0},{"damage":10.0,"enemies":"Cultist","floor":4.0,"turns":4.0},{"damage":5.0,"enemies":"Jaw Worm","floor":7.0,"turns":4.0},{"damage":21.0,"enemies":"Lagavulin","floor":8.0,"turns":7.0},{"damage":1.0,"enemies":"2 Fungi Beasts","floor":10.0,"turns":3.0},{"damage":33.0,"enemies":"Gremlin Nob","floor":11.0,"turns":5.0},{"damage":0.0,"enemies":"3 Louse","floor":12.0,"turns":3.0},{"damage":35.0,"enemies":"The Guardian","floor":16.0,"turns":8.0},{"damage":28.0,"enemies":"2 Thieves","floor":18.0,"turns":3.0},{"damage":12.0,"enemies":"Shell Parasite","floor":20.0,"turns":6.0},{"damage":41.0,"enemies":"Snake Plant","floor":21.0,"turns":5.0},{"damage":17.0,"enemies":"Centurion and Healer","floor":24.0,"turns":5.0},{"damage":27.0,"enemies":"Sentry and Sphere","floor":25.0,"turns":4.0},{"damage":28.0,"enemies":"Snake Plant","floor":27.0,"turns":3.0},{"damage":24.0,"enemies":"Book of Stabbing","floor":28.0,"turns":5.0},{"damage":26,"enemies":"3 Cultists","floor":30,"turns":4},{"damage":12,"enemies":"Centurion and Healer","floor":31,"turns":1}],"seed_played":"1888729000178579414","potions_obtained":[{"floor":1.0,"key":"EssenceOfSteel"},{"floor":4.0,"key":"EssenceOfSteel"},{"floor":20.0,"key":"Strength Potion"},{"floor":25.0,"key":"Explosive Potion"},{"floor":27.0,"key":"Dexterity Potion"},{"floor":30,"key":"Weak Potion"}],"is_trial":false,"path_per_floor":["M","?","$","M","$","R","M","E","T","M","E","M","R","$","R","B",null,"M","?","M","M","?","$","M","M","T","M","E","?","M","M"],"character_chosen":"DEFECT","items_purchased":["Tempest","Static Discharge","Lee\u0027s Waffle"],"campfire_rested":0,"item_purchase_floors":[3,14,23],"current_hp_per_floor":[75,75,75,75,75,75,70,59,59,68,55,55,55,55,55,30,75,57,57,55,24,24,82,82,65,65,57,43,35,9,0],"gold":182,"neow_bonus":"THREE_RARE_CARDS","is_prod":false,"is_daily":false,"chose_seed":false,"campfire_upgraded":2,"win_rate":0,"timestamp":1543736167,"path_taken":["M","?","?","?","$","R","M","E","T","M","E","M","R","$","R","BOSS","M","?","?","M","?","$","M","M","T","M","E","?","?","M"],"build_version":"2018-11-15","purchased_purges":3,"victory":false,"max_hp_per_floor":[75,75,75,75,75,75,75,75,75,75,75,75,75,75,75,75,75,75,75,75,75,75,82,82,82,82,82,82,82,82,82],"card_choices":[{"not_picked":["Multi-Cast","Fission"],"picked":"Echo Form","floor":0.0},{"not_picked":["Streamline","Ball Lightning"],"picked":"Self Repair","floor":1.0},{"not_picked":["Aggregate","Skim"],"picked":"Sweeping Beam","floor":4.0},{"not_picked":["Turbo","Redo","Beam Cell"],"picked":"SKIP","floor":7.0},{"not_picked":["Reinforced Body","Static Discharge"],"picked":"Conserve Battery","floor":8.0},{"not_picked":["Darkness","Redo","Barrage"],"picked":"SKIP","floor":10.0},{"not_picked":["Reprogram","Turbo"],"picked":"Defragment","floor":11.0},{"not_picked":["Gash","Hologram"],"picked":"Heatsinks","floor":12.0},{"not_picked":["Meteor Strike","Hyperbeam"],"picked":"Fission","floor":16.0},{"not_picked":["Reprogram","Skim"],"picked":"Tempest","floor":18.0},{"not_picked":["Cold Snap","Redo+1"],"picked":"Conserve Battery","floor":20.0},{"not_picked":["Sweeping Beam+1","Compile Driver"],"picked":"Capacitor","floor":21.0},{"not_picked":["Scrape+1","Reprogram","Leap+1"],"picked":"SKIP","floor":24.0},{"not_picked":["All For One","Reinforced Body"],"picked":"Static Discharge","floor":25.0},{"not_picked":["Ball Lightning","Turbo+1"],"picked":"Conserve Battery","floor":27.0},{"not_picked":["Beam Cell","Steam"],"picked":"Lockon","floor":28.0},{"not_picked":["Darkness+1","Recycle","Tempest","Sweeping Beam"],"picked":"SKIP","floor":30}],"player_experience":1030815,"relics_obtained":[{"floor":8.0,"key":"Dream Catcher"},{"floor":11.0,"key":"Bottled Tornado"},{"floor":26.0,"key":"The Courier"},{"floor":28.0,"key":"Question Card"}],"event_choices":[{"damage_healed":0.0,"max_hp_gain":0.0,"max_hp_loss":0.0,"gold_gain":0.0,"event_name":"Accursed Blacksmith","player_choice":"Forge","floor":2.0,"gold_loss":0.0,"damage_taken":0.0,"cards_upgraded":["Self Repair"]},{"damage_healed":0.0,"max_hp_gain":0.0,"max_hp_loss":0.0,"gold_gain":0.0,"event_name":"N\u0027loth","player_choice":"Traded Relic","floor":19.0,"relics_lost":["Bottled Tornado"],"gold_loss":0.0,"damage_taken":0.0,"relics_obtained":["Nloth\u0027s Gift"]},{"damage_healed":0.0,"max_hp_gain":0.0,"max_hp_loss":0.0,"gold_gain":99.0,"event_name":"Nest","player_choice":"Stole From Cult","floor":22.0,"gold_loss":0.0,"damage_taken":0.0},{"damage_healed":0,"gold_gain":75,"player_choice":"Touch","damage_taken":8,"max_hp_gain":0,"max_hp_loss":0,"event_name":"FaceTrader","floor":29,"gold_loss":0}],"is_beta":false,"boss_relics":[{"not_picked":["Black Star","Eternal Feather"],"picked":"Runic Dome"}],"items_purged_floors":[3,14,23],"is_endless":false,"potions_floor_spawned":[1,4,20,25,27,30],"killed_by":"Centurion and Healer","ascension_level":0}