{"gold_per_floor":[110,125,14,34,34,34,60,84,84,84,97,97,97,117,117,214,214,228,228,240,259,275,275,285,285,285,299,49,0,0,25,25,125,125,144,196,196],"floor_reached":37,"playtime":3618,"items_purged":["Strike_R","Brutality"],"score":467,"play_id":"41ccbbe5-3421-4495-8368-a8faf58906ff","local_time":"20190426192749","is_ascension_mode":true,"campfire_choices":[{"data":"Whirlwind","floor":6.0,"key":"SMITH"},{"data":"Shockwave","floor":10.0,"key":"SMITH"},{"data":"Spot Weakness","floor":12.0,"key":"SMITH"},{"data":"Impervious","floor":15.0,"key":"SMITH"},{"data":"True Grit","floor":23.0,"key":"SMITH"},{"data":"Metallicize","floor":25.0,"key":"SMITH"},{"floor":32.0,"key":"REST"}],"neow_cost":"PERCENT_DAMAGE","seed_source_timestamp":0,"circlet_count":0,"master_deck":["Bash","Whirlwind+1","Shockwave+1","Rampage","Spot Weakness+1","Impervious+1","Juggernaut","Double Tap","Spot Weakness","Cleave","Fire Breathing","Pummel","Second Wind+1","True Grit+1","Power Through+1","Metallicize+1","True Grit","Barricade","Intimidate+1"],"special_seed":0,"relics":["Burning Blood","Gambling Chip","Bag of Marbles","Potion Belt","Self Forming Clay","Pandora\u0027s Box","Gremlin Horn","Oddly Smooth Stone","Lantern","Toxic Egg 2","Empty Cage","Dead Branch"],"potions_floor_usage":[36,37],"damage_taken":[{"damage":14.0,"enemies":"Small Slimes","floor":1.0,"turns":6.0},{"damage":11.0,"enemies":"Jaw Worm","floor":2.0,"turns":4.0},{"damage":0.0,"enemies":"2 Louse","floor":4.0,"turns":3.0},{"damage":27.0,"enemies":"Gremlin Nob","floor":7.0,"turns":5.0},{"damage":10.0,"enemies":"Exordium Wildlife","floor":11.0,"turns":3.0},{"damage":4.0,"enemies":"Blue Slaver","floor":14.0,"turns":4.0},{"damage":12.0,"enemies":"Slime Boss","floor":16.0,"turns":7.0},{"damage":8.0,"enemies":"Chosen","floor":18.0,"turns":3.0},{"damage":22.0,"enemies":"Shell Parasite","floor":20.0,"turns":3.0},{"damage":0.0,"enemies":"3 Cultists","floor":21.0,"turns":3.0},{"damage":18.0,"enemies":"Centurion and Healer","floor":22.0,"turns":7.0},{"damage":4.0,"enemies":"Snake Plant","floor":24.0,"turns":3.0},{"damage":8.0,"enemies":"Cultist and Chosen","floor":27.0,"turns":4.0},{"damage":23.0,"enemies":"Slavers","floor":31.0,"turns":5.0},{"damage":60,"enemies":"Champ","floor":33,"turns":12},{"damage":3,"enemies":"Orb Walker","floor":35,"turns":5},{"damage":69,"enemies":"2 Orb Walkers","floor":36,"turns":5},{"damage":26,"enemies":"3 Shapes","floor":37,"turns":3}],"seed_played":"-7030002291124002791","potions_obtained":[{"floor":2.0,"key":"Weak Potion"},{"floor":7.0,"key":"Explosive Potion"},{"floor":11.0,"key":"AttackPotion"},{"floor":20.0,"key":"EssenceOfSteel"},{"floor":21.0,"key":"FearPotion"},{"floor":22.0,"key":"PowerPotion"},{"floor":33,"key":"Ancient Potion"},{"floor":35,"key":"Swift Potion"},{"floor":36,"key":"BloodPotion"}],"is_trial":false,"path_per_floor":["M","M","$","M","?","R","E","T","T","R","M","R","?","M","R","B",null,"M","?","M","M","M","R","M","R","T","M","$","?","?","E","R","B",null,"M","?","M"],"character_chosen":"IRONCLAD","items_purchased":["Shockwave","Lantern"],"campfire_rested":1,"item_purchase_floors":[3,28],"current_hp_per_floor":[48,43,43,49,49,49,28,28,28,28,24,24,50,52,52,46,80,78,78,62,68,56,56,58,58,58,56,56,56,40,23,47,14,80,80,17,0],"gold":196,"neow_bonus":"ONE_RARE_RELIC","is_prod":false,"is_daily":false,"chose_seed":false,"campfire_upgraded":6,"win_rate":0,"timestamp":1556299669,"path_taken":["M","M","$","M","?","R","E","?","T","R","M","R","?","?","R","BOSS","M","?","M","M","M","R","?","R","T","M","$","?","?","E","R","BOSS","M","?","M"],"build_version":"2019-04-23","purchased_purges":2,"victory":false,"max_hp_per_floor":[80,80,80,80,80,80,80,80,80,80,80,80,80,80,80,80,80,80,80,80,80,80,80,80,80,80,80,80,80,80,80,80,80,80,80,80,80],"card_choices":[{"not_picked":["Body Slam","Feel No Pain"],"picked":"Whirlwind","floor":1.0},{"not_picked":["Searing Blow","Anger"],"picked":"Blood for Blood","floor":2.0},{"not_picked":["Searing Blow","Armaments"],"picked":"Rampage","floor":4.0},{"not_picked":["Warcry","Thunderclap"],"picked":"Spot Weakness","floor":7.0},{"not_picked":["Armaments","Cleave","Corruption"],"picked":"SKIP","floor":11.0},{"not_picked":["Havoc","Anger"],"picked":"Impervious","floor":14.0},{"not_picked":["Bludgeon","Dark Embrace"],"picked":"Juggernaut","floor":16.0},{"not_picked":["Flex","Thunderclap","Heavy Blade"],"picked":"SKIP","floor":18.0},{"not_picked":["Cleave","Sentinel"],"picked":"Second Wind+1","floor":20.0},{"not_picked":["Armaments","Hemokinesis+1"],"picked":"True Grit","floor":21.0},{"not_picked":["Corruption","Clothesline"],"picked":"Power Through+1","floor":22.0},{"not_picked":["Reaper","Havoc"],"picked":"Metallicize","floor":24.0},{"not_picked":["Havoc","Clash"],"picked":"True Grit","floor":27.0},{"not_picked":["Wild Strike","Infernal Blade","Rage"],"picked":"SKIP","floor":31.0},{"not_picked":["Juggernaut","Demon Form"],"picked":"Barricade","floor":33},{"not_picked":["Burning Pact+1","Cleave"],"picked":"Intimidate+1","floor":35}],"player_experience":350708,"relics_obtained":[{"floor":7.0,"key":"Bag of Marbles"},{"floor":8.0,"key":"Potion Belt"},{"floor":9.0,"key":"Self Forming Clay"},{"floor":26.0,"key":"Oddly Smooth Stone"},{"floor":31.0,"key":"Toxic Egg 2"},{"floor":36,"key":"Dead Branch"}],"event_choices":[{"damage_healed":0.0,"max_hp_gain":0.0,"max_hp_loss":0.0,"gold_gain":0.0,"event_name":"The Cleric","player_choice":"Leave","floor":5.0,"gold_loss":0.0,"damage_taken":0.0},{"damage_healed":26.0,"max_hp_gain":0.0,"max_hp_loss":0.0,"gold_gain":0.0,"event_name":"Big Fish","player_choice":"Banana","floor":13.0,"gold_loss":0.0,"damage_taken":0.0},{"cards_removed":["Havoc"],"damage_healed":0.0,"max_hp_gain":0.0,"max_hp_loss":0.0,"gold_gain":0.0,"event_name":"WeMeetAgain","player_choice":"Gave Card","floor":19.0,"gold_loss":0.0,"damage_taken":0.0,"relics_obtained":["Gremlin Horn"]},{"damage_healed":0.0,"max_hp_gain":0.0,"max_hp_loss":0.0,"gold_gain":0.0,"event_name":"Masked Bandits","player_choice":"Paid Fearfully","floor":29.0,"gold_loss":49.0,"damage_taken":0.0},{"damage_healed":0.0,"max_hp_gain":0.0,"max_hp_loss":0.0,"gold_gain":0.0,"event_name":"Knowing Skull","player_choice":"POTION ","floor":30.0,"potions_obtained":["FairyPotion"],"gold_loss":0.0,"damage_taken":16.0,"cards_obtained":[]},{"damage_healed":0,"gold_gain":0,"player_choice":"Fight","damage_taken":0,"max_hp_gain":0,"max_hp_loss":0,"event_name":"Mysterious Sphere","floor":36,"gold_loss":0}],"is_beta":true,"boss_relics":[{"not_picked":["Busted Crown","Tiny House"],"picked":"Pandora\u0027s Box"},{"not_picked":["Runic Pyramid","Calling Bell"],"picked":"Empty Cage"}],"items_purged_floors":[3,28],"is_endless":false,"potions_floor_spawned":[2,7,11,20,21,22,33,35,36],"killed_by":"3 Shapes","ascension_level":4}