{"gold_per_floor":[117,117,130,130,148,148,168,188,188,188,219,233,259,269,269,373,373,386,81,101,101,101,101,115,115,168,68,167,167,180,380,380,380],"floor_reached":33,"playtime":2137,"items_purged":["Strike_B","Strike_B"],"score":282,"play_id":"8df8b33f-3a50-4ea8-9ace-bf36167bef02","local_time":"20190815115656","is_ascension_mode":false,"campfire_choices":[{"data":"Beam Cell","floor":6,"key":"SMITH"},{"data":"Coolheaded","floor":10,"key":"SMITH"},{"floor":15,"key":"REST"},{"data":"Dualcast","floor":23,"key":"SMITH"},{"data":"Fusion","floor":25,"key":"SMITH"},{"data":"Chaos","floor":32,"key":"SMITH"}],"neow_cost":"NONE","seed_source_timestamp":6732709461100,"circlet_count":0,"master_deck":["Strike_B","Strike_B","Defend_B","Defend_B","Defend_B","Defend_B","Zap+1","Dualcast+1","Coolheaded+1","Heatsinks","Beam Cell+1","Streamline","Ball Lightning","Conserve Battery","Recycle","Self Repair+1","Sunder","Self Repair+1","All For One","Cold Snap+1","Storm+1","Gash+1","Ghostly+1","Ghostly","Ghostly","Ghostly","Ghostly","Fusion+1","Chaos+1"],"relics":["Cracked Core","Frozen Egg 2","Dodecahedron","Ornamental Fan","Lizard Tail","Bronze Scales","Question Card","Ancient Tea Set"],"potions_floor_usage":[11,13,13,16,33],"damage_taken":[{"damage":2,"enemies":"2 Louse","floor":1,"turns":3},{"damage":1,"enemies":"Jaw Worm","floor":3,"turns":6},{"damage":0,"enemies":"Cultist","floor":5,"turns":4},{"damage":11,"enemies":"Red Slaver","floor":7,"turns":4},{"damage":7,"enemies":"Large Slime","floor":8,"turns":5},{"damage":17,"enemies":"3 Sentries","floor":11,"turns":5},{"damage":7,"enemies":"Blue Slaver","floor":12,"turns":3},{"damage":20,"enemies":"Lagavulin","floor":13,"turns":6},{"damage":6,"enemies":"2 Fungi Beasts","floor":14,"turns":3},{"damage":25,"enemies":"Slime Boss","floor":16,"turns":10},{"damage":16,"enemies":"Spheric Guardian","floor":18,"turns":4},{"damage":10,"enemies":"3 Byrds","floor":20,"turns":3},{"damage":24,"enemies":"Centurion and Healer","floor":24,"turns":8},{"damage":12,"enemies":"Snake Plant","floor":30,"turns":4},{"damage":71,"enemies":"Collector","floor":33,"turns":15}],"seed_played":"-5216831336497657486","potions_obtained":[{"floor":1,"key":"Explosive Potion"},{"floor":3,"key":"AttackPotion"},{"floor":12,"key":"Poison Potion"},{"floor":13,"key":"Fire Potion"},{"floor":20,"key":"FearPotion"}],"is_trial":false,"path_per_floor":["M","?","M","?","M","R","M","M","T","R","E","M","E","M","R","B",null,"M","$","M","?","?","R","M","R","T","$","?","?","M","?","R","B"],"character_chosen":"DEFECT","items_purchased":["Storm+1","Bronze Scales"],"campfire_rested":1,"item_purchase_floors":[19,19],"current_hp_per_floor":[73,78,77,77,77,77,66,59,59,59,42,35,25,29,53,48,80,80,80,80,80,40,40,36,36,36,36,36,36,34,34,34,0],"gold":380,"neow_bonus":"THREE_CARDS","is_prod":false,"is_daily":false,"chose_seed":false,"campfire_upgraded":5,"win_rate":0.0,"timestamp":1565841416,"path_taken":["M","?","M","?","M","R","?","M","T","R","E","M","E","M","R","BOSS","M","?","M","?","?","R","M","R","T","$","?","?","?","?","R","BOSS"],"build_version":"2019-07-17","purchased_purges":2,"victory":false,"max_hp_per_floor":[75,80,80,80,80,80,80,80,80,80,80,80,80,80,80,80,80,80,80,80,80,40,40,40,40,40,40,40,40,40,40,40,40],"card_choices":[{"not_picked":["Turbo","Rebound"],"picked":"Coolheaded","floor":0},{"not_picked":["Redo","Rip and Tear"],"picked":"Heatsinks","floor":1},{"not_picked":["Coolheaded","Conserve Battery"],"picked":"Beam Cell","floor":3},{"not_picked":["Compile Driver","Aggregate"],"picked":"Streamline","floor":5},{"not_picked":["Barrage","Cold Snap"],"picked":"Ball Lightning","floor":7},{"not_picked":["Turbo","Force Field"],"picked":"Conserve Battery","floor":8},{"not_picked":["Compile Driver","Fission"],"picked":"Recycle","floor":11},{"not_picked":["Coolheaded","Rebound"],"picked":"Self Repair+1","floor":12},{"not_picked":["Steam Power","Stack"],"picked":"Sunder","floor":13},{"not_picked":["Storm+1","Gash"],"picked":"Self Repair+1","floor":14},{"not_picked":["Hyperbeam","Amplify"],"picked":"All For One","floor":16},{"not_picked":["Genetic Algorithm","Gash+1"],"picked":"Cold Snap+1","floor":18},{"not_picked":["Tempest","Stack"],"picked":"Gash+1","floor":20},{"not_picked":["Barrage","Compile Driver","Coolheaded"],"picked":"Fusion","floor":24},{"not_picked":["Double Energy+1","Redo+1","Streamline+1"],"picked":"Chaos","floor":30}],"player_experience":151171,"relics_obtained":[{"floor":9,"key":"Frozen Egg 2"},{"floor":11,"key":"Dodecahedron"},{"floor":13,"key":"Ornamental Fan"},{"floor":26,"key":"Ancient Tea Set"}],"event_choices":[{"damage_healed":0,"gold_gain":0,"player_choice":"Donut","damage_taken":0,"max_hp_gain":5,"max_hp_loss":0,"event_name":"Big Fish","floor":2,"gold_loss":0},{"damage_healed":0,"gold_gain":0,"player_choice":"Upgraded","damage_taken":0,"max_hp_gain":0,"max_hp_loss":0,"event_name":"Upgrade Shrine","floor":4,"gold_loss":0,"cards_upgraded":["Zap"]},{"damage_healed":0,"gold_gain":0,"player_choice":"Opened","damage_taken":0,"relics_obtained":["Question Card"],"max_hp_gain":0,"max_hp_loss":0,"event_name":"The Mausoleum","floor":21,"gold_loss":0},{"damage_healed":0,"gold_gain":0,"player_choice":"Became a Ghost","damage_taken":0,"max_hp_gain":0,"max_hp_loss":40,"event_name":"Ghosts","floor":22,"gold_loss":0,"cards_obtained":["Ghostly","Ghostly","Ghostly","Ghostly","Ghostly"]},{"damage_healed":0,"gold_gain":99,"player_choice":"Stole From Cult","damage_taken":0,"max_hp_gain":0,"max_hp_loss":0,"event_name":"Nest","floor":28,"gold_loss":0},{"damage_healed":0,"gold_gain":0,"player_choice":"Upgraded","damage_taken":0,"max_hp_gain":0,"max_hp_loss":0,"event_name":"Upgrade Shrine","floor":29,"gold_loss":0,"cards_upgraded":["Ghostly"]},{"damage_healed":0,"gold_gain":200,"player_choice":"Gold","damage_taken":0,"max_hp_gain":0,"max_hp_loss":0,"event_name":"Wheel of Change","floor":31,"gold_loss":0}],"is_beta":false,"boss_relics":[{"not_picked":["Busted Crown","Runic Pyramid"],"picked":"Lizard Tail"}],"items_purged_floors":[19,27],"is_endless":false,"potions_floor_spawned":[1,3,12,13,20],"killed_by":"Collector","ascension_level":0}