{"gold_per_floor":[111,123,141,152,171,171,192,206,206,108,137,137,137,137],"floor_reached":14,"playtime":962,"items_purged":[],"score":129,"play_id":"3c6ee8ec-d6e3-4eed-92a1-42b1545e6cc1","local_time":"20181016220623","is_ascension_mode":true,"campfire_choices":[{"floor":6,"key":"REST"},{"floor":13,"key":"REST"}],"neow_cost":"NONE","seed_source_timestamp":1923786473148859,"circlet_count":0,"master_deck":["Defend_G","Defend_G","Defend_G","Defend_G","Defend_G","Strike_G","Strike_G","Strike_G","Strike_G","Strike_G","Survivor","Neutralize","Storm of Steel","Deflect","Finisher","Slice","Adrenaline","Slice","Concentrate","Concentrate","Impatience"],"relics":["Ring of the Snake","Odd Mushroom","Shuriken","Omamori"],"potions_floor_usage":[7,8,11],"damage_taken":[{"damage":7,"enemies":"Jaw Worm","floor":1,"turns":3},{"damage":7,"enemies":"Small Slimes","floor":2,"turns":4},{"damage":2,"enemies":"2 Louse","floor":3,"turns":4},{"damage":2,"enemies":"2 Fungi Beasts","floor":4,"turns":4},{"damage":11,"enemies":"Exordium Wildlife","floor":5,"turns":4},{"damage":12,"enemies":"The Mushroom Lair","floor":7,"turns":4},{"damage":16,"enemies":"Exordium Thugs","floor":8,"turns":8},{"damage":26,"enemies":"Lagavulin","floor":11,"turns":6},{"damage":22,"enemies":"Gremlin Nob","floor":14,"turns":3}],"seed_played":"-2321530297755760420","potions_obtained":[{"floor":2,"key":"AttackPotion"},{"floor":4,"key":"Poison Potion"},{"floor":7,"key":"SpeedPotion"}],"is_trial":false,"path_per_floor":["M","M","M","M","M","R","?","M","T","$","E","?","R"],"character_chosen":"THE_SILENT","items_purchased":["Impatience"],"campfire_rested":2,"item_purchase_floors":[10],"current_hp_per_floor":[56,49,47,45,34,55,43,27,27,27,1,1,22,0],"gold":137,"neow_bonus":"ONE_RANDOM_RARE_CARD","is_prod":false,"is_daily":false,"chose_seed":false,"campfire_upgraded":0,"win_rate":0,"timestamp":1539752783,"path_taken":["M","M","M","M","M","R","?","M","T","$","E","?","R","E"],"build_version":"2018-10-11","purchased_purges":0,"victory":false,"max_hp_per_floor":[70,70,70,70,70,70,70,70,70,70,70,70,70,70],"card_choices":[{"not_picked":["Flying Knee","Dagger Spray"],"picked":"Deflect","floor":1},{"not_picked":["Outmaneuver","Prepared"],"picked":"Finisher","floor":2},{"not_picked":["Deflect","Bane"],"picked":"Slice","floor":3},{"not_picked":["Underhanded Strike","Flying Knee"],"picked":"Adrenaline","floor":4},{"not_picked":["Deadly Poison","Prepared"],"picked":"Slice","floor":5},{"not_picked":["Setup","Dagger Throw"],"picked":"Concentrate","floor":7},{"not_picked":["Distraction","Backstab"],"picked":"Concentrate","floor":8},{"not_picked":["Sucker Punch","Flying Knee","Dodge and Roll"],"picked":"SKIP","floor":11}],"player_experience":892701,"relics_obtained":[{"floor":7,"key":"Odd Mushroom"},{"floor":9,"key":"Shuriken"},{"floor":11,"key":"Omamori"}],"event_choices":[{"event_name":"Mushrooms","player_choice":"Fought Mushrooms","floor":7,"damage_taken":0},{"event_name":"Shining Light","player_choice":"Ignored","floor":12,"damage_taken":0}],"is_beta":false,"boss_relics":[],"items_purged_floors":[],"is_endless":false,"potions_floor_spawned":[2,4,7],"killed_by":"Gremlin Nob","ascension_level":8}