{"gold_per_floor":[118,137,137,137,155,155,189,206,258,258,280,311,166,181,181,260,260,260,160,160,70,70,70,70],"floor_reached":24,"playtime":3034,"items_purged":["Strike_R","Strike_R"],"score":337,"play_id":"27cd249a-4ccc-4b2d-ae00-3ccb81668439","local_time":"20181029205928","is_ascension_mode":true,"campfire_choices":[{"data":"Body Slam","floor":6,"key":"SMITH"},{"floor":10,"key":"REST"},{"data":"Dual Wield","floor":15,"key":"SMITH"},{"data":"Entrench","floor":23,"key":"SMITH"}],"neow_cost":"CURSE","seed_source_timestamp":378193308340766,"circlet_count":0,"master_deck":["Strike_R","Strike_R","Defend_R","Defend_R","Defend_R","Defend_R","Bash","AscendersBane","Body Slam+1","Iron Wave","Iron Wave","Metallicize","Feed","Dual Wield+1","Shrug It Off+1","Impervious","Entrench+1"],"relics":["Burning Blood","Thread and Needle","Mummified Hand","Centennial Puzzle","Oddly Smooth Stone","Odd Mushroom","Happy Flower","Ectoplasm","Enchiridion"],"potions_floor_usage":[11,16,24],"damage_taken":[{"damage":0,"enemies":"Small Slimes","floor":1,"turns":4},{"damage":10,"enemies":"Jaw Worm","floor":2,"turns":6},{"damage":1,"enemies":"Cultist","floor":5,"turns":4},{"damage":54,"enemies":"Lagavulin","floor":7,"turns":11},{"damage":0,"enemies":"2 Fungi Beasts","floor":8,"turns":4},{"damage":2,"enemies":"The Mushroom Lair","floor":11,"turns":4},{"damage":13,"enemies":"3 Sentries","floor":12,"turns":12},{"damage":0,"enemies":"Large Slime","floor":14,"turns":5},{"damage":31,"enemies":"Slime Boss","floor":16,"turns":10},{"damage":11,"enemies":"Spheric Guardian","floor":18,"turns":4},{"damage":5,"enemies":"3 Byrds","floor":22,"turns":7},{"damage":69,"enemies":"Gremlin Leader","floor":24,"turns":9}],"seed_played":"-5744180708828912183","potions_obtained":[{"floor":1,"key":"BloodPotion"},{"floor":7,"key":"Poison Potion"},{"floor":14,"key":"Poison Potion"},{"floor":22,"key":"Dexterity Potion"}],"is_trial":false,"path_per_floor":["M","M","?","?","M","R","E","M","T","R","?","E","$","M","R","B",null,"M","$","?","?","M","R"],"character_chosen":"IRONCLAD","items_purchased":["Dual Wield"],"campfire_rested":1,"item_purchase_floors":[13],"current_hp_per_floor":[78,74,74,71,76,76,28,34,34,58,62,58,58,67,67,42,75,73,73,57,57,61,61,0],"gold":70,"neow_bonus":"ONE_RARE_RELIC","is_prod":false,"is_daily":false,"chose_seed":false,"campfire_upgraded":3,"win_rate":0,"timestamp":1540871968,"path_taken":["M","M","?","?","?","R","E","M","T","R","?","E","$","M","R","BOSS","M","$","?","?","M","R","E"],"build_version":"2018-10-25v2","purchased_purges":2,"victory":false,"max_hp_per_floor":[80,80,80,80,80,80,80,80,80,80,80,83,83,86,86,86,86,89,89,89,89,92,92,92],"card_choices":[{"not_picked":["Warcry","Second Wind","Flex"],"picked":"SKIP","floor":1},{"not_picked":["Wild Strike","Havoc"],"picked":"Body Slam","floor":2},{"not_picked":["Uppercut","Cleave"],"picked":"Iron Wave","floor":5},{"not_picked":["Carnage","Inflame"],"picked":"Iron Wave","floor":7},{"not_picked":["Headbutt","Inflame"],"picked":"Metallicize","floor":8},{"not_picked":["Fire Breathing","Body Slam"],"picked":"Feed","floor":11},{"not_picked":["Carnage","Whirlwind","Hemokinesis"],"picked":"SKIP","floor":12},{"not_picked":["Havoc","Flex"],"picked":"Shrug It Off","floor":14},{"not_picked":["Exhume","Reaper"],"picked":"Impervious","floor":16},{"not_picked":["Clothesline","Warcry"],"picked":"Entrench","floor":18},{"not_picked":["Power Through","Fire Breathing","Clothesline"],"picked":"SKIP","floor":22}],"player_experience":918395,"relics_obtained":[{"floor":7,"key":"Centennial Puzzle"},{"floor":9,"key":"Oddly Smooth Stone"},{"floor":11,"key":"Odd Mushroom"},{"floor":12,"key":"Happy Flower"},{"floor":20,"key":"Enchiridion"}],"event_choices":[{"cards_removed":["Injury"],"damage_healed":0,"gold_gain":0,"player_choice":"Forget","damage_taken":0,"max_hp_gain":0,"max_hp_loss":0,"event_name":"Living Wall","floor":3,"gold_loss":0},{"damage_healed":0,"gold_gain":0,"player_choice":"Success","damage_taken":3,"relics_obtained":["Mummified Hand"],"max_hp_gain":0,"max_hp_loss":0,"event_name":"Scrap Ooze","floor":4,"gold_loss":0},{"damage_healed":0,"gold_gain":0,"player_choice":"Fought Mushrooms","damage_taken":0,"max_hp_gain":0,"max_hp_loss":0,"event_name":"Mushrooms","floor":11,"gold_loss":0},{"damage_healed":0,"gold_gain":0,"player_choice":"Obtained Book","damage_taken":16,"max_hp_gain":0,"max_hp_loss":0,"event_name":"Cursed Tome","floor":20,"gold_loss":0},{"cards_removed":["Strike_R"],"damage_healed":0,"gold_gain":0,"player_choice":"Upgrade and Remove","damage_taken":0,"max_hp_gain":0,"max_hp_loss":0,"event_name":"Designer","floor":21,"gold_loss":90,"cards_upgraded":["Shrug It Off"]}],"is_beta":false,"boss_relics":[{"not_picked":["Coffee Dripper","Lizard Tail"],"picked":"Ectoplasm"}],"items_purged_floors":[13,19],"is_endless":false,"potions_floor_spawned":[1,7,14,22],"killed_by":"Gremlin Leader","ascension_level":13}