{"gold_per_floor":[116,136,153,428,0,0,18,18,18,44,44,77,94,125,125,201,201,217,217,236,151,165,165,193,193,193,223,223,239,239,64,64,135,135,146,159,176,187,84,109,128,128,175,175,210,220,246,260,260,260,260,260,16,47,47],"floor_reached":56,"playtime":7174,"items_purged":["Regret","Strike_R"],"score":2264,"play_id":"34f3ef19-4731-4b1b-a822-b214df124192","local_time":"20190809140521","is_ascension_mode":true,"campfire_choices":[{"data":"Flame Barrier","floor":6.0,"key":"SMITH"},{"data":"Bash","floor":8.0,"key":"SMITH"},{"data":"Metallicize","floor":11.0,"key":"SMITH"},{"data":"Fiend Fire","floor":15.0,"key":"SMITH"},{"data":"Offering","floor":23.0,"key":"SMITH"},{"data":"Exhume","floor":28.0,"key":"SMITH"},{"data":"Ghostly","floor":30.0,"key":"SMITH"},{"data":"Ghostly","floor":32.0,"key":"SMITH"},{"data":"True Grit","floor":42.0,"key":"SMITH"},{"data":"Impervious","floor":44.0,"key":"SMITH"},{"floor":49.0,"key":"RECALL"},{"data":"Double Tap","floor":52.0,"key":"SMITH"}],"neow_cost":"NONE","seed_source_timestamp":911649687334854,"circlet_count":0,"master_deck":["AscendersBane","Strike_R","Strike_R+1","Strike_R","Strike_R","Defend_R","Defend_R","Defend_R","Defend_R","Bash+1","Anger","Flame Barrier+1","Metallicize+1","Battle Trance","Fiend Fire+1","Double Tap+1","Impervious+1","Headbutt+1","Ghostly+1","Ghostly+1","Ghostly","Feel No Pain+1","Offering+1","Exhume+1","Corruption+1","Limit Break","True Grit+1","Armaments","Feel No Pain+1","Body Slam","True Grit+1","Iron Wave+1","Shrug It Off","Doubt","Body Slam","Armaments+1","Feel No Pain+1","Barricade+1","Shockwave"],"special_seed":0,"relics":["Burning Blood","Turnip","Mercury Hourglass","Self Forming Clay","Ice Cream","Frozen Egg 2","Runic Pyramid","Magic Flower","Centennial Puzzle","Pantograph","Cursed Key","Bag of Marbles","Omamori","Whetstone","Gremlin Horn","Red Skull"],"potions_floor_usage":[55,55],"damage_taken":[{"damage":0.0,"enemies":"2 Louse","floor":1.0,"turns":4.0},{"damage":0.0,"enemies":"Cultist","floor":2.0,"turns":4.0},{"damage":0.0,"enemies":"Jaw Worm","floor":3.0,"turns":5.0},{"damage":0.0,"enemies":"3 Louse","floor":7.0,"turns":4.0},{"damage":12.0,"enemies":"Gremlin Nob","floor":10.0,"turns":5.0},{"damage":18.0,"enemies":"Lagavulin","floor":12.0,"turns":6.0},{"damage":2.0,"enemies":"Large Slime","floor":13.0,"turns":6.0},{"damage":17.0,"enemies":"3 Sentries","floor":14.0,"turns":7.0},{"damage":7.0,"enemies":"The Guardian","floor":16.0,"turns":13.0},{"damage":5.0,"enemies":"2 Thieves","floor":18.0,"turns":4.0},{"damage":9.0,"enemies":"Shell Parasite","floor":20.0,"turns":2.0},{"damage":20.0,"enemies":"Snake Plant","floor":22.0,"turns":4.0},{"damage":9.0,"enemies":"Gremlin Leader","floor":24.0,"turns":4.0},{"damage":0.0,"enemies":"Book of Stabbing","floor":27.0,"turns":5.0},{"damage":1.0,"enemies":"Cultist and Chosen","floor":29.0,"turns":7.0},{"damage":27.0,"enemies":"Champ","floor":33.0,"turns":15.0},{"damage":6.0,"enemies":"Orb Walker","floor":35.0,"turns":3.0},{"damage":0.0,"enemies":"3 Shapes","floor":36.0,"turns":6.0},{"damage":1.0,"enemies":"Maw","floor":37.0,"turns":15.0},{"damage":0.0,"enemies":"Writhing Mass","floor":38.0,"turns":10.0},{"damage":1.0,"enemies":"Reptomancer","floor":40.0,"turns":5.0},{"damage":4.0,"enemies":"4 Shapes","floor":41.0,"turns":10.0},{"damage":0.0,"enemies":"Nemesis","floor":45.0,"turns":9.0},{"damage":13.0,"enemies":"Spire Growth","floor":46.0,"turns":4.0},{"damage":6.0,"enemies":"Reptomancer","floor":47.0,"turns":6.0},{"damage":0.0,"enemies":"Writhing Mass","floor":48.0,"turns":5.0},{"damage":6.0,"enemies":"Donu and Deca","floor":50.0,"turns":5.0},{"damage":25.0,"enemies":"Shield and Spear","floor":54.0,"turns":7.0},{"damage":7,"enemies":"The Heart","floor":55,"turns":10}],"seed_played":"5638875360433920255","potions_obtained":[{"floor":2.0,"key":"BloodPotion"},{"floor":10.0,"key":"Explosive Potion"},{"floor":16.0,"key":"FearPotion"},{"floor":24.0,"key":"Block Potion"},{"floor":54.0,"key":"LiquidBronze"}],"is_trial":false,"path_per_floor":["M","M","M","?","$","R","M","R","T","E","R","E","M","E","R","B",null,"M","?","M","?","M","R","E","?","T","E","R","M","R","$","R","B",null,"M","M","M","M","$","E","M","R","T","R","E","M","E","M","R","B",null,"R","$","E","B",null],"character_chosen":"IRONCLAD","items_purchased":["Metallicize","Turnip","Corruption+1","Body Slam","True Grit","Barricade+1","Shockwave"],"campfire_rested":0,"item_purchase_floors":[5,5,31,39,39,53,53],"current_hp_per_floor":[81,82,82,82,82,82,82,82,82,76,76,64,68,57,57,56,76,77,41,38,38,27,27,27,18,18,27,27,35,35,35,35,28,42,45,46,46,46,46,46,46,46,46,46,46,42,45,46,46,46,46,46,46,30,46],"gold":47,"neow_bonus":"TEN_PERCENT_HP_BONUS","is_prod":false,"is_daily":false,"chose_seed":false,"campfire_upgraded":11,"win_rate":0,"timestamp":1565373921,"path_taken":["M","M","M","?","$","R","?","R","T","E","R","E","M","E","R","BOSS","M","?","M","?","M","R","E","?","T","E","R","M","R","$","R","BOSS","M","M","M","M","$","E","M","R","T","R","E","M","E","M","R","BOSS","R","$","E","BOSS"],"build_version":"2019-07-17","purchased_purges":2,"victory":true,"max_hp_per_floor":[82,82,82,82,82,82,82,82,82,82,82,82,82,82,82,82,82,82,41,41,41,41,41,41,46,46,46,46,46,46,46,46,46,46,46,46,46,46,46,46,46,46,46,46,46,46,46,46,46,46,46,46,46,46,46],"card_choices":[{"not_picked":["Shrug It Off","Iron Wave"],"picked":"Anger","floor":1.0},{"not_picked":["Cleave","Body Slam"],"picked":"Flame Barrier","floor":2.0},{"not_picked":["Rage","Warcry","Pummel"],"picked":"SKIP","floor":3.0},{"not_picked":["Warcry","Dropkick","Clash"],"picked":"SKIP","floor":7.0},{"not_picked":["Searing Blow","Warcry"],"picked":"Battle Trance","floor":10.0},{"not_picked":["Intimidate","Flex","Sever Soul"],"picked":"SKIP","floor":12.0},{"not_picked":["Thunderclap","Sword Boomerang"],"picked":"Fiend Fire","floor":13.0},{"not_picked":["Rampage","Searing Blow"],"picked":"Double Tap","floor":14.0},{"not_picked":["Juggernaut+1","Berserk+1"],"picked":"Impervious","floor":16.0},{"not_picked":["Iron Wave","Warcry"],"picked":"Headbutt","floor":18.0},{"not_picked":["Body Slam","Dual Wield"],"picked":"Feel No Pain+1","floor":20.0},{"not_picked":["Warcry","Cleave"],"picked":"Offering","floor":22.0},{"not_picked":["Flex","Evolve+1","Perfected Strike"],"picked":"SKIP","floor":24.0},{"not_picked":["True Grit","Rampage"],"picked":"Exhume","floor":27.0},{"not_picked":["Anger","Sever Soul","Power Through"],"picked":"SKIP","floor":29.0},{"not_picked":["Fiend Fire","Feed"],"picked":"Limit Break","floor":33.0},{"not_picked":["Armaments+1","Thunderclap"],"picked":"True Grit+1","floor":35.0},{"not_picked":["Wild Strike","Twin Strike"],"picked":"Armaments","floor":36.0},{"not_picked":["Iron Wave","Clothesline"],"picked":"Feel No Pain+1","floor":37.0},{"not_picked":["Heavy Blade","Power Through","Perfected Strike"],"picked":"SKIP","floor":38.0},{"not_picked":["Feed","Power Through"],"picked":"Iron Wave+1","floor":40.0},{"not_picked":["Twin Strike+1","True Grit"],"picked":"Shrug It Off","floor":41.0},{"not_picked":["Immolate","Warcry","Flex+1"],"picked":"SKIP","floor":45.0},{"not_picked":["Twin Strike","Fire Breathing+1"],"picked":"Body Slam","floor":46.0},{"not_picked":["Perfected Strike","Bloodletting+1"],"picked":"Armaments+1","floor":47.0},{"not_picked":["Metallicize+1","Perfected Strike"],"picked":"Feel No Pain+1","floor":48.0},{"not_picked":["Heavy Blade","Double Tap","Warcry"],"picked":"SKIP","floor":54.0}],"player_experience":427779,"relics_obtained":[{"floor":9.0,"key":"Mercury Hourglass"},{"floor":10.0,"key":"Self Forming Clay"},{"floor":12.0,"key":"Ice Cream"},{"floor":14.0,"key":"Frozen Egg 2"},{"floor":24.0,"key":"Centennial Puzzle"},{"floor":27.0,"key":"Pantograph"},{"floor":40.0,"key":"Bag of Marbles"},{"floor":43.0,"key":"Omamori"},{"floor":45.0,"key":"Whetstone"},{"floor":47.0,"key":"Gremlin Horn"},{"floor":54.0,"key":"Red Skull"}],"event_choices":[{"damage_healed":0.0,"max_hp_gain":0.0,"max_hp_loss":0.0,"gold_gain":275.0,"event_name":"Golden Shrine","player_choice":"Desecrate","floor":4.0,"gold_loss":0.0,"damage_taken":0.0,"cards_obtained":["Regret"]},{"damage_healed":0.0,"max_hp_gain":0.0,"max_hp_loss":41.0,"gold_gain":0.0,"event_name":"Ghosts","player_choice":"Became a Ghost","floor":19.0,"gold_loss":0.0,"damage_taken":0.0,"cards_obtained":["Ghostly","Ghostly","Ghostly"]},{"damage_healed":0.0,"max_hp_gain":0.0,"max_hp_loss":0.0,"gold_gain":0.0,"event_name":"Addict","player_choice":"Obtained Relic","floor":21.0,"gold_loss":85.0,"damage_taken":0.0,"relics_obtained":["Magic Flower"]},{"damage_healed":0.0,"max_hp_gain":5.0,"max_hp_loss":0.0,"gold_gain":0.0,"event_name":"Forgotten Altar","player_choice":"Shed Blood","floor":25.0,"gold_loss":0.0,"damage_taken":14.0}],"is_beta":false,"boss_relics":[{"not_picked":["Busted Crown","Orrery"],"picked":"Runic Pyramid"},{"not_picked":["Runic Cube","Eternal Feather"],"picked":"Cursed Key"}],"items_purged_floors":[5,31],"is_endless":false,"potions_floor_spawned":[2,10,12,14,16,20,22,24,36,41,47,48,54],"ascension_level":15}