{"gold_per_floor":[112,112,35,51,15,15,15,15,41,41,74,74,91,107,107,206,206,191,191,222,222],"floor_reached":21,"playtime":1654,"items_purged":[],"score":175,"play_id":"99c23edc-b918-4d96-9241-dc2ebd797444","local_time":"20190811134845","is_ascension_mode":false,"campfire_choices":[{"data":"Infinite Blades","floor":6,"key":"SMITH"},{"floor":10,"key":"REST"},{"data":"Burst","floor":12,"key":"SMITH"},{"floor":15,"key":"REST"}],"neow_cost":"NONE","seed_source_timestamp":21927344612800,"circlet_count":0,"master_deck":["Strike_G","Strike_G","Strike_G","Strike_G","Strike_G","Defend_G","Defend_G","Defend_G+1","Defend_G","Defend_G","Survivor","Neutralize+1","Deadly Poison","Footwork","Deflect","Infinite Blades+1","Burst+1","Deflect","Acrobatics","Die Die Die","Poisoned Stab","Masterful Stab","Distraction","Finisher","Flying Knee","Noxious Fumes","J.A.X.","Dodge and Roll+1"],"relics":["Ring of the Snake","Dodecahedron","Bronze Scales","Question Card","Orrery","Red Mask"],"potions_floor_usage":[11,16,16,16,20,20],"damage_taken":[{"damage":7,"enemies":"2 Louse","floor":1,"turns":4},{"damage":0,"enemies":"Jaw Worm","floor":4,"turns":5},{"damage":18,"enemies":"3 Sentries","floor":11,"turns":7},{"damage":0,"enemies":"Small Slimes","floor":13,"turns":4},{"damage":0,"enemies":"3 Louse","floor":14,"turns":4},{"damage":29,"enemies":"Slime Boss","floor":16,"turns":19},{"damage":1,"enemies":"2 Thieves","floor":18,"turns":4},{"damage":45,"enemies":"Masked Bandits","floor":20,"turns":5},{"damage":24,"enemies":"Spheric Guardian","floor":21,"turns":4}],"seed_played":"-7402425459490088717","potions_obtained":[{"floor":0,"key":"AttackPotion"},{"floor":0,"key":"Block Potion"},{"floor":0,"key":"Strength Potion"},{"floor":11,"key":"Block Potion"},{"floor":16,"key":"SpeedPotion"},{"floor":18,"key":"Explosive Potion"}],"is_trial":false,"path_per_floor":["M","?","$","M","$","R","?","?","T","R","E","R","M","M","R","B",null,"M","?","?","M"],"character_chosen":"THE_SILENT","items_purchased":["Footwork","Infinite Blades"],"campfire_rested":2,"item_purchase_floors":[3,5],"current_hp_per_floor":[63,63,63,63,63,63,56,42,42,63,45,45,45,45,66,37,70,69,69,24,0],"gold":222,"neow_bonus":"THREE_SMALL_POTIONS","is_prod":false,"is_daily":false,"chose_seed":false,"campfire_upgraded":2,"win_rate":0.0,"timestamp":1565502525,"path_taken":["M","?","$","M","$","R","?","?","T","R","E","R","?","M","R","BOSS","M","?","?","?"],"build_version":"2019-07-17","purchased_purges":0,"victory":false,"max_hp_per_floor":[70,70,70,70,70,70,70,70,70,70,70,70,70,70,70,70,70,70,70,70,70],"card_choices":[{"not_picked":["Prepared","Calculated Gamble"],"picked":"Deadly Poison","floor":1},{"not_picked":["Prepared","Catalyst"],"picked":"Deflect","floor":4},{"not_picked":["Riddle With Holes","Underhanded Strike"],"picked":"Burst","floor":11},{"not_picked":["Eviscerate","Backflip","Dagger Spray"],"picked":"Deflect","floor":13},{"not_picked":["Eviscerate","Quick Slash","PiercingWail"],"picked":"Acrobatics","floor":14},{"not_picked":["Glass Knife","After Image","Corpse Explosion"],"picked":"Die Die Die","floor":16},{"not_picked":["PiercingWail","Flying Knee","Bane"],"picked":"Poisoned Stab","floor":17},{"not_picked":["Flying Knee","Predator","Backflip"],"picked":"Masterful Stab","floor":17},{"not_picked":["Bane","Backflip","Eviscerate"],"picked":"Distraction","floor":17},{"not_picked":["Distraction","Predator","Well Laid Plans"],"picked":"Finisher","floor":17},{"not_picked":["Deflect","Quick Slash","Sucker Punch"],"picked":"Flying Knee","floor":17},{"not_picked":["PiercingWail","Dodge and Roll+1","Outmaneuver"],"picked":"Noxious Fumes","floor":18},{"not_picked":["Slice","Infinite Blades","Dagger Spray"],"picked":"Dodge and Roll+1","floor":20}],"player_experience":52830,"relics_obtained":[{"floor":9,"key":"Bronze Scales"},{"floor":11,"key":"Question Card"},{"floor":20,"key":"Red Mask"}],"event_choices":[{"damage_healed":0,"gold_gain":0,"player_choice":"Ignored","damage_taken":0,"max_hp_gain":0,"max_hp_loss":0,"event_name":"Liars Game","floor":2,"gold_loss":0},{"damage_healed":0,"gold_gain":0,"player_choice":"Success","damage_taken":7,"relics_obtained":["Dodecahedron"],"max_hp_gain":0,"max_hp_loss":0,"event_name":"Scrap Ooze","floor":7,"gold_loss":0},{"damage_healed":0,"gold_gain":0,"player_choice":"Entered Light","damage_taken":14,"max_hp_gain":0,"max_hp_loss":0,"event_name":"Shining Light","floor":8,"gold_loss":0,"cards_upgraded":["Defend_G","Neutralize"]},{"damage_healed":0,"gold_gain":0,"player_choice":"Obtain J.A.X.","damage_taken":0,"max_hp_gain":0,"max_hp_loss":0,"event_name":"Drug Dealer","floor":19,"gold_loss":0,"cards_obtained":["J.A.X."]},{"damage_healed":0,"gold_gain":0,"player_choice":"Fought Bandits","damage_taken":0,"max_hp_gain":0,"max_hp_loss":0,"event_name":"Masked Bandits","floor":20,"gold_loss":0}],"is_beta":false,"boss_relics":[{"not_picked":["Velvet Choker","Black Star"],"picked":"Orrery"}],"items_purged_floors":[],"is_endless":false,"potions_floor_spawned":[1,11,13,16,18],"killed_by":"Spheric Guardian","ascension_level":0}