{"gold_per_floor":[112,112,187,187,187,216,23,23,23,23,57,77,106,119,119,196,196,206,206,206,217,417,417,443,443,443,454,55,75,101,124,124,201,201,220,220,220,37,57,92,92,122,122,222,242,273,273,306,306,306,306,306,3,32,32],"floor_reached":56,"playtime":6867,"items_purged":["Regret","Normality","Strike_G+1"],"score":2792,"play_id":"61624548-d9a3-49a6-a1ef-ece00085aa88","local_time":"20190815170237","is_ascension_mode":true,"campfire_choices":[{"data":"Noxious Fumes","floor":8.0,"key":"SMITH"},{"data":"Acrobatics","floor":10.0,"key":"SMITH"},{"data":"Dash","floor":15.0,"key":"SMITH"},{"data":"Wraith Form v2","floor":23.0,"key":"SMITH"},{"data":"Well Laid Plans","floor":25.0,"key":"SMITH"},{"data":"Footwork","floor":32.0,"key":"SMITH"},{"data":"Survivor","floor":41.0,"key":"SMITH"},{"floor":47.0,"key":"RECALL"},{"data":"Corpse Explosion","floor":49.0,"key":"SMITH"},{"data":"Flash of Steel","floor":52.0,"key":"SMITH"}],"neow_cost":"NONE","seed_source_timestamp":1441207305947840,"circlet_count":0,"master_deck":["AscendersBane","Strike_G+1","Defend_G+1","Defend_G+1","Defend_G+1","Defend_G+1","Defend_G+1","Survivor+1","Neutralize+1","Corpse Explosion+1","Noxious Fumes+1","Acrobatics+1","Well Laid Plans+1","Dash+1","Wraith Form v2+1","Leg Sweep+1","Deadly Poison+1","Backflip+1","Footwork+1","Crippling Poison+1","Dodge and Roll+1","Dodge and Roll+1","PiercingWail+1","Calculated Gamble+1","PiercingWail+1","Adrenaline+1","Skewer+1","Calculated Gamble+1","Bane+1","Prepared+1","Finesse+1","Violence+1","Flash of Steel+1","Madness+1","Madness+1","Acrobatics+1","Acrobatics+1","PiercingWail+1","PiercingWail+1","Bouncing Flask+1","Deadly Poison+1","Crippling Poison+1","Crippling Poison+1","Blur+1"],"special_seed":0,"relics":["Ring of the Snake","NeowsBlessing","Gambling Chip","Anchor","Dream Catcher","Meat on the Bone","The Courier","Centennial Puzzle","Cursed Key","Incense Burner","Toxic Egg 2","Omamori","Astrolabe","Snake Skull","Tingsha","Blood Vial","Question Card","Ice Cream","Pantograph","Bottled Lightning","Art of War","Oddly Smooth Stone"],"potions_floor_usage":[55,55],"damage_taken":[{"damage":0.0,"enemies":"Small Slimes","floor":1.0,"turns":1.0},{"damage":0.0,"enemies":"3 Sentries","floor":6.0,"turns":1.0},{"damage":0.0,"enemies":"Gremlin Nob","floor":11.0,"turns":1.0},{"damage":0.0,"enemies":"2 Louse","floor":12.0,"turns":2.0},{"damage":17.0,"enemies":"3 Sentries","floor":13.0,"turns":4.0},{"damage":1.0,"enemies":"Cultist","floor":14.0,"turns":4.0},{"damage":36.0,"enemies":"Slime Boss","floor":16.0,"turns":9.0},{"damage":7.0,"enemies":"3 Byrds","floor":18.0,"turns":3.0},{"damage":1.0,"enemies":"Chosen","floor":21.0,"turns":5.0},{"damage":1.0,"enemies":"Gremlin Leader","floor":24.0,"turns":6.0},{"damage":5.0,"enemies":"Shelled Parasite and Fungi","floor":27.0,"turns":7.0},{"damage":0.0,"enemies":"Centurion and Healer","floor":29.0,"turns":6.0},{"damage":0.0,"enemies":"Slavers","floor":30.0,"turns":2.0},{"damage":4.0,"enemies":"Champ","floor":33.0,"turns":15.0},{"damage":0.0,"enemies":"3 Shapes","floor":35.0,"turns":2.0},{"damage":0.0,"enemies":"3 Darklings","floor":39.0,"turns":3.0},{"damage":0.0,"enemies":"Giant Head","floor":40.0,"turns":8.0},{"damage":0.0,"enemies":"Reptomancer","floor":42.0,"turns":5.0},{"damage":0.0,"enemies":"Mind Bloom Boss Battle","floor":44.0,"turns":5.0},{"damage":0.0,"enemies":"Spire Growth","floor":45.0,"turns":4.0},{"damage":0.0,"enemies":"Nemesis","floor":46.0,"turns":5.0},{"damage":0.0,"enemies":"Giant Head","floor":48.0,"turns":9.0},{"damage":0.0,"enemies":"Time Eater","floor":50.0,"turns":12.0},{"damage":0.0,"enemies":"Shield and Spear","floor":54.0,"turns":4.0},{"damage":56,"enemies":"The Heart","floor":55,"turns":10}],"seed_played":"-5182615468056483344","potions_obtained":[{"floor":1.0,"key":"LiquidBronze"},{"floor":6.0,"key":"FairyPotion"},{"floor":11.0,"key":"GhostInAJar"},{"floor":18.0,"key":"EssenceOfSteel"},{"floor":24.0,"key":"Poison Potion"},{"floor":27.0,"key":"GhostInAJar"},{"floor":30.0,"key":"PowerPotion"},{"floor":33.0,"key":"Regen Potion"},{"floor":44.0,"key":"Swift Potion"},{"floor":46.0,"key":"SkillPotion"}],"is_trial":false,"path_per_floor":["M","?","?","?","?","E","$","R","T","R","E","M","E","M","R","B",null,"M","?","?","M","?","R","E","R","T","M","$","M","E","T","R","B",null,"M","?","?","$","M","E","R","E","T","?","M","E","R","E","R","B",null,"R","$","E","B",null],"character_chosen":"THE_SILENT","items_purchased":["Noxious Fumes","Acrobatics","Deadly Poison+1","Backflip+1","Footwork","Crippling Poison+1","Dodge and Roll+1","Dodge and Roll+1","PiercingWail+1","Snake Skull","Acrobatics+1","Art of War","Block Potion","Crippling Poison+1"],"campfire_rested":0,"item_purchase_floors":[7,7,28,28,28,28,28,28,28,38,38,53,53,53],"current_hp_per_floor":[59,59,48,37,37,37,37,37,37,37,37,37,32,43,43,19,54,47,47,47,46,46,46,45,45,45,40,40,40,40,40,40,36,59,59,49,37,37,37,37,37,52,52,54,56,58,58,60,60,66,66,66,66,66,22],"gold":32,"neow_bonus":"THREE_ENEMY_KILL","is_prod":false,"is_daily":false,"chose_seed":false,"campfire_upgraded":9,"win_rate":0,"timestamp":1565902957,"path_taken":["M","?","?","?","?","E","$","R","T","R","E","M","E","M","R","BOSS","M","?","?","M","?","R","E","R","T","M","$","?","E","?","R","BOSS","M","?","?","$","M","E","R","E","T","?","M","E","R","E","R","BOSS","R","$","E","BOSS"],"build_version":"2019-07-17","purchased_purges":3,"victory":true,"max_hp_per_floor":[66,66,66,66,66,66,66,66,66,66,66,66,66,66,66,66,66,66,66,66,66,66,66,66,66,66,66,66,66,66,66,66,66,66,66,66,66,66,66,66,66,66,66,66,66,66,66,66,66,66,66,66,66,66,66],"card_choices":[{"not_picked":["Expertise","Prepared","Eviscerate"],"picked":"SKIP","floor":1.0},{"not_picked":["Backstab","Riddle With Holes"],"picked":"Corpse Explosion","floor":6.0},{"not_picked":["Masterful Stab","Cloak And Dagger"],"picked":"Well Laid Plans","floor":11.0},{"not_picked":["Bane","Prepared","Underhanded Strike"],"picked":"SKIP","floor":12.0},{"not_picked":["Dodge and Roll","Acrobatics","Deflect"],"picked":"SKIP","floor":13.0},{"not_picked":["Eviscerate","Acrobatics"],"picked":"Dash","floor":14.0},{"not_picked":["Glass Knife","After Image"],"picked":"Wraith Form v2","floor":16.0},{"not_picked":["Sucker Punch","Blade Dance","Dagger Throw"],"picked":"SKIP","floor":18.0},{"not_picked":["Quick Slash","Finisher","Blade Dance"],"picked":"SKIP","floor":21.0},{"not_picked":["Skewer","Heel Hook+1","Storm of Steel"],"picked":"SKIP","floor":24.0},{"not_picked":["Escape Plan+1","Dash"],"picked":"Leg Sweep+1","floor":27.0},{"not_picked":["Infinite Blades","Outmaneuver+1"],"picked":"Calculated Gamble+1","floor":29.0},{"not_picked":["Endless Agony","Dagger Throw"],"picked":"PiercingWail+1","floor":30.0},{"not_picked":["Bullet Time+1","Unload"],"picked":"Adrenaline+1","floor":33.0},{"not_picked":["Flying Knee","Dagger Throw+1"],"picked":"Prepared+1","floor":35.0},{"not_picked":["Enlightenment+1","Trip+1"],"picked":"Finesse+1","floor":36.0},{"not_picked":["Secret Weapon+1","Transmutation+1"],"picked":"Violence+1","floor":36.0},{"not_picked":["Chrysalis+1","Swift Strike"],"picked":"Flash of Steel","floor":36.0},{"not_picked":["Underhanded Strike+1","Calculated Gamble+1"],"picked":"Acrobatics+1","floor":39.0},{"not_picked":["Heel Hook+1","Underhanded Strike","Poisoned Stab"],"picked":"SKIP","floor":40.0},{"not_picked":["Accuracy","Poisoned Stab"],"picked":"PiercingWail+1","floor":42.0},{"not_picked":["Bane","Dodge and Roll+1","Backflip+1"],"picked":"PiercingWail+1","floor":44.0},{"not_picked":["Setup+1","Skewer","Choke+1"],"picked":"Bouncing Flask+1","floor":45.0},{"not_picked":["A Thousand Cuts","Acrobatics+1","Flechettes+1"],"picked":"Deadly Poison+1","floor":46.0},{"not_picked":["Accuracy","Blade Dance+1","Flying Knee"],"picked":"Crippling Poison+1","floor":48.0},{"not_picked":["Endless Agony","Slice","Dagger Spray"],"picked":"Blur+1","floor":54.0}],"player_experience":544268,"relics_obtained":[{"floor":6.0,"key":"Dream Catcher"},{"floor":9.0,"key":"Meat on the Bone"},{"floor":11.0,"key":"The Courier"},{"floor":13.0,"key":"Centennial Puzzle"},{"floor":24.0,"key":"Incense Burner"},{"floor":26.0,"key":"Toxic Egg 2"},{"floor":30.0,"key":"Omamori"},{"floor":40.0,"key":"Tingsha"},{"floor":42.0,"key":"Blood Vial"},{"floor":43.0,"key":"Question Card"},{"floor":44.0,"key":"Ice Cream"},{"floor":46.0,"key":"Pantograph"},{"floor":48.0,"key":"Bottled Lightning"},{"floor":54.0,"key":"Oddly Smooth Stone"}],"event_choices":[{"damage_healed":0.0,"max_hp_gain":0.0,"max_hp_loss":0.0,"gold_gain":0.0,"event_name":"Living Wall","player_choice":"Grow","floor":2.0,"gold_loss":0.0,"damage_taken":0.0,"cards_upgraded":["Neutralize"]},{"damage_healed":0.0,"max_hp_gain":0.0,"max_hp_loss":0.0,"gold_gain":75.0,"event_name":"World of Goop","player_choice":"Gather Gold","floor":3.0,"gold_loss":0.0,"damage_taken":11.0},{"damage_healed":0.0,"max_hp_gain":0.0,"max_hp_loss":0.0,"gold_gain":0.0,"event_name":"Scrap Ooze","player_choice":"Success","floor":4.0,"gold_loss":0.0,"damage_taken":11.0,"relics_obtained":["Gambling Chip"]},{"damage_healed":0.0,"max_hp_gain":0.0,"max_hp_loss":0.0,"gold_gain":0.0,"event_name":"Big Fish","player_choice":"Box","floor":5.0,"gold_loss":0.0,"damage_taken":0.0,"relics_obtained":["Anchor"],"cards_obtained":["Regret"]},{"damage_healed":0.0,"max_hp_gain":0.0,"max_hp_loss":0.0,"gold_gain":0.0,"event_name":"Back to Basics","player_choice":"Simplicity","floor":19.0,"gold_loss":0.0,"damage_taken":0.0,"cards_upgraded":["Strike_G","Strike_G","Strike_G","Strike_G","Strike_G","Defend_G","Defend_G","Defend_G","Defend_G","Defend_G"]},{"damage_healed":0.0,"max_hp_gain":0.0,"max_hp_loss":0.0,"gold_gain":0.0,"cards_transformed":["Strike_G","Strike_G"],"event_name":"Drug Dealer","player_choice":"Became Test Subject","floor":20.0,"gold_loss":0.0,"damage_taken":0.0,"cards_obtained":["Outmaneuver","Riddle With Holes"]},{"damage_healed":0.0,"max_hp_gain":0.0,"max_hp_loss":0.0,"gold_gain":200.0,"event_name":"Wheel of Change","player_choice":"Gold","floor":22.0,"gold_loss":0.0,"damage_taken":0.0},{"damage_healed":0.0,"max_hp_gain":0.0,"max_hp_loss":0.0,"gold_gain":0.0,"event_name":"SensoryStone","player_choice":"Memory 3","floor":36.0,"gold_loss":0.0,"damage_taken":10.0},{"damage_healed":0.0,"max_hp_gain":0.0,"max_hp_loss":0.0,"gold_gain":0.0,"event_name":"Winding Halls","player_choice":"Embrace Madness","floor":37.0,"gold_loss":0.0,"damage_taken":12.0,"cards_obtained":["Madness","Madness"]},{"damage_healed":0.0,"max_hp_gain":0.0,"max_hp_loss":0.0,"gold_gain":0.0,"event_name":"MindBloom","player_choice":"Fight","floor":44.0,"gold_loss":0.0,"damage_taken":0.0}],"is_beta":false,"boss_relics":[{"not_picked":["WristBlade","Fusion Hammer"],"picked":"Cursed Key"},{"not_picked":["Philosopher\u0027s Stone","Runic Pyramid"],"picked":"Astrolabe"}],"items_purged_floors":[7,28,53],"is_endless":false,"potions_floor_spawned":[1,6,11,18,24,27,30,33,35,44,46],"ascension_level":19}