{"gold_per_floor":[118,293,27,102,27,27,62,62,87,87,100,111,111,128,128,232,232,252,252,93,93,33,33,63,63,63,76,76,9,108,108,108,108],"floor_reached":33,"playtime":1671,"items_purged":["Doubt"],"score":257,"play_id":"9517e590-82af-42d3-8e15-ca8a3dfdb2f8","local_time":"20190816085449","is_ascension_mode":false,"campfire_choices":[{"data":"Neutralize","floor":6,"key":"SMITH"},{"data":"Noxious Fumes","floor":15,"key":"SMITH"},{"floor":23,"key":"REST"},{"floor":28,"key":"REST"},{"floor":32,"key":"REST"}],"neow_cost":"NONE","seed_source_timestamp":41242575702300,"circlet_count":0,"master_deck":["Strike_G","Defend_G","Defend_G+1","Defend_G","Defend_G","Defend_G","Survivor","Neutralize+1","Predator+1","Noxious Fumes+1","Sadistic Nature","Acrobatics","Noxious Fumes","Dodge and Roll","PiercingWail","A Thousand Cuts","PiercingWail","Well Laid Plans","Catalyst","Caltrops","Blur+1","Backflip","Setup","Deadly Poison","Infinite Blades","Cloak And Dagger"],"relics":["Ring of the Snake","Dream Catcher","Snake Skull","Empty Cage","Lantern","Orichalcum"],"potions_floor_usage":[16,24,24,33],"damage_taken":[{"damage":0,"enemies":"Small Slimes","floor":1,"turns":4},{"damage":26,"enemies":"3 Sentries","floor":7,"turns":7},{"damage":1,"enemies":"2 Louse","floor":11,"turns":2},{"damage":2,"enemies":"Jaw Worm","floor":12,"turns":4},{"damage":0,"enemies":"Looter","floor":14,"turns":4},{"damage":3,"enemies":"Hexaghost","floor":16,"turns":9},{"damage":9,"enemies":"3 Byrds","floor":18,"turns":4},{"damage":11,"enemies":"2 Thieves","floor":22,"turns":4},{"damage":23,"enemies":"Gremlin Leader","floor":24,"turns":6},{"damage":19,"enemies":"Centurion and Healer","floor":27,"turns":7},{"damage":45,"enemies":"Automaton","floor":33,"turns":6}],"seed_played":"-3388654543129172865","potions_obtained":[{"floor":1,"key":"Ancient Potion"},{"floor":7,"key":"SpeedPotion"},{"floor":14,"key":"Poison Potion"},{"floor":18,"key":"SkillPotion"}],"is_trial":false,"path_per_floor":["M","?","$","?","$","R","E","?","T","?","M","M","?","M","R","B",null,"M","?","$","?","M","R","E","?","T","M","R","$","?","?","R","B"],"character_chosen":"THE_SILENT","items_purchased":["Noxious Fumes","Sadistic Nature","Catalyst","Caltrops","Infinite Blades"],"campfire_rested":3,"item_purchase_floors":[3,3,20,20,29],"current_hp_per_floor":[70,70,70,59,59,59,33,19,19,42,41,39,39,39,39,36,70,61,61,61,48,37,59,36,36,36,17,39,39,39,23,45,0],"gold":108,"neow_bonus":"REMOVE_CARD","is_prod":false,"is_daily":false,"chose_seed":false,"campfire_upgraded":2,"win_rate":0,"timestamp":1565916889,"path_taken":["M","?","$","?","$","R","E","?","T","?","M","?","?","M","R","BOSS","M","?","$","?","M","R","E","?","T","M","R","$","?","?","R","BOSS"],"build_version":"2019-07-17","purchased_purges":1,"victory":false,"max_hp_per_floor":[70,70,70,70,70,70,70,70,70,70,70,70,70,70,70,70,70,70,70,70,75,75,75,75,75,75,75,75,75,75,75,75,75],"card_choices":[{"not_picked":["Setup","Underhanded Strike"],"picked":"Predator","floor":1},{"not_picked":["Sucker Punch","Bane"],"picked":"Acrobatics","floor":7},{"not_picked":["PiercingWail","Blade Dance"],"picked":"Noxious Fumes","floor":11},{"not_picked":["Eviscerate","Tactician"],"picked":"Dodge and Roll","floor":12},{"not_picked":["Underhanded Strike","Predator"],"picked":"PiercingWail","floor":14},{"not_picked":["Tools of the Trade","Wraith Form v2"],"picked":"A Thousand Cuts","floor":16},{"not_picked":["All Out Attack","Prepared"],"picked":"PiercingWail","floor":18},{"not_picked":["PiercingWail","Finisher"],"picked":"Blur+1","floor":22},{"not_picked":["Dagger Spray","Sucker Punch"],"picked":"Backflip","floor":23},{"not_picked":["Dagger Spray+1","Blade Dance"],"picked":"Setup","floor":24},{"not_picked":["Expertise","Endless Agony+1"],"picked":"Deadly Poison","floor":27},{"not_picked":["Setup","PiercingWail"],"picked":"Cloak And Dagger","floor":32}],"player_experience":178040,"relics_obtained":[{"floor":7,"key":"Dream Catcher"},{"floor":9,"key":"Snake Skull"},{"floor":24,"key":"Lantern"},{"floor":26,"key":"Orichalcum"}],"event_choices":[{"damage_healed":0,"gold_gain":175,"player_choice":"AGREE","damage_taken":0,"max_hp_gain":0,"max_hp_loss":0,"event_name":"Liars Game","floor":2,"gold_loss":0,"cards_obtained":["Doubt"]},{"damage_healed":0,"gold_gain":75,"player_choice":"Gather Gold","damage_taken":11,"max_hp_gain":0,"max_hp_loss":0,"event_name":"World of Goop","floor":4,"gold_loss":0},{"damage_healed":0,"gold_gain":0,"player_choice":"Entered Light","damage_taken":14,"max_hp_gain":0,"max_hp_loss":0,"event_name":"Shining Light","floor":8,"gold_loss":0,"cards_upgraded":["Defend_G","Predator"]},{"damage_healed":23,"gold_gain":0,"player_choice":"Banana","damage_taken":0,"max_hp_gain":0,"max_hp_loss":0,"event_name":"Big Fish","floor":10,"gold_loss":0},{"cards_removed":["Strike_G"],"damage_healed":0,"gold_gain":0,"player_choice":"Forget","damage_taken":0,"max_hp_gain":0,"max_hp_loss":0,"event_name":"Living Wall","floor":13,"gold_loss":0},{"damage_healed":0,"gold_gain":0,"player_choice":"Read","damage_taken":0,"max_hp_gain":0,"max_hp_loss":0,"event_name":"The Library","floor":19,"gold_loss":0,"cards_obtained":["Well Laid Plans"]},{"damage_healed":0,"gold_gain":0,"player_choice":"Shed Blood","damage_taken":18,"max_hp_gain":5,"max_hp_loss":0,"event_name":"Forgotten Altar","floor":21,"gold_loss":0},{"damage_healed":0,"gold_gain":0,"player_choice":"Ignored","damage_taken":0,"max_hp_gain":0,"max_hp_loss":0,"event_name":"Ghosts","floor":25,"gold_loss":0},{"damage_healed":0,"gold_gain":99,"player_choice":"Stole From Cult","damage_taken":0,"max_hp_gain":0,"max_hp_loss":0,"event_name":"Nest","floor":30,"gold_loss":0},{"damage_healed":0,"gold_gain":0,"player_choice":"Obtained Book","damage_taken":16,"max_hp_gain":0,"max_hp_loss":0,"event_name":"Cursed Tome","floor":31,"gold_loss":0}],"is_beta":false,"boss_relics":[{"not_picked":["WristBlade","Busted Crown"],"picked":"Empty Cage"}],"items_purged_floors":[5],"is_endless":false,"potions_floor_spawned":[1,7,14,18],"killed_by":"Automaton","ascension_level":0}