{"gold_per_floor":[117,117,117,134,134,134,148,148,171,171,205,77,111,111,111,211,211,221,221],"floor_reached":19,"playtime":1185,"items_purged":["Regret"],"score":173,"play_id":"510fbc3a-aecf-43ea-9b63-7dc71f5bf6f1","local_time":"20190810153642","is_ascension_mode":false,"campfire_choices":[{"data":"Twin Strike","floor":6,"key":"SMITH"},{"data":"Twin Strike","floor":8,"key":"SMITH"},{"data":"Entrench","floor":15,"key":"SMITH"}],"neow_cost":"NONE","seed_source_timestamp":169219855100,"circlet_count":0,"master_deck":["Strike_R","Strike_R","Strike_R","Defend_R","Defend_R","Defend_R","Defend_R","Bash","Twin Strike+1","Twin Strike+1","Shrug It Off","Entrench+1","Pommel Strike","Fiend Fire"],"relics":["Burning Blood","Pen Nib","Ornamental Fan","Juzu Bracelet","Torii","Magic Flower","Shovel","Runic Cube"],"potions_floor_usage":[16,16,16],"damage_taken":[{"damage":11,"enemies":"Jaw Worm","floor":1,"turns":5},{"damage":5,"enemies":"Small Slimes","floor":4,"turns":3},{"damage":4,"enemies":"2 Louse","floor":7,"turns":4},{"damage":17,"enemies":"3 Sentries","floor":11,"turns":7},{"damage":23,"enemies":"Gremlin Nob","floor":13,"turns":5},{"damage":30,"enemies":"Slime Boss","floor":16,"turns":9},{"damage":14,"enemies":"2 Thieves","floor":18,"turns":4},{"damage":80,"enemies":"Masked Bandits","floor":19,"turns":6}],"seed_played":"3708301355758481813","potions_obtained":[{"floor":1,"key":"PowerPotion"},{"floor":4,"key":"Block Potion"},{"floor":13,"key":"LiquidBronze"}],"is_trial":false,"path_per_floor":["M","?","?","M","?","R","M","R","T","?","E","$","E","?","R","B",null,"M","?"],"character_chosen":"IRONCLAD","items_purchased":["Pommel Strike"],"campfire_rested":0,"item_purchase_floors":[12],"current_hp_per_floor":[75,75,75,76,69,69,71,71,71,71,60,60,46,46,46,25,80,75,0],"gold":221,"neow_bonus":"RANDOM_COMMON_RELIC","is_prod":false,"is_daily":false,"chose_seed":false,"campfire_upgraded":3,"win_rate":0.0,"timestamp":1565422602,"path_taken":["M","?","?","M","?","R","M","R","T","?","E","$","E","?","R","BOSS","M","?"],"build_version":"2019-07-17","purchased_purges":1,"victory":false,"max_hp_per_floor":[80,80,80,80,80,80,80,80,80,80,80,80,80,80,80,80,80,80,80],"card_choices":[{"not_picked":["Disarm","Clothesline"],"picked":"Twin Strike","floor":1},{"not_picked":["Perfected Strike","Clash"],"picked":"Twin Strike","floor":4},{"not_picked":["Twin Strike","Hemokinesis"],"picked":"Shrug It Off","floor":7},{"not_picked":["Perfected Strike","Disarm"],"picked":"Entrench","floor":11},{"not_picked":["Corruption","Disarm","Second Wind"],"picked":"SKIP","floor":13},{"not_picked":["Feed","Offering"],"picked":"Fiend Fire","floor":16},{"not_picked":["Burning Pact","Fire Breathing","Sword Boomerang"],"picked":"SKIP","floor":18}],"player_experience":23372,"relics_obtained":[{"floor":9,"key":"Juzu Bracelet"},{"floor":10,"key":"Torii"},{"floor":11,"key":"Magic Flower"},{"floor":13,"key":"Shovel"}],"event_choices":[{"damage_healed":0,"gold_gain":0,"player_choice":"Ignored","damage_taken":0,"max_hp_gain":0,"max_hp_loss":0,"event_name":"Liars Game","floor":2,"gold_loss":0},{"damage_healed":0,"gold_gain":0,"player_choice":"Box","damage_taken":0,"relics_obtained":["Ornamental Fan"],"max_hp_gain":0,"max_hp_loss":0,"event_name":"Big Fish","floor":3,"gold_loss":0,"cards_obtained":["Regret"]},{"cards_removed":["Strike_R"],"damage_healed":0,"gold_gain":0,"player_choice":"Card Removal","damage_taken":7,"max_hp_gain":0,"max_hp_loss":0,"event_name":"Golden Wing","floor":5,"gold_loss":0},{"damage_healed":0,"gold_gain":0,"player_choice":"Relic","damage_taken":0,"max_hp_gain":0,"max_hp_loss":0,"event_name":"Wheel of Change","floor":10,"gold_loss":0},{"cards_removed":["Strike_R"],"damage_healed":0,"gold_gain":0,"player_choice":"Purged","damage_taken":0,"max_hp_gain":0,"max_hp_loss":0,"event_name":"Purifier","floor":14,"gold_loss":0},{"damage_healed":0,"gold_gain":0,"player_choice":"Fought Bandits","damage_taken":0,"max_hp_gain":0,"max_hp_loss":0,"event_name":"Masked Bandits","floor":19,"gold_loss":0}],"is_beta":false,"boss_relics":[{"not_picked":["Ectoplasm","Sozu"],"picked":"Runic Cube"}],"items_purged_floors":[12],"is_endless":false,"potions_floor_spawned":[1,4,13],"killed_by":"Masked Bandits","ascension_level":0}