{"gold_per_floor":[109,34,51,51,51,51,78,96,96,96,21,34,34,61,61,61],"floor_reached":16,"playtime":520,"items_purged":["Defend_R"],"score":211,"play_id":"0a75cc11-dc72-4c77-ab8a-ff0f040a516d","local_time":"20190501232624","is_ascension_mode":true,"campfire_choices":[{"data":"Bash","floor":6,"key":"SMITH"},{"floor":10,"key":"REST"},{"data":"Fiend Fire","floor":13,"key":"SMITH"},{"floor":15,"key":"REST"}],"neow_cost":"NONE","seed_source_timestamp":80268207741947,"circlet_count":0,"master_deck":["AscendersBane","Strike_R","Strike_R","Strike_R","Defend_R","Defend_R","Bash+1","Fiend Fire+1","Battle Trance","Burning Pact","Ghostly Armor"],"relics":["Burning Blood","Darkstone Periapt","Vajra","Pear"],"potions_floor_usage":[14,16],"damage_taken":[{"damage":1,"enemies":"2 Louse","floor":1,"turns":3},{"damage":7,"enemies":"Jaw Worm","floor":3,"turns":3},{"damage":40,"enemies":"Lagavulin","floor":7,"turns":4},{"damage":0,"enemies":"Small Slimes","floor":8,"turns":2},{"damage":1,"enemies":"Looter","floor":12,"turns":2},{"damage":60,"enemies":"3 Sentries","floor":14,"turns":10},{"damage":79,"enemies":"Hexaghost","floor":16,"turns":7}],"seed_played":"8461785459801534115","potions_obtained":[{"floor":7,"key":"Regen Potion"},{"floor":14,"key":"Regen Potion"}],"is_trial":false,"path_per_floor":["M","?","M","?","?","R","E","M","T","R","$","M","R","E","R","B"],"character_chosen":"IRONCLAD","items_purchased":[],"campfire_rested":2,"item_purchase_floors":[],"current_hp_per_floor":[73,73,72,72,65,65,31,37,37,59,59,64,64,35,60,0],"gold":61,"neow_bonus":"ONE_RANDOM_RARE_CARD","is_prod":false,"is_daily":false,"chose_seed":false,"campfire_upgraded":2,"win_rate":0,"timestamp":1556778384,"path_taken":["M","?","M","?","?","R","E","M","T","R","$","M","R","E","R","BOSS"],"build_version":"2019-01-23","purchased_purges":1,"victory":false,"max_hp_per_floor":[75,75,75,75,75,75,75,75,75,75,75,75,75,85,85,85],"card_choices":[{"not_picked":["Iron Wave","Body Slam"],"picked":"Battle Trance","floor":1},{"not_picked":["Clothesline","Headbutt"],"picked":"Burning Pact","floor":3},{"not_picked":["Perfected Strike","Twin Strike","Blood for Blood"],"picked":"SKIP","floor":7},{"not_picked":["Perfected Strike","Havoc"],"picked":"Ghostly Armor","floor":8},{"not_picked":["Pommel Strike","Headbutt","Armaments"],"picked":"SKIP","floor":12},{"not_picked":["Hemokinesis","Iron Wave","Fire Breathing"],"picked":"SKIP","floor":14}],"player_experience":1320390,"relics_obtained":[{"floor":7,"key":"Darkstone Periapt"},{"floor":9,"key":"Vajra"},{"floor":14,"key":"Pear"}],"event_choices":[{"cards_removed":["Strike_R"],"damage_healed":0,"gold_gain":0,"player_choice":"Card Removal","damage_taken":0,"max_hp_gain":0,"max_hp_loss":0,"event_name":"The Cleric","floor":2,"gold_loss":75},{"cards_removed":["Defend_R"],"damage_healed":0,"gold_gain":0,"player_choice":"Forget","damage_taken":0,"max_hp_gain":0,"max_hp_loss":0,"event_name":"Living Wall","floor":4,"gold_loss":0},{"cards_removed":["Strike_R"],"damage_healed":0,"gold_gain":0,"player_choice":"Card Removal","damage_taken":7,"max_hp_gain":0,"max_hp_loss":0,"event_name":"Golden Wing","floor":5,"gold_loss":0}],"is_beta":false,"boss_relics":[],"items_purged_floors":[11],"is_endless":false,"potions_floor_spawned":[7,14],"killed_by":"Hexaghost","ascension_level":19}