{"gold_per_floor":[112,112,34,50,60,60,85,85,85,85,95,128,8,20,20,99,99,110,129,143,143,43,43,43,71,71,71,71,71,43,63,63,139,139,159,1158,1174,1174,345,373,673,684,710,710,725,725,1,19,19,19],"floor_reached":51,"playtime":3316,"items_purged":["Strike_G","Defend_G","Normality","Normality"],"score":1177,"play_id":"bf94ac4b-7cc7-42c6-935c-186ea78f56db","local_time":"20190426201120","is_ascension_mode":true,"campfire_choices":[{"data":"Cloak And Dagger","floor":6,"key":"SMITH"},{"floor":15,"key":"REST"},{"floor":23,"key":"REST"},{"floor":27,"key":"REST"},{"floor":32,"key":"REST"},{"floor":44,"key":"REST"},{"floor":46,"key":"REST"},{"floor":49,"key":"REST"}],"neow_cost":"NONE","seed_source_timestamp":1178883106409103,"circlet_count":0,"master_deck":["AscendersBane","Defend_G","Defend_G","Defend_G","Strike_G","Strike_G","Strike_G+1","Survivor+1","Neutralize","Cloak And Dagger+1","Accuracy","Slice+1","Blade Dance","Well Laid Plans","Blade Dance","After Image","Adrenaline","PiercingWail","Cloak And Dagger+1","Cloak And Dagger","Shame","Terror","Backflip","Tools of the Trade","Infinite Blades","Writhe","Infinite Blades","Infinite Blades","Violence","Acrobatics","Backstab+1","PiercingWail","Slice+1","Well Laid Plans","Blade Dance"],"relics":["Lizard Tail","Bottled Tornado","Darkstone Periapt","Molten Egg 2","Mercury Hourglass","Philosopher\u0027s Stone","The Courier","Sundial","War Paint","WristBlade","Whetstone","Unceasing Top","Ancient Tea Set","Anchor","Ornamental Fan","Oddly Smooth Stone","Mummified Hand"],"potions_floor_usage":[11,12,12,16,33,42,45],"damage_taken":[{"damage":1,"enemies":"Small Slimes","floor":1,"turns":4},{"damage":7,"enemies":"Jaw Worm","floor":4,"turns":5},{"damage":1,"enemies":"2 Louse","floor":5,"turns":3},{"damage":29,"enemies":"Lagavulin","floor":7,"turns":9},{"damage":0,"enemies":"Looter","floor":11,"turns":3},{"damage":12,"enemies":"Gremlin Nob","floor":12,"turns":3},{"damage":3,"enemies":"Blue Slaver","floor":14,"turns":3},{"damage":22,"enemies":"The Guardian","floor":16,"turns":14},{"damage":10,"enemies":"2 Thieves","floor":18,"turns":4},{"damage":3,"enemies":"Shell Parasite","floor":19,"turns":5},{"damage":19,"enemies":"Snake Plant","floor":20,"turns":6},{"damage":9,"enemies":"Colosseum Slavers","floor":21,"turns":5},{"damage":30,"enemies":"Gremlin Leader","floor":25,"turns":11},{"damage":16,"enemies":"Sentry and Sphere","floor":31,"turns":5},{"damage":27,"enemies":"Automaton","floor":33,"turns":12},{"damage":10,"enemies":"3 Darklings","floor":35,"turns":6},{"damage":14,"enemies":"Orb Walker","floor":37,"turns":4},{"damage":79,"enemies":"Nemesis","floor":40,"turns":7},{"damage":20,"enemies":"3 Darklings","floor":42,"turns":5},{"damage":39,"enemies":"Spire Growth","floor":45,"turns":4},{"damage":3,"enemies":"Maw","floor":48,"turns":6},{"damage":58,"enemies":"Awakened One","floor":50,"turns":11}],"seed_played":"4795837430111315104","potions_obtained":[{"floor":1,"key":"LiquidBronze"},{"floor":5,"key":"Explosive Potion"},{"floor":7,"key":"AttackPotion"},{"floor":11,"key":"Strength Potion"},{"floor":12,"key":"AttackPotion"},{"floor":19,"key":"Ancient Potion"},{"floor":25,"key":"GhostInAJar"},{"floor":33,"key":"Ancient Potion"},{"floor":40,"key":"GhostInAJar"},{"floor":42,"key":"Swift Potion"}],"is_trial":false,"path_per_floor":["M","?","$","M","M","R","E","T","T","?","M","E","$","M","R","B",null,"M","M","M","?","$","R","?","E","T","R","?","$","$","M","R","B",null,"M","?","M","?","$","E","?","M","T","R","M","R","$","M","R","B",null],"character_chosen":"THE_SILENT","items_purchased":["Accuracy","Blade Dance","Terror","Whetstone","Unceasing Top","Infinite Blades","Infinite Blades","Violence","Acrobatics","Backstab+1","Ornamental Fan","Slice+1","Well Laid Plans","Oddly Smooth Stone","Mummified Hand"],"campfire_rested":7,"item_purchase_floors":[3,13,30,39,39,39,39,39,39,39,47,47,47,47,47],"current_hp_per_floor":[62,55,55,48,47,47,18,18,18,18,18,6,6,3,24,2,53,43,40,21,12,12,33,33,3,3,24,30,30,30,14,36,9,59,49,61,47,75,75,47,47,27,27,55,16,44,44,41,69,11],"gold":19,"neow_bonus":"BOSS_RELIC","is_prod":false,"is_daily":false,"chose_seed":false,"campfire_upgraded":1,"win_rate":0,"timestamp":1556334680,"path_taken":["M","?","$","M","M","R","E","?","T","?","?","E","$","M","R","BOSS","M","M","M","?","$","R","?","E","T","R","?","?","$","M","R","BOSS","M","?","M","?","$","E","?","M","T","R","M","R","$","M","R","BOSS"],"build_version":"2019-01-23","purchased_purges":4,"victory":true,"max_hp_per_floor":[70,70,70,70,70,70,70,70,70,70,70,70,70,70,70,70,70,70,70,70,70,70,70,70,70,70,70,76,76,76,76,76,76,76,76,88,88,94,94,94,94,94,94,94,94,94,94,94,94,94],"card_choices":[{"not_picked":["Heel Hook","Skewer"],"picked":"Cloak And Dagger","floor":1},{"not_picked":["Dodge and Roll","Eviscerate","Setup"],"picked":"SKIP","floor":4},{"not_picked":["Bouncing Flask","Reflex"],"picked":"Slice","floor":5},{"not_picked":["Escape Plan","Flying Knee"],"picked":"Blade Dance","floor":7},{"not_picked":["Riddle With Holes+1","Prepared"],"picked":"Well Laid Plans","floor":11},{"not_picked":["Crippling Poison","Underhanded Strike+1","Dodge and Roll"],"picked":"SKIP","floor":12},{"not_picked":["Bane+1","Footwork"],"picked":"After Image","floor":14},{"not_picked":["Burst","A Thousand Cuts"],"picked":"Adrenaline","floor":16},{"not_picked":["Riddle With Holes+1","Finisher+1"],"picked":"PiercingWail","floor":18},{"not_picked":["Bane+1","Footwork"],"picked":"Cloak And Dagger","floor":19},{"not_picked":["Dodge and Roll","Dagger Spray+1"],"picked":"Cloak And Dagger","floor":20},{"not_picked":["Reflex","Poisoned Stab+1","Slice+1"],"picked":"SKIP","floor":25},{"not_picked":["Flechettes+1","Deflect"],"picked":"Backflip","floor":31},{"not_picked":["Night Terror","Unload+1"],"picked":"Tools of the Trade","floor":33},{"not_picked":["Footwork","Outmaneuver+1"],"picked":"Infinite Blades","floor":35},{"not_picked":["Calculated Gamble","Deadly Poison","Concentrate"],"picked":"SKIP","floor":37},{"not_picked":["Reflex","Catalyst","Bane+1"],"picked":"SKIP","floor":40},{"not_picked":["Acrobatics","Poisoned Stab+1","Dodge and Roll"],"picked":"SKIP","floor":42},{"not_picked":["Tactician","Terror"],"picked":"PiercingWail","floor":45},{"not_picked":["Dagger Spray+1","Dash+1"],"picked":"Blade Dance","floor":48}],"player_experience":1306662,"relics_obtained":[{"floor":7,"key":"Bottled Tornado"},{"floor":8,"key":"Darkstone Periapt"},{"floor":9,"key":"Molten Egg 2"},{"floor":12,"key":"Mercury Hourglass"},{"floor":25,"key":"The Courier"},{"floor":26,"key":"Sundial"},{"floor":40,"key":"Ancient Tea Set"},{"floor":43,"key":"Anchor"}],"event_choices":[{"cards_removed":["Defend_G"],"damage_healed":0,"gold_gain":0,"player_choice":"Card Removal","damage_taken":7,"max_hp_gain":0,"max_hp_loss":0,"event_name":"Golden Wing","floor":2,"gold_loss":0},{"cards_removed":["Strike_G"],"damage_healed":0,"gold_gain":0,"player_choice":"Forget","damage_taken":0,"max_hp_gain":0,"max_hp_loss":0,"event_name":"Living Wall","floor":10,"gold_loss":0},{"damage_healed":0,"gold_gain":0,"player_choice":"Fight","damage_taken":0,"max_hp_gain":0,"max_hp_loss":0,"event_name":"Colosseum","floor":21,"gold_loss":0},{"damage_healed":0,"gold_gain":0,"player_choice":"Fled From Nobs","damage_taken":0,"max_hp_gain":0,"max_hp_loss":0,"event_name":"Colosseum","floor":21,"gold_loss":0},{"damage_healed":0,"gold_gain":0,"player_choice":"Ignored","damage_taken":0,"max_hp_gain":0,"max_hp_loss":0,"event_name":"Beggar","floor":24,"gold_loss":0},{"damage_healed":0,"gold_gain":0,"player_choice":"Stole Relic","damage_taken":0,"relics_obtained":["War Paint"],"max_hp_gain":0,"max_hp_loss":0,"event_name":"Addict","floor":28,"gold_loss":0,"cards_obtained":["Shame"]},{"damage_healed":0,"gold_gain":999,"player_choice":"Gold","damage_taken":0,"max_hp_gain":0,"max_hp_loss":0,"event_name":"MindBloom","floor":36,"gold_loss":0,"cards_obtained":["Normality","Normality"]},{"damage_healed":22,"gold_gain":0,"player_choice":"Writhe","damage_taken":0,"max_hp_gain":0,"max_hp_loss":0,"event_name":"Winding Halls","floor":38,"gold_loss":0,"cards_obtained":["Writhe"]},{"damage_healed":0,"gold_gain":300,"player_choice":"Gold","damage_taken":0,"max_hp_gain":0,"max_hp_loss":0,"event_name":"Wheel of Change","floor":41,"gold_loss":0}],"is_beta":false,"boss_relics":[{"not_picked":["White Beast Statue","Velvet Choker"],"picked":"Philosopher\u0027s Stone"},{"not_picked":["Black Star","Runic Pyramid"],"picked":"WristBlade"}],"items_purged_floors":[13,22,39,47],"is_endless":false,"potions_floor_spawned":[1,5,7,11,12,19,21,25,33,40,42],"ascension_level":13}