{"gold_per_floor":[118,43,43,58,58,58,92,92,92,130,151,167,167,191,191,310,310,330,351,89,105,123,123,162,190,272,322,334,414,440,475,487,627,639,670,708,735,761,30,30],"floor_reached":40,"playtime":10144,"items_purged":["Strike_R","Injury","Writhe"],"score":696,"play_id":"d2ebb423-e0c1-418b-a9d8-1a99d89c5fd0","local_time":"20180820112843","is_ascension_mode":true,"campfire_choices":[{"data":"Bash","floor":6.0,"key":"SMITH"},{"floor":8.0,"key":"REST"},{"data":"Evolve","floor":13.0,"key":"SMITH"},{"data":"Pommel Strike","floor":15.0,"key":"SMITH"},{"data":"Apotheosis","floor":23.0,"key":"SMITH"},{"data":"Evolve","floor":28.0,"key":"SMITH"},{"data":"Wild Strike","floor":32.0,"key":"SMITH"}],"neow_cost":"PERCENT_DAMAGE","seed_source_timestamp":0,"circlet_count":0,"master_deck":["Strike_R+1","Strike_R","Strike_R+1","Defend_R","Defend_R+1","Bash+1","Evolve+1","Power Through+1","Pommel Strike+1","Wild Strike+1","Feed","Evolve","Evolve+1","Apotheosis+1","True Grit","Second Wind","Reckless Charge","Dark Embrace","Decay","Regret","True Grit+1","Sever Soul","Barricade"],"special_seed":0,"relics":["Burning Blood","Golden Idol","Magic Flower","Smiling Mask","Meat on the Bone","Velvet Choker","MawBank","The Courier","Whetstone","Tiny Chest","Calling Bell","Pantograph","Bird Faced Urn","War Paint","Strawberry","Red Skull","Lantern","Anchor","Oddly Smooth Stone"],"potions_floor_usage":[33],"damage_taken":[{"damage":4.0,"enemies":"Small Slimes","floor":1.0,"turns":4.0},{"damage":7.0,"enemies":"2 Louse","floor":4.0,"turns":3.0},{"damage":32.0,"enemies":"Gremlin Nob","floor":7.0,"turns":4.0},{"damage":28.0,"enemies":"Lagavulin","floor":10.0,"turns":9.0},{"damage":7.0,"enemies":"Jaw Worm","floor":11.0,"turns":3.0},{"damage":11.0,"enemies":"3 Louse","floor":12.0,"turns":6.0},{"damage":0.0,"enemies":"2 Fungi Beasts","floor":14.0,"turns":3.0},{"damage":66.0,"enemies":"Hexaghost","floor":16.0,"turns":10.0},{"damage":16.0,"enemies":"Shell Parasite","floor":18.0,"turns":6.0},{"damage":25.0,"enemies":"Spheric Guardian","floor":19.0,"turns":5.0},{"damage":33.0,"enemies":"Snake Plant","floor":21.0,"turns":5.0},{"damage":31.0,"enemies":"Centurion and Healer","floor":22.0,"turns":6.0},{"damage":36.0,"enemies":"Slavers","floor":24.0,"turns":5.0},{"damage":13.0,"enemies":"Chosen and Byrds","floor":25.0,"turns":5.0},{"damage":32.0,"enemies":"Book of Stabbing","floor":27.0,"turns":7.0},{"damage":33.0,"enemies":"Slavers","floor":29.0,"turns":6.0},{"damage":34.0,"enemies":"Snecko","floor":30.0,"turns":7.0},{"damage":18.0,"enemies":"Sentry and Sphere","floor":31.0,"turns":6.0},{"damage":55,"enemies":"Collector","floor":33,"turns":15},{"damage":19,"enemies":"Flame Bruiser 1 Orb","floor":35,"turns":11},{"damage":44,"enemies":"3 Shapes","floor":37,"turns":6},{"damage":95,"enemies":"Transient","floor":38,"turns":5},{"damage":87,"enemies":"2 Orb Walkers","floor":40,"turns":7}],"seed_played":"-3604134754245159810","potions_obtained":[{"floor":1.0,"key":"Fire Potion"},{"floor":12.0,"key":"LiquidBronze"},{"floor":19.0,"key":"Explosive Potion"},{"floor":22.0,"key":"SkillPotion"},{"floor":24.0,"key":"Dexterity Potion"},{"floor":27.0,"key":"FairyPotion"},{"floor":29.0,"key":"Fire Potion"},{"floor":33,"key":"Swift Potion"},{"floor":35,"key":"SkillPotion"}],"is_trial":false,"path_per_floor":["M","$","?","M","?","R","E","R","T","E","M","M","R","M","R","B",null,"M","M","$","M","M","R","E","M","T","E","R","E","M","M","R","B",null,"M","T","M","M","$"],"character_chosen":"IRONCLAD","items_purchased":["Apotheosis","Red Skull","Sever Soul","Barricade","Lantern","Anchor","Oddly Smooth Stone"],"campfire_rested":1,"item_purchase_floors":[20,39,39,39,39,39,39],"current_hp_per_floor":[53,53,53,52,52,52,26,50,50,31,51,67,67,76,76,37,69,67,56,56,56,57,57,54,74,74,75,75,75,74,71,71,49,103,111,118,95,33,33,0],"gold":30,"neow_bonus":"REMOVE_TWO","is_prod":false,"is_daily":false,"chose_seed":false,"campfire_upgraded":6,"win_rate":0,"timestamp":1534789723,"path_taken":["M","$","?","M","?","R","E","R","T","E","M","M","R","M","R","BOSS","M","M","$","M","M","R","E","M","T","E","R","E","M","M","R","BOSS","M","?","M","M","$","E"],"build_version":"2018-08-16","purchased_purges":3,"victory":false,"max_hp_per_floor":[80,80,80,80,80,80,80,80,80,80,80,80,80,80,80,80,80,83,86,86,90,93,93,97,101,101,105,105,109,113,117,117,121,121,125,132,136,136,136,139],"card_choices":[{"not_picked":["Warcry","Havoc"],"picked":"Evolve","floor":1.0},{"not_picked":["Headbutt","Battle Trance","Clothesline"],"picked":"SKIP","floor":4.0},{"not_picked":["Combust","Thunderclap"],"picked":"Power Through","floor":7.0},{"not_picked":["Havoc","Pummel","Heavy Blade"],"picked":"SKIP","floor":10.0},{"not_picked":["Body Slam","Pommel Strike","Infernal Blade"],"picked":"SKIP","floor":11.0},{"not_picked":["Body Slam","Infernal Blade"],"picked":"Pommel Strike","floor":11.0},{"not_picked":["Anger","Shrug It Off"],"picked":"Wild Strike","floor":12.0},{"not_picked":["Pommel Strike","Clash","Shrug It Off"],"picked":"SKIP","floor":14.0},{"not_picked":["Reaper","Double Tap"],"picked":"Feed","floor":16.0},{"not_picked":["Flex","Warcry"],"picked":"Evolve","floor":18.0},{"not_picked":["Thunderclap","Entrench"],"picked":"Evolve","floor":19.0},{"not_picked":["Iron Wave","Havoc+1"],"picked":"True Grit","floor":21.0},{"not_picked":["Entrench+1","Clothesline"],"picked":"Second Wind","floor":22.0},{"not_picked":["Whirlwind","Rupture"],"picked":"Reckless Charge","floor":24.0},{"not_picked":["Flex+1","Shrug It Off","Anger"],"picked":"SKIP","floor":25.0},{"not_picked":["Intimidate+1","Spot Weakness","Limit Break"],"picked":"SKIP","floor":27.0},{"not_picked":["Sword Boomerang","Evolve","Infernal Blade+1"],"picked":"SKIP","floor":29.0},{"not_picked":["Shrug It Off","Pommel Strike","Body Slam+1"],"picked":"SKIP","floor":30.0},{"not_picked":["Headbutt","Iron Wave","Whirlwind+1"],"picked":"SKIP","floor":31.0},{"not_picked":["Offering","Juggernaut"],"picked":"Dark Embrace","floor":33},{"not_picked":["Body Slam","Shrug It Off","Flex"],"picked":"SKIP","floor":35},{"not_picked":["Cleave","Warcry"],"picked":"True Grit+1","floor":37},{"not_picked":["Flex+1","Flame Barrier","Clothesline+1"],"picked":"SKIP","floor":38}],"player_experience":691458,"relics_obtained":[{"floor":7.0,"key":"Magic Flower"},{"floor":9.0,"key":"Smiling Mask"},{"floor":10.0,"key":"Meat on the Bone"},{"floor":24.0,"key":"MawBank"},{"floor":26.0,"key":"The Courier"},{"floor":27.0,"key":"Whetstone"},{"floor":29.0,"key":"Tiny Chest"},{"floor":34,"key":"Pantograph"},{"floor":34,"key":"Bird Faced Urn"},{"floor":34,"key":"War Paint"},{"floor":36,"key":"Strawberry"}],"event_choices":[{"event_name":"Living Wall","player_choice":"Forget","floor":3.0,"damage_taken":0.0},{"event_name":"Golden Idol","player_choice":"Take Wound","floor":5.0,"damage_taken":0.0}],"is_beta":false,"boss_relics":[{"not_picked":["Ectoplasm","Lizard Tail"],"picked":"Velvet Choker"},{"not_picked":["Runic Dome","Sozu"],"picked":"Calling Bell"}],"items_purged_floors":[2,20,39],"is_endless":false,"potions_floor_spawned":[1,12,19,22,24,27,29,33,35,37],"killed_by":"2 Orb Walkers","ascension_level":7}