{"gold_per_floor":[113,63,63,81,81,81,112,15,70,104,137,137,153,169,169,297,297,322,313,313,273,287,287],"floor_reached":23,"playtime":2121,"items_purged":[],"score":224,"play_id":"d3606081-24a5-4b5e-b8cd-a80388dab4de","local_time":"20190814100853","is_ascension_mode":false,"campfire_choices":[{"data":"Dualcast","floor":6,"key":"SMITH"},{"data":"Creative AI","floor":12,"key":"SMITH"},{"data":"Coolheaded","floor":15,"key":"SMITH"}],"neow_cost":"NONE","seed_source_timestamp":260935398543000,"circlet_count":0,"master_deck":["Strike_B","Strike_B","Defend_B+1","Defend_B","Defend_B","Defend_B","Zap","Dualcast+1","Rebound","Conserve Battery","Cold Snap","FTL+1","Coolheaded+1","Storm","Creative AI+1","Turbo","Glacier","Leap","Biased Cognition","Aggregate","Beam Cell","Gash","Sunder+1"],"relics":["Cracked Core","NeowsBlessing","Golden Idol","WingedGreaves","Happy Flower","Boot","Odd Mushroom","Nuclear Battery"],"potions_floor_usage":[11,16,22,23],"damage_taken":[{"damage":0,"enemies":"Jaw Worm","floor":1,"turns":1},{"damage":0,"enemies":"2 Louse","floor":4,"turns":1},{"damage":0,"enemies":"3 Sentries","floor":7,"turns":1},{"damage":14,"enemies":"Gremlin Nob","floor":10,"turns":4},{"damage":19,"enemies":"The Mushroom Lair","floor":11,"turns":4},{"damage":0,"enemies":"Small Slimes","floor":13,"turns":3},{"damage":0,"enemies":"Blue Slaver","floor":14,"turns":4},{"damage":9,"enemies":"The Guardian","floor":16,"turns":15},{"damage":0,"enemies":"Spheric Guardian","floor":18,"turns":4},{"damage":9,"enemies":"2 Thieves","floor":19,"turns":4},{"damage":6,"enemies":"Cultist and Chosen","floor":22,"turns":7},{"damage":68,"enemies":"Gremlin Leader","floor":23,"turns":7}],"seed_played":"4104227287210993809","potions_obtained":[{"floor":4,"key":"PowerPotion"},{"floor":13,"key":"GamblersBrew"},{"floor":14,"key":"EssenceOfSteel"},{"floor":16,"key":"Strength Potion"},{"floor":19,"key":"FearPotion"}],"is_trial":false,"path_per_floor":["M","?","?","M","?","R","E","$","T","E","?","R","M","M","R","B",null,"M","M","?","?","M","E"],"character_chosen":"DEFECT","items_purchased":["Coolheaded","Storm"],"campfire_rested":0,"item_purchase_floors":[8,8],"current_hp_per_floor":[75,75,75,75,57,57,57,57,57,43,24,24,24,24,24,15,75,75,66,66,66,60,0],"gold":287,"neow_bonus":"THREE_ENEMY_KILL","is_prod":false,"is_daily":false,"chose_seed":false,"campfire_upgraded":3,"win_rate":0.0,"timestamp":1565748533,"path_taken":["M","?","?","M","?","R","E","$","T","E","?","R","?","M","R","BOSS","M","M","?","?","?","E"],"build_version":"2019-07-17","purchased_purges":0,"victory":false,"max_hp_per_floor":[75,75,75,75,75,75,75,75,75,75,75,75,75,75,75,75,75,75,75,75,75,75,75],"card_choices":[{"not_picked":["Barrage","Scrape"],"picked":"Rebound","floor":1},{"not_picked":["Beam Cell","Steam Power"],"picked":"Cold Snap","floor":4},{"not_picked":["Seek","Compile Driver"],"picked":"FTL","floor":7},{"not_picked":["Storm","FTL"],"picked":"Creative AI","floor":10},{"not_picked":["Go for the Eyes","Hologram"],"picked":"Turbo","floor":11},{"not_picked":["Melter","Lockon"],"picked":"Glacier","floor":13},{"not_picked":["FTL","Doom and Gloom"],"picked":"Leap","floor":14},{"not_picked":["Hyperbeam","Fission"],"picked":"Biased Cognition","floor":16},{"not_picked":["Coolheaded+1","Capacitor"],"picked":"Aggregate","floor":18},{"not_picked":["Ball Lightning","Aggregate"],"picked":"Beam Cell","floor":19},{"not_picked":["Capacitor+1","Turbo"],"picked":"Sunder+1","floor":22}],"player_experience":113565,"relics_obtained":[{"floor":7,"key":"WingedGreaves"},{"floor":9,"key":"Happy Flower"},{"floor":10,"key":"Boot"},{"floor":11,"key":"Odd Mushroom"}],"event_choices":[{"cards_removed":["Strike_B"],"damage_healed":0,"gold_gain":0,"player_choice":"Card Removal","damage_taken":0,"max_hp_gain":0,"max_hp_loss":0,"event_name":"The Cleric","floor":2,"gold_loss":50},{"damage_healed":0,"gold_gain":0,"cards_transformed":["Strike_B"],"player_choice":"Change","damage_taken":0,"max_hp_gain":0,"max_hp_loss":0,"event_name":"Living Wall","floor":3,"gold_loss":0,"cards_obtained":["Conserve Battery"]},{"damage_healed":0,"gold_gain":0,"player_choice":"Take Damage","damage_taken":18,"relics_obtained":["Golden Idol"],"max_hp_gain":0,"max_hp_loss":0,"event_name":"Golden Idol","floor":5,"gold_loss":0},{"damage_healed":0,"gold_gain":0,"player_choice":"Fought Mushrooms","damage_taken":0,"max_hp_gain":0,"max_hp_loss":0,"event_name":"Mushrooms","floor":11,"gold_loss":0},{"damage_healed":0,"gold_gain":0,"player_choice":"Read","damage_taken":0,"max_hp_gain":0,"max_hp_loss":0,"event_name":"The Library","floor":20,"gold_loss":0,"cards_obtained":["Gash"]},{"damage_healed":0,"gold_gain":0,"player_choice":"Upgraded Two","damage_taken":0,"max_hp_gain":0,"max_hp_loss":0,"event_name":"Designer","floor":21,"gold_loss":40,"cards_upgraded":["FTL","Defend_B"]}],"is_beta":false,"boss_relics":[{"not_picked":["Tiny House","Sozu"],"picked":"Nuclear Battery"}],"items_purged_floors":[],"is_endless":false,"potions_floor_spawned":[4,13,14,16,19],"killed_by":"Gremlin Leader","ascension_level":0}