{"gold_per_floor":[117,130,147,157,157,157,217,217,517,552,552,582,66,116,116,214,214],"floor_reached":17,"playtime":692,"items_purged":["Defend_G"],"score":190,"play_id":"8e194b14-96fb-4a56-97b8-bd1395148993","local_time":"20190618082018","is_ascension_mode":false,"campfire_choices":[{"data":"Well Laid Plans","floor":6,"key":"SMITH"},{"data":"Neutralize","floor":8,"key":"SMITH"},{"floor":11,"key":"REST"},{"data":"Dagger Spray","floor":15,"key":"SMITH"}],"neow_cost":"CURSE","seed_source_timestamp":117826970139427,"circlet_count":0,"master_deck":["Defend_G","Defend_G","Defend_G","Defend_G","Strike_G","Strike_G","Strike_G","Strike_G","Strike_G","Survivor","Neutralize+1","Parasite","Dagger Spray+1","Well Laid Plans+1","Escape Plan","Burst","Dagger Throw","Terror"],"relics":["Ring of the Snake","Unceasing Top","SsserpentHead","Old Coin","Tough Bandages","Pantograph","Pear","Bronze Scales","Orrery"],"potions_floor_usage":[16],"damage_taken":[{"damage":1,"enemies":"Cultist","floor":1,"turns":4},{"damage":0,"enemies":"Small Slimes","floor":2,"turns":3},{"damage":2,"enemies":"2 Louse","floor":3,"turns":3},{"damage":13,"enemies":"Large Slime","floor":4,"turns":6},{"damage":4,"enemies":"Red Slaver","floor":7,"turns":5},{"damage":32,"enemies":"Gremlin Nob","floor":10,"turns":6},{"damage":27,"enemies":"Lagavulin","floor":12,"turns":9},{"damage":19,"enemies":"The Guardian","floor":16,"turns":13}],"seed_played":"804691900506973489","potions_obtained":[{"floor":2,"key":"Explosive Potion"},{"floor":3,"key":"EntropicBrew"}],"is_trial":false,"path_per_floor":["M","M","M","M","?","R","M","R","T","E","R","E","$","?","R","B",null],"character_chosen":"THE_SILENT","items_purchased":["Pear","Bronze Scales","SkillPotion"],"campfire_rested":1,"item_purchase_floors":[13,13,13],"current_hp_per_floor":[69,69,67,54,54,54,50,50,50,18,39,12,22,27,27,33,33],"gold":214,"neow_bonus":"ONE_RARE_RELIC","is_prod":false,"is_daily":false,"chose_seed":false,"campfire_upgraded":3,"win_rate":0,"timestamp":1560871218,"path_taken":["M","M","M","M","?","R","?","R","T","E","R","E","$","?","R","BOSS"],"build_version":"2019-01-23","purchased_purges":1,"victory":false,"max_hp_per_floor":[70,70,70,70,70,70,70,70,70,70,70,70,80,85,85,85,85],"card_choices":[{"not_picked":["Noxious Fumes","Dash"],"picked":"Dagger Spray","floor":1},{"not_picked":["Deadly Poison","Quick Slash"],"picked":"Well Laid Plans","floor":2},{"not_picked":["Finisher","Poisoned Stab","Choke"],"picked":"SKIP","floor":3},{"not_picked":["Flying Knee","Blade Dance","Blur"],"picked":"SKIP","floor":4},{"not_picked":["Finisher","Well Laid Plans","Catalyst"],"picked":"SKIP","floor":7},{"not_picked":["Catalyst","Dodge and Roll"],"picked":"Escape Plan","floor":10},{"not_picked":["Dodge and Roll","Bane","Noxious Fumes"],"picked":"SKIP","floor":12},{"not_picked":["Phantasmal Killer","Night Terror"],"picked":"Burst","floor":16},{"not_picked":["Backflip","Flying Knee"],"picked":"Dagger Throw","floor":17},{"not_picked":["Flying Knee","Catalyst"],"picked":"Terror","floor":17}],"player_experience":1415308,"relics_obtained":[{"floor":9,"key":"Old Coin"},{"floor":10,"key":"Tough Bandages"},{"floor":12,"key":"Pantograph"}],"event_choices":[{"damage_healed":0,"gold_gain":0,"player_choice":"Trade","damage_taken":0,"relics_obtained":["SsserpentHead"],"max_hp_gain":0,"max_hp_loss":0,"event_name":"FaceTrader","floor":5,"gold_loss":0},{"damage_healed":0,"gold_gain":0,"player_choice":"Donut","damage_taken":0,"max_hp_gain":5,"max_hp_loss":0,"event_name":"Big Fish","floor":14,"gold_loss":0}],"is_beta":false,"boss_relics":[{"not_picked":["Philosopher\u0027s Stone","Fusion Hammer"],"picked":"Orrery"}],"items_purged_floors":[13],"is_endless":false,"potions_floor_spawned":[2,3],"ascension_level":0}