{"gold_per_floor":[117,16,16,16,34,60,60,135,135,150,183,183,213,230,230,335,335,355,355,82,101,121,121],"floor_reached":23,"playtime":1396,"items_purged":["Strike_R"],"score":316,"play_id":"8a5739f7-fdc9-4413-a425-143469549c46","local_time":"20180820002917","is_ascension_mode":true,"campfire_choices":[{"data":"Pommel Strike","floor":7.0,"key":"SMITH"},{"data":"Inflame","floor":12.0,"key":"SMITH"},{"data":"Dual Wield","floor":15.0,"key":"SMITH"}],"neow_cost":"NONE","seed_source_timestamp":0,"circlet_count":0,"master_deck":["Strike_R","Strike_R","Strike_R","Strike_R","Defend_R","Defend_R","Defend_R","Bash","Dual Wield+1","Pommel Strike+1","Battle Trance","Shrug It Off","Heavy Blade+1","Inflame+1","Twin Strike+1","Limit Break","Pummel+1","Pummel+1"],"special_seed":0,"relics":["Burning Blood","NeowsBlessing","Vajra","Molten Egg 2","Matryoshka","StoneCalendar","Boot","Runic Dome","Art of War","Strange Spoon"],"potions_floor_usage":[21],"damage_taken":[{"damage":0.0,"enemies":"Jaw Worm","floor":1.0,"turns":1.0},{"damage":0.0,"enemies":"Small Slimes","floor":5.0,"turns":1.0},{"damage":0.0,"enemies":"3 Sentries","floor":6.0,"turns":2.0},{"damage":6.0,"enemies":"2 Louse","floor":10.0,"turns":3.0},{"damage":26.0,"enemies":"Gremlin Nob","floor":11.0,"turns":4.0},{"damage":12.0,"enemies":"3 Sentries","floor":13.0,"turns":5.0},{"damage":9.0,"enemies":"2 Fungi Beasts","floor":14.0,"turns":2.0},{"damage":30.0,"enemies":"Hexaghost","floor":16.0,"turns":8.0},{"damage":8.0,"enemies":"Shell Parasite","floor":18.0,"turns":3.0},{"damage":12,"enemies":"Chosen","floor":21,"turns":2},{"damage":18,"enemies":"Snecko","floor":22,"turns":3},{"damage":45,"enemies":"Gremlin Leader","floor":23,"turns":4}],"seed_played":"1058901081005284284","potions_obtained":[{"floor":1.0,"key":"EssenceOfSteel"},{"floor":6.0,"key":"LiquidBronze"},{"floor":13.0,"key":"Explosive Potion"},{"floor":16.0,"key":"Dexterity Potion"},{"floor":18.0,"key":"Strength Potion"}],"is_trial":false,"path_per_floor":["M","$","?","?","M","E","R","?","T","M","E","R","E","M","R","B",null,"M","?","$","M","M"],"character_chosen":"IRONCLAD","items_purchased":["Pommel Strike","Pummel+1","Strange Spoon"],"campfire_rested":0,"item_purchase_floors":[2,20,20],"current_hp_per_floor":[78,78,75,75,80,80,80,69,69,69,49,49,43,40,40,16,64,62,62,62,56,44,0],"gold":121,"neow_bonus":"THREE_ENEMY_KILL","is_prod":false,"is_daily":false,"chose_seed":false,"campfire_upgraded":3,"win_rate":0,"timestamp":1534750157,"path_taken":["M","$","?","?","M","E","R","?","T","M","E","R","E","M","R","BOSS","M","?","$","M","M","E"],"build_version":"2018-08-16","purchased_purges":1,"victory":false,"max_hp_per_floor":[80,80,80,80,80,80,80,80,80,80,80,80,80,80,80,80,80,80,80,80,80,80,80],"card_choices":[{"not_picked":["Seeing Red","Havoc"],"picked":"Dual Wield","floor":1.0},{"not_picked":["Carnage","Armaments"],"picked":"Battle Trance","floor":5.0},{"not_picked":["Dropkick","Seeing Red"],"picked":"Shrug It Off","floor":6.0},{"not_picked":["Havoc","Searing Blow+1"],"picked":"Heavy Blade+1","floor":10.0},{"not_picked":["Feel No Pain","Thunderclap+1"],"picked":"Inflame","floor":11.0},{"not_picked":["Brutality","Rampage+1","Flame Barrier"],"picked":"SKIP","floor":13.0},{"not_picked":["Power Through","Warcry"],"picked":"Twin Strike+1","floor":14.0},{"not_picked":["Brutality","Barricade"],"picked":"Limit Break","floor":16.0},{"not_picked":["Shockwave+1","Havoc","Anger+1"],"picked":"SKIP","floor":18.0},{"not_picked":["Cleave+1","Impervious"],"picked":"Pummel+1","floor":21},{"not_picked":["Evolve","Warcry+1","Rampage+1"],"picked":"SKIP","floor":22}],"player_experience":688648,"relics_obtained":[{"floor":6.0,"key":"Molten Egg 2"},{"floor":9.0,"key":"Matryoshka"},{"floor":11.0,"key":"StoneCalendar"},{"floor":13.0,"key":"Boot"}],"event_choices":[{"event_name":"Scrap Ooze","player_choice":"success","floor":3.0,"damage_taken":3.0},{"event_name":"Living Wall","player_choice":"Forget","floor":4.0,"damage_taken":0.0},{"event_name":"World of Goop","player_choice":"Gather Gold","floor":8.0,"damage_taken":0.0},{"event_name":"The Mausoleum","player_choice":"Yes","floor":19.0,"damage_taken":0.0}],"is_beta":false,"boss_relics":[{"not_picked":["Busted Crown","Lizard Tail"],"picked":"Runic Dome"}],"items_purged_floors":[2],"is_endless":false,"potions_floor_spawned":[1,6,13,16,18],"killed_by":"Gremlin Leader","ascension_level":7}