{"gold_per_floor":[115,115,115,40,60,135,153,153,153,173,46,57,85,99,99,204,204,219,219,231,156,1,1,19,19,66,66,79,79,79,44,44,146,146,159,108,127,145,145,145,165,165,165,165,165,165,42,61,61,61],"floor_reached":50,"playtime":2097,"items_purged":["Strike_B","Defend_B"],"score":490,"play_id":"a2059022-5af7-44e7-967a-d9c74b7047a2","local_time":"20190814204316","is_ascension_mode":false,"campfire_choices":[{"floor":8,"key":"REST"},{"floor":15,"key":"REST"},{"floor":23,"key":"REST"},{"data":"Defragment","floor":25,"key":"SMITH"},{"data":"Creative AI","floor":27,"key":"SMITH"},{"floor":30,"key":"REST"},{"floor":32,"key":"REST"},{"floor":40,"key":"REST"},{"data":"Defragment","floor":42,"key":"SMITH"},{"data":"Glacier","floor":45,"key":"SMITH"},{"data":"Force Field","floor":49,"key":"SMITH"}],"neow_cost":"PERCENT_DAMAGE","seed_source_timestamp":1107063074259031,"circlet_count":0,"master_deck":["Zap+1","Dualcast","Storm","Doom and Gloom","Go for the Eyes","Genetic Algorithm","Ball Lightning","Gash","Beam Cell","Defragment+1","Ball Lightning","Cold Snap","Creative AI+1","Defragment+1","Glacier+1","Biased Cognition","Self Repair+1","Melter","Defragment+1","Stack+1","Cold Snap+1","Gash","Chill+1","Madness","Madness","Conserve Battery+1","Finesse","Force Field+1","Chill+1"],"relics":["Cracked Core","Bottled Lightning","Pen Nib","Vajra","Orrery","FossilizedHelix"],"potions_floor_usage":[14,50,50],"damage_taken":[{"damage":2,"enemies":"Jaw Worm","floor":1,"turns":5},{"damage":6,"enemies":"2 Louse","floor":5,"turns":3},{"damage":0,"enemies":"Small Slimes","floor":7,"turns":3},{"damage":4,"enemies":"Blue Slaver","floor":10,"turns":3},{"damage":5,"enemies":"Looter","floor":12,"turns":3},{"damage":38,"enemies":"3 Sentries","floor":13,"turns":5},{"damage":0,"enemies":"Lots of Slimes","floor":14,"turns":1},{"damage":0,"enemies":"Slime Boss","floor":16,"turns":5},{"damage":5,"enemies":"Spheric Guardian","floor":18,"turns":3},{"damage":46,"enemies":"2 Thieves","floor":20,"turns":4},{"damage":0,"enemies":"Snake Plant","floor":24,"turns":4},{"damage":30,"enemies":"Shelled Parasite and Fungi","floor":28,"turns":5},{"damage":33,"enemies":"Champ","floor":33,"turns":9},{"damage":0,"enemies":"3 Shapes","floor":35,"turns":2},{"damage":22,"enemies":"3 Darklings","floor":37,"turns":5},{"damage":24,"enemies":"Maw","floor":38,"turns":8},{"damage":8,"enemies":"Sphere and 2 Shapes","floor":41,"turns":3},{"damage":0,"enemies":"Transient","floor":48,"turns":5},{"damage":65,"enemies":"Donu and Deca","floor":50,"turns":9}],"seed_played":"1420329092923454199","potions_obtained":[{"floor":7,"key":"Explosive Potion"},{"floor":12,"key":"Poison Potion"},{"floor":14,"key":"SneckoOil"},{"floor":18,"key":"Ancient Potion"},{"floor":24,"key":"SpeedPotion"}],"is_trial":false,"path_per_floor":["M","?","?","$","M","?","M","R","T","M","$","M","E","M","R","B",null,"M","?","M","?","$","R","M","R","T","R","M","?","R","$","R","B",null,"M","$","M","M","?","R","M","R","T","?","R","?","$","M","R","B"],"character_chosen":"DEFECT","items_purchased":["Beam Cell","Biased Cognition","Melter","Gash","Finesse","Force Field"],"campfire_rested":6,"item_purchase_floors":[11,22,31,36,47,47],"current_hp_per_floor":[52,45,45,45,39,28,28,50,50,46,46,41,3,3,25,25,75,70,70,24,24,24,46,46,46,46,46,26,26,48,48,70,47,75,75,75,63,49,40,62,54,54,54,54,54,54,54,64,64,0],"gold":61,"neow_bonus":"TRANSFORM_TWO_CARDS","is_prod":false,"is_daily":false,"chose_seed":false,"campfire_upgraded":5,"win_rate":0,"timestamp":1565808196,"path_taken":["M","?","?","$","M","?","M","R","T","M","$","M","E","M","R","BOSS","M","?","M","?","$","R","M","R","T","R","M","?","R","$","R","BOSS","M","$","?","M","?","R","M","R","T","?","R","?","$","?","R","BOSS"],"build_version":"2019-07-17","purchased_purges":2,"victory":false,"max_hp_per_floor":[75,75,75,75,75,75,75,75,75,75,75,75,75,75,75,75,75,75,75,75,75,75,75,75,75,75,75,75,75,75,75,75,75,75,75,75,75,75,75,75,75,75,75,75,75,75,75,75,75,75],"card_choices":[{"not_picked":["Barrage","Ball Lightning"],"picked":"Go for the Eyes","floor":1},{"not_picked":["Rebound","Stack"],"picked":"Genetic Algorithm","floor":5},{"not_picked":["Compile Driver","Stack"],"picked":"Ball Lightning","floor":7},{"not_picked":["Loop","Stack"],"picked":"Gash","floor":10},{"not_picked":["Gash","Heatsinks"],"picked":"Defragment","floor":12},{"not_picked":["Rebound","Recycle"],"picked":"Ball Lightning","floor":13},{"not_picked":["Steam","Leap"],"picked":"Cold Snap","floor":14},{"not_picked":["Buffer","Hyperbeam"],"picked":"Creative AI","floor":16},{"not_picked":["Fusion","Barrage"],"picked":"Defragment+1","floor":18},{"not_picked":["Redo+1","Sweeping Beam"],"picked":"Glacier","floor":20},{"not_picked":["Scrape","Skim"],"picked":"Self Repair+1","floor":24},{"not_picked":["Rebound","Double Energy","Lockon"],"picked":"SKIP","floor":28},{"not_picked":["Conserve Battery","Compile Driver"],"picked":"Defragment","floor":34},{"not_picked":["Hello World+1","Barrage"],"picked":"Stack+1","floor":34},{"not_picked":["Meteor Strike","Storm"],"picked":"Cold Snap+1","floor":34},{"not_picked":["Reprogram","Streamline","Compile Driver+1"],"picked":"SKIP","floor":35},{"not_picked":["Cold Snap+1","Rip and Tear+1"],"picked":"Chill+1","floor":37},{"not_picked":["Steam+1","Coolheaded","Redo"],"picked":"SKIP","floor":38},{"not_picked":["Compile Driver+1","Reprogram+1"],"picked":"Conserve Battery+1","floor":41},{"not_picked":["Redo","Genetic Algorithm"],"picked":"Chill+1","floor":48}],"player_experience":304511,"relics_obtained":[{"floor":9,"key":"Bottled Lightning"},{"floor":13,"key":"Pen Nib"},{"floor":26,"key":"Vajra"},{"floor":43,"key":"FossilizedHelix"}],"event_choices":[{"cards_removed":["Strike_B"],"damage_healed":0,"gold_gain":0,"player_choice":"Card Removal","damage_taken":7,"max_hp_gain":0,"max_hp_loss":0,"event_name":"Golden Wing","floor":2,"gold_loss":0},{"damage_healed":0,"gold_gain":0,"cards_transformed":["Defend_B"],"player_choice":"Change","damage_taken":0,"max_hp_gain":0,"max_hp_loss":0,"event_name":"Living Wall","floor":3,"gold_loss":0,"cards_obtained":["Barrage"]},{"damage_healed":0,"gold_gain":75,"player_choice":"Gather Gold","damage_taken":11,"max_hp_gain":0,"max_hp_loss":0,"event_name":"World of Goop","floor":6,"gold_loss":0},{"cards_removed":["Defend_B"],"damage_healed":0,"gold_gain":0,"player_choice":"Elegance","damage_taken":0,"max_hp_gain":0,"max_hp_loss":0,"event_name":"Back to Basics","floor":19,"gold_loss":0},{"cards_removed":["Defend_B"],"damage_healed":0,"gold_gain":0,"player_choice":"Gave Gold","damage_taken":0,"max_hp_gain":0,"max_hp_loss":0,"event_name":"Beggar","floor":21,"gold_loss":75},{"damage_healed":0,"gold_gain":0,"player_choice":"Forge","damage_taken":0,"max_hp_gain":0,"max_hp_loss":0,"event_name":"Accursed Blacksmith","floor":29,"gold_loss":0,"cards_upgraded":["Zap"]},{"damage_healed":0,"gold_gain":0,"player_choice":"Embrace Madness","damage_taken":9,"max_hp_gain":0,"max_hp_loss":0,"event_name":"Winding Halls","floor":39,"gold_loss":0,"cards_obtained":["Madness","Madness"]},{"cards_removed":["Barrage"],"damage_healed":0,"gold_gain":0,"player_choice":"Removed Attack","damage_taken":0,"max_hp_gain":0,"max_hp_loss":0,"event_name":"Falling","floor":44,"gold_loss":0},{"damage_healed":0,"gold_gain":0,"player_choice":"Ignored","damage_taken":0,"max_hp_gain":0,"max_hp_loss":0,"event_name":"Tomb of Lord Red Mask","floor":46,"gold_loss":0}],"is_beta":false,"boss_relics":[{"not_picked":[]},{"not_picked":["Snecko Eye","Runic Pyramid"],"picked":"Orrery"}],"items_purged_floors":[4,11],"is_endless":false,"potions_floor_spawned":[7,12,14,18,24,33,38],"killed_by":"Donu and Deca","ascension_level":0}