{"gold_per_floor":[365,440,451,451,461,493,115,115,165,165,165,165,75,95,95,199,199,213,230,330,227,239,239,239,239,289,95,45,45,72,82,82,181,181,196,208,208,158,558,558,583,583,583,601,601,0,0],"floor_reached":47,"playtime":4014,"items_purged":["Strike_R","Strike_R","Strike_R","Strike_R","Strike_R","Defend_R"],"score":632,"play_id":"22f830b1-6734-4feb-b795-16ca8cc36a4b","local_time":"20190506133316","is_ascension_mode":true,"campfire_choices":[{"data":"Bash","floor":8,"key":"SMITH"},{"data":"Cleave","floor":10,"key":"SMITH"},{"data":"Shrug It Off","floor":12,"key":"SMITH"},{"floor":15,"key":"REST"},{"data":"Seeing Red","floor":23,"key":"SMITH"},{"floor":29,"key":"REST"},{"data":"Rampage","floor":32,"key":"SMITH"},{"data":"Entrench","floor":40,"key":"SMITH"},{"data":"Shrug It Off","floor":42,"key":"SMITH"},{"data":"Metallicize","floor":45,"key":"SMITH"}],"neow_cost":"TEN_PERCENT_HP_LOSS","seed_source_timestamp":50162664640900,"circlet_count":0,"master_deck":["Defend_R","Defend_R","Defend_R","Bash+1","Shrug It Off+1","Cleave+1","Seeing Red+1","Metallicize+1","Rampage+1","Reaper","Second Wind+1","Thunderclap+1","Warcry","Shrug It Off+1","Clothesline+1","Spot Weakness","Barricade","Madness","Madness","Entrench+1","Heavy Blade+1"],"relics":["Burning Blood","Centennial Puzzle","Oddly Smooth Stone","Dream Catcher","Bag of Preparation","Smiling Mask","Mark of Pain","Nunchaku","Bottled Lightning","Juzu Bracelet","Vajra","Shovel","Black Star","Old Coin","Shuriken","Art of War","Red Mask"],"potions_floor_usage":[6,18,19,22,41,41,47],"damage_taken":[{"damage":21,"enemies":"Jaw Worm","floor":1,"turns":5},{"damage":2,"enemies":"2 Louse","floor":3,"turns":6},{"damage":0,"enemies":"Small Slimes","floor":5,"turns":3},{"damage":34,"enemies":"3 Sentries","floor":6,"turns":8},{"damage":0,"enemies":"3 Louse","floor":14,"turns":1},{"damage":23,"enemies":"The Guardian","floor":16,"turns":10},{"damage":15,"enemies":"Spheric Guardian","floor":18,"turns":4},{"damage":8,"enemies":"3 Byrds","floor":19,"turns":6},{"damage":27,"enemies":"Colosseum Slavers","floor":20,"turns":5},{"damage":30,"enemies":"Colosseum Nobs","floor":20,"turns":6},{"damage":0,"enemies":"Cultist and Chosen","floor":22,"turns":8},{"damage":34,"enemies":"Slavers","floor":30,"turns":4},{"damage":6,"enemies":"Snake Plant","floor":31,"turns":5},{"damage":46,"enemies":"Collector","floor":33,"turns":9},{"damage":20,"enemies":"3 Shapes","floor":35,"turns":3},{"damage":37,"enemies":"3 Darklings","floor":36,"turns":6},{"damage":0,"enemies":"Mind Bloom Boss Battle","floor":39,"turns":8},{"damage":1,"enemies":"Giant Head","floor":41,"turns":11},{"damage":36,"enemies":"Sphere and 2 Shapes","floor":44,"turns":6},{"damage":67,"enemies":"2 Orb Walkers","floor":47,"turns":4}],"seed_played":"-1825548499136081022","potions_obtained":[{"floor":3,"key":"Dexterity Potion"},{"floor":6,"key":"Energy Potion"},{"floor":18,"key":"SpeedPotion"},{"floor":20,"key":"Swift Potion"},{"floor":33,"key":"Block Potion"},{"floor":39,"key":"Block Potion"},{"floor":44,"key":"BloodPotion"}],"is_trial":false,"path_per_floor":["M","?","M","?","M","E","$","R","T","R","?","R","$","M","R","B",null,"M","M","?","$","M","R","?","?","T","$","$","R","E","M","R","B",null,"M","M","?","$","?","R","E","R","T","M","R","?","?"],"character_chosen":"IRONCLAD","items_purchased":["Oddly Smooth Stone","Dream Catcher","Metallicize","Shrug It Off","Vajra"],"campfire_rested":2,"item_purchase_floors":[7,7,13,21,27],"current_hp_per_floor":[57,46,50,50,56,28,28,28,28,28,25,25,25,31,52,35,63,54,58,21,21,37,37,24,24,24,24,24,47,47,54,54,35,67,75,63,53,53,71,71,77,77,77,47,47,47,0],"gold":0,"neow_bonus":"TWO_FIFTY_GOLD","is_prod":false,"is_daily":false,"chose_seed":false,"campfire_upgraded":8,"win_rate":0,"timestamp":1557142396,"path_taken":["M","?","M","?","M","E","$","R","T","R","?","R","$","M","R","BOSS","M","M","?","$","M","R","?","?","T","?","$","R","E","M","R","BOSS","M","M","?","$","?","R","E","R","T","M","R","?","?"],"build_version":"2019-04-23","purchased_purges":6,"victory":false,"max_hp_per_floor":[72,72,72,72,72,72,72,72,72,72,72,72,72,72,72,72,72,72,72,72,72,72,72,77,77,77,77,77,77,77,77,77,77,77,77,77,77,77,77,77,77,77,77,77,77,77,77],"card_choices":[{"not_picked":["Perfected Strike","Havoc"],"picked":"Shrug It Off","floor":1},{"not_picked":["Evolve","Perfected Strike","Dropkick"],"picked":"SKIP","floor":3},{"not_picked":["Shrug It Off","Twin Strike"],"picked":"Cleave","floor":5},{"not_picked":["Perfected Strike","Headbutt"],"picked":"Seeing Red","floor":6},{"not_picked":["Shrug It Off","Perfected Strike"],"picked":"Rampage","floor":14},{"not_picked":["Limit Break","Immolate"],"picked":"Reaper","floor":16},{"not_picked":["True Grit","Inflame+1"],"picked":"Second Wind+1","floor":18},{"not_picked":["Pommel Strike","Twin Strike"],"picked":"Thunderclap+1","floor":19},{"not_picked":["Perfected Strike","Dark Embrace"],"picked":"Warcry","floor":20},{"not_picked":["True Grit","Inflame"],"picked":"Clothesline+1","floor":22},{"not_picked":["True Grit","Anger"],"picked":"Spot Weakness","floor":29},{"not_picked":["Seeing Red","Fiend Fire","Twin Strike"],"picked":"SKIP","floor":30},{"not_picked":["Whirlwind","Spot Weakness+1","Clash"],"picked":"SKIP","floor":31},{"not_picked":["Feed","Juggernaut"],"picked":"Barricade","floor":33},{"not_picked":["Intimidate+1","Cleave+1","Twin Strike"],"picked":"SKIP","floor":35},{"not_picked":["Heavy Blade+1","Perfected Strike","Armaments+1"],"picked":"SKIP","floor":36},{"not_picked":["Rampage","Iron Wave+1"],"picked":"Entrench","floor":39},{"not_picked":["Clash+1","Blood for Blood","Corruption+1"],"picked":"SKIP","floor":41},{"not_picked":["Pummel","Havoc"],"picked":"Heavy Blade+1","floor":44}],"player_experience":367646,"relics_obtained":[{"floor":6,"key":"Centennial Puzzle"},{"floor":9,"key":"Bag of Preparation"},{"floor":20,"key":"Nunchaku"},{"floor":20,"key":"Bottled Lightning"},{"floor":26,"key":"Juzu Bracelet"},{"floor":30,"key":"Shovel"},{"floor":39,"key":"Old Coin"},{"floor":41,"key":"Shuriken"},{"floor":41,"key":"Art of War"}],"event_choices":[{"damage_healed":0,"gold_gain":75,"player_choice":"Gather Gold","damage_taken":11,"max_hp_gain":0,"max_hp_loss":0,"event_name":"World of Goop","floor":2,"gold_loss":0},{"damage_healed":0,"gold_gain":0,"player_choice":"Ignored","damage_taken":0,"max_hp_gain":0,"max_hp_loss":0,"event_name":"Golden Idol","floor":4,"gold_loss":0},{"damage_healed":0,"gold_gain":0,"player_choice":"Success","damage_taken":3,"relics_obtained":["Smiling Mask"],"max_hp_gain":0,"max_hp_loss":0,"event_name":"Scrap Ooze","floor":11,"gold_loss":0},{"damage_healed":0,"gold_gain":0,"player_choice":"Fight","damage_taken":0,"max_hp_gain":0,"max_hp_loss":0,"event_name":"Colosseum","floor":20,"gold_loss":0},{"damage_healed":0,"gold_gain":0,"player_choice":"Fought Nobs","damage_taken":0,"max_hp_gain":0,"max_hp_loss":0,"event_name":"Colosseum","floor":20,"gold_loss":0},{"damage_healed":0,"gold_gain":0,"player_choice":"Shed Blood","damage_taken":18,"max_hp_gain":5,"max_hp_loss":0,"event_name":"Forgotten Altar","floor":24,"gold_loss":0},{"damage_healed":0,"gold_gain":0,"player_choice":"Ignored","damage_taken":0,"max_hp_gain":0,"max_hp_loss":0,"event_name":"Vampires","floor":25,"gold_loss":0},{"damage_healed":0,"gold_gain":0,"player_choice":"Embrace Madness","damage_taken":10,"max_hp_gain":0,"max_hp_loss":0,"event_name":"Winding Halls","floor":37,"gold_loss":0,"cards_obtained":["Madness","Madness"]},{"damage_healed":0,"gold_gain":0,"player_choice":"Fight","damage_taken":0,"max_hp_gain":0,"max_hp_loss":0,"event_name":"MindBloom","floor":39,"gold_loss":0},{"damage_healed":0,"gold_gain":0,"player_choice":"Paid","damage_taken":0,"relics_obtained":["Red Mask"],"max_hp_gain":0,"max_hp_loss":0,"event_name":"Tomb of Lord Red Mask","floor":46,"gold_loss":601},{"damage_healed":0,"gold_gain":0,"player_choice":"Fight","damage_taken":0,"max_hp_gain":0,"max_hp_loss":0,"event_name":"Mysterious Sphere","floor":47,"gold_loss":0}],"is_beta":true,"boss_relics":[{"not_picked":["Snecko Eye","Cursed Key"],"picked":"Mark of Pain"},{"not_picked":["Tiny House","Lizard Tail"],"picked":"Black Star"}],"items_purged_floors":[7,13,21,27,28,38],"is_endless":false,"potions_floor_spawned":[3,6,18,20,33,39,44],"killed_by":"2 Orb Walkers","ascension_level":6}