{"gold_per_floor":[118,118,118,70,85,85,101,26,26,26,102,122,122,161,161,291,291,311,311,311,351,351,351,390,409,409,409],"floor_reached":27,"playtime":1210,"items_purged":["Strike_B"],"score":327,"play_id":"69fd817c-e13b-4133-8a2d-ff43110f0480","local_time":"20190814131658","is_ascension_mode":false,"campfire_choices":[{"data":"Dualcast","floor":6,"key":"SMITH"},{"data":"Consume","floor":13,"key":"SMITH"},{"data":"White Noise","floor":15,"key":"SMITH"},{"floor":23,"key":"REST"}],"neow_cost":"NONE","seed_source_timestamp":9853801448600,"circlet_count":0,"master_deck":["Strike_B","Strike_B","Strike_B","Defend_B","Defend_B","Defend_B","Defend_B","Zap+1","Dualcast+1","Consume+1","Gash","Ball Lightning","Gash","White Noise+1","Hello World","Buffer","Reprogram","Heatsinks","Loop","Conserve Battery","Gash","Capacitor+1","J.A.X.","Static Discharge","Gash","Auto Shields"],"relics":["Cracked Core","Golden Idol","Lantern","Kunai","Mango","Strawberry","Orrery","Red Mask","Regal Pillow","Ice Cream","The Courier"],"potions_floor_usage":[14,14,16,21],"damage_taken":[{"damage":3,"enemies":"Jaw Worm","floor":1,"turns":3},{"damage":0,"enemies":"2 Louse","floor":5,"turns":2},{"damage":0,"enemies":"Small Slimes","floor":7,"turns":2},{"damage":16,"enemies":"Gremlin Nob","floor":11,"turns":4},{"damage":0,"enemies":"3 Louse","floor":12,"turns":2},{"damage":12,"enemies":"3 Sentries","floor":14,"turns":3},{"damage":0,"enemies":"Slime Boss","floor":16,"turns":4},{"damage":31,"enemies":"Shell Parasite","floor":18,"turns":6},{"damage":39,"enemies":"Masked Bandits","floor":21,"turns":6},{"damage":31,"enemies":"Book of Stabbing","floor":24,"turns":5},{"damage":17,"enemies":"Spheric Guardian","floor":25,"turns":4},{"damage":35,"enemies":"Snecko","floor":27,"turns":5}],"seed_played":"-2866591535009290554","potions_obtained":[{"floor":1,"key":"Explosive Potion"},{"floor":11,"key":"Regen Potion"},{"floor":12,"key":"Dexterity Potion"},{"floor":14,"key":"SpeedPotion"},{"floor":16,"key":"AttackPotion"},{"floor":18,"key":"FocusPotion"},{"floor":25,"key":"Swift Potion"}],"is_trial":false,"path_per_floor":["M","?","?","$","M","R","M","$","T","?","?","M","R","E","R","B",null,"M","?","?","?","?","R","E","M","T","M"],"character_chosen":"DEFECT","items_purchased":["Gash"],"campfire_rested":1,"item_purchase_floors":[4],"current_hp_per_floor":[72,54,36,36,36,36,36,36,36,36,34,34,34,38,38,38,96,65,65,65,26,26,69,38,21,21,0],"gold":409,"neow_bonus":"UPGRADE_CARD","is_prod":false,"is_daily":false,"chose_seed":false,"campfire_upgraded":3,"win_rate":0.0,"timestamp":1565759818,"path_taken":["M","?","?","?","?","R","M","$","T","?","?","M","R","E","R","BOSS","M","?","?","?","?","R","E","M","T","?"],"build_version":"2019-07-17","purchased_purges":1,"victory":false,"max_hp_per_floor":[75,75,75,75,75,75,75,75,75,75,89,89,89,96,96,96,96,96,96,96,96,96,96,96,96,96,96],"card_choices":[{"not_picked":["Chill","Gash"],"picked":"Consume","floor":1},{"not_picked":["Leap","Hologram"],"picked":"Ball Lightning","floor":5},{"not_picked":["Streamline","Skim"],"picked":"Gash","floor":7},{"not_picked":["Lockon","Steam"],"picked":"White Noise","floor":11},{"not_picked":["Steam","Streamline","Sweeping Beam"],"picked":"SKIP","floor":12},{"not_picked":["Turbo","Go for the Eyes"],"picked":"Hello World","floor":14},{"not_picked":["Reboot","Echo Form"],"picked":"Buffer","floor":16},{"not_picked":["Go for the Eyes","Barrage"],"picked":"Reprogram","floor":17},{"not_picked":["Glacier","Stack"],"picked":"Heatsinks","floor":17},{"not_picked":["Cold Snap","Streamline"],"picked":"Loop","floor":17},{"not_picked":["Glacier","Coolheaded"],"picked":"Conserve Battery","floor":17},{"not_picked":["Stack","Steam Power"],"picked":"Gash","floor":17},{"not_picked":["Ball Lightning","Multi-Cast"],"picked":"Capacitor+1","floor":18},{"not_picked":["Coolheaded","Compile Driver"],"picked":"Static Discharge","floor":21},{"not_picked":["BootSequence+1","Barrage"],"picked":"Gash","floor":24},{"not_picked":["Beam Cell","Streamline"],"picked":"Auto Shields","floor":25}],"player_experience":125043,"relics_obtained":[{"floor":9,"key":"Kunai"},{"floor":11,"key":"Mango"},{"floor":14,"key":"Strawberry"},{"floor":21,"key":"Red Mask"},{"floor":24,"key":"Ice Cream"},{"floor":26,"key":"The Courier"}],"event_choices":[{"damage_healed":0,"gold_gain":0,"player_choice":"Take Damage","damage_taken":18,"relics_obtained":["Golden Idol"],"max_hp_gain":0,"max_hp_loss":0,"event_name":"Golden Idol","floor":2,"gold_loss":0},{"damage_healed":0,"gold_gain":0,"player_choice":"Success","damage_taken":18,"relics_obtained":["Lantern"],"max_hp_gain":0,"max_hp_loss":0,"event_name":"Scrap Ooze","floor":3,"gold_loss":0},{"damage_healed":0,"gold_gain":0,"player_choice":"Ignored","damage_taken":0,"max_hp_gain":0,"max_hp_loss":0,"event_name":"Liars Game","floor":10,"gold_loss":0},{"damage_healed":0,"gold_gain":0,"player_choice":"Searched \u00271\u0027 times","damage_taken":0,"max_hp_gain":0,"max_hp_loss":0,"event_name":"Dead Adventurer","floor":11,"gold_loss":0},{"damage_healed":0,"gold_gain":0,"player_choice":"Obtain J.A.X.","damage_taken":0,"max_hp_gain":0,"max_hp_loss":0,"event_name":"Drug Dealer","floor":19,"gold_loss":0,"cards_obtained":["J.A.X."]},{"damage_healed":0,"gold_gain":0,"player_choice":"Ignored","damage_taken":0,"max_hp_gain":0,"max_hp_loss":0,"event_name":"Ghosts","floor":20,"gold_loss":0},{"damage_healed":0,"gold_gain":0,"player_choice":"Fought Bandits","damage_taken":0,"max_hp_gain":0,"max_hp_loss":0,"event_name":"Masked Bandits","floor":21,"gold_loss":0},{"damage_healed":0,"gold_gain":0,"player_choice":"Gave Potion","damage_taken":0,"relics_obtained":["Regal Pillow"],"max_hp_gain":0,"max_hp_loss":0,"event_name":"WeMeetAgain","floor":22,"gold_loss":0}],"is_beta":false,"boss_relics":[{"not_picked":["Black Star","Philosopher\u0027s Stone"],"picked":"Orrery"}],"items_purged_floors":[8],"is_endless":false,"potions_floor_spawned":[1,11,12,14,16,18,25],"killed_by":"Snecko","ascension_level":0}