{"gold_per_floor":[12,22,39,57,74,74,103,117,117,217,217,251,251,265,265,361,361,373,389,389,403,421,453,467,499,499,528,547,432,461,475,475,578,578,598,615,632,61,61,61,73,73,119,51,86,106,137,152,152,152],"floor_reached":51,"playtime":7219,"items_purged":["Heavy Blade","Whirlwind"],"score":1336,"play_id":"fd95484c-4971-4afe-a8ef-517707f080d3","local_time":"20181016003450","is_ascension_mode":true,"campfire_choices":[{"data":"Body Slam","floor":6.0,"key":"SMITH"},{"data":"Body Slam","floor":11.0,"key":"SMITH"},{"data":"Battle Trance","floor":13.0,"key":"SMITH"},{"data":"Armaments","floor":15.0,"key":"SMITH"},{"data":"Barricade","floor":32,"key":"SMITH"},{"data":"Dual Wield","floor":40,"key":"SMITH"},{"data":"Juggernaut","floor":42,"key":"SMITH"},{"data":"Offering","floor":49,"key":"SMITH"}],"neow_cost":"NO_GOLD","seed_source_timestamp":0,"circlet_count":0,"master_deck":["Defend_R","Defend_R","Bash","AscendersBane","Body Slam+1","Body Slam+1","Shrug It Off","Battle Trance+1","Iron Wave","Shrug It Off","Iron Wave","Armaments+1","Barricade+1","Infernal Blade+1","Entrench+1","Hemokinesis+1","Flame Barrier","Impervious","Shrug It Off","Juggernaut+1","Metallicize","Ghostly Armor","Offering+1","Dual Wield+1"],"special_seed":0,"relics":["Burning Blood","Darkstone Periapt","Shuriken","Vajra","Astrolabe","Bag of Preparation","Calipers","Matryoshka","Red Mask","The Courier","Sozu","FossilizedHelix","Lantern","Sundial","Nunchaku","Omamori","MawBank","Mercury Hourglass","Meat on the Bone"],"potions_floor_usage":[30,33],"damage_taken":[{"damage":2.0,"enemies":"2 Louse","floor":1.0,"turns":3.0},{"damage":1.0,"enemies":"Cultist","floor":2.0,"turns":3.0},{"damage":10.0,"enemies":"Small Slimes","floor":3.0,"turns":4.0},{"damage":6.0,"enemies":"Looter","floor":4.0,"turns":4.0},{"damage":3.0,"enemies":"Exordium Wildlife","floor":5.0,"turns":4.0},{"damage":32.0,"enemies":"3 Sentries","floor":7.0,"turns":12.0},{"damage":8.0,"enemies":"3 Louse","floor":8.0,"turns":4.0},{"damage":12.0,"enemies":"Lagavulin","floor":12.0,"turns":6.0},{"damage":0.0,"enemies":"Gremlin Gang","floor":14.0,"turns":6.0},{"damage":35.0,"enemies":"Hexaghost","floor":16.0,"turns":9.0},{"damage":4.0,"enemies":"Chosen","floor":18.0,"turns":4.0},{"damage":2.0,"enemies":"3 Byrds","floor":19.0,"turns":3.0},{"damage":0.0,"enemies":"Sentry and Sphere","floor":21.0,"turns":3.0},{"damage":2.0,"enemies":"Snecko","floor":22.0,"turns":4.0},{"damage":6.0,"enemies":"Book of Stabbing","floor":23.0,"turns":4.0},{"damage":26.0,"enemies":"Snake Plant","floor":24.0,"turns":4.0},{"damage":2.0,"enemies":"Slavers","floor":25.0,"turns":4.0},{"damage":0,"enemies":"Masked Bandits","floor":27,"turns":4},{"damage":0,"enemies":"Chosen and Byrds","floor":28,"turns":4},{"damage":12,"enemies":"Book of Stabbing","floor":30,"turns":4},{"damage":10,"enemies":"Cultist and Chosen","floor":31,"turns":6},{"damage":18,"enemies":"Champ","floor":33,"turns":8},{"damage":5,"enemies":"3 Shapes","floor":35,"turns":3},{"damage":0,"enemies":"Orb Walker","floor":36,"turns":1},{"damage":6,"enemies":"Maw","floor":37,"turns":6},{"damage":0,"enemies":"Mind Bloom Boss Battle","floor":39,"turns":3},{"damage":0,"enemies":"3 Darklings","floor":41,"turns":4},{"damage":0,"enemies":"Giant Head","floor":45,"turns":7},{"damage":6,"enemies":"Transient","floor":46,"turns":5},{"damage":6,"enemies":"Nemesis","floor":47,"turns":5},{"damage":8,"enemies":"Maw","floor":48,"turns":5},{"damage":23,"enemies":"Donu and Deca","floor":50,"turns":5}],"seed_played":"96253766534740596","potions_obtained":[{"floor":2.0,"key":"Swift Potion"},{"floor":5.0,"key":"Weak Potion"},{"floor":7.0,"key":"LiquidBronze"},{"floor":19.0,"key":"SkillPotion"},{"floor":27,"key":"Ancient Potion"},{"floor":28,"key":"LiquidBronze"},{"floor":30,"key":"SkillPotion"},{"floor":31,"key":"LiquidBronze"},{"floor":33,"key":"GamblersBrew"}],"is_trial":false,"path_per_floor":["M","M","M","M","M","R","E","M","T","?","R","E","R","M","R","B",null,"M","M","?","M","M","E","M","E","T","?","M","$","E","M","R","B",null,"M","M","M","$","?","R","M","R","T","$","E","M","E","M","R","B"],"character_chosen":"IRONCLAD","items_purchased":["Metallicize","FossilizedHelix","Lantern","Sundial"],"campfire_rested":0,"item_purchase_floors":[29,38,38,38],"current_hp_per_floor":[76,80,76,76,79,79,53,51,51,51,51,45,45,51,51,22,66,68,72,72,78,80,80,60,64,64,70,76,76,70,66,66,54,74,75,80,80,80,80,80,80,80,80,80,80,80,80,78,78,61],"gold":152,"neow_bonus":"REMOVE_TWO","is_prod":false,"is_daily":false,"chose_seed":false,"campfire_upgraded":8,"win_rate":0,"timestamp":1539675290,"path_taken":["M","M","M","M","M","R","E","M","T","?","R","E","R","?","R","BOSS","M","M","?","M","M","E","M","E","T","?","M","?","E","M","R","BOSS","M","?","?","$","?","R","?","R","T","$","E","?","E","M","R","BOSS"],"build_version":"2018-10-11","purchased_purges":2,"victory":true,"max_hp_per_floor":[80,80,80,80,80,80,80,80,80,80,80,80,80,80,80,80,80,80,80,80,80,80,80,80,80,80,80,80,80,80,80,80,80,80,80,80,80,80,80,80,80,80,80,80,80,80,80,80,80,80],"card_choices":[{"not_picked":["Burning Pact","Anger"],"picked":"Body Slam","floor":1.0},{"not_picked":["Heavy Blade","Pommel Strike"],"picked":"Body Slam","floor":2.0},{"not_picked":["Thunderclap","Armaments"],"picked":"Shrug It Off","floor":3.0},{"not_picked":["Pommel Strike","Whirlwind","Sword Boomerang"],"picked":"SKIP","floor":4.0},{"not_picked":["Clash","True Grit"],"picked":"Battle Trance","floor":5.0},{"not_picked":["Thunderclap","Perfected Strike"],"picked":"Iron Wave","floor":7.0},{"not_picked":["Armaments","Reckless Charge"],"picked":"Shrug It Off","floor":8.0},{"not_picked":["Twin Strike","Clothesline"],"picked":"Iron Wave","floor":12.0},{"not_picked":["Perfected Strike","Exhume"],"picked":"Armaments","floor":14.0},{"not_picked":["Berserk","Brutality"],"picked":"Barricade","floor":16.0},{"not_picked":["Twin Strike","Warcry","Evolve"],"picked":"SKIP","floor":18.0},{"not_picked":["Perfected Strike","Warcry"],"picked":"Flame Barrier","floor":19.0},{"not_picked":["Sword Boomerang","Cleave+1","Warcry"],"picked":"SKIP","floor":21.0},{"not_picked":["Thunderclap","Pommel Strike","Second Wind"],"picked":"SKIP","floor":22.0},{"not_picked":["Immolate","Warcry+1"],"picked":"Impervious","floor":23.0},{"not_picked":["Twin Strike","Clothesline","Bloodletting"],"picked":"SKIP","floor":24.0},{"not_picked":["Flex","Sentinel","Wild Strike+1"],"picked":"SKIP","floor":25.0},{"not_picked":["Sword Boomerang","Twin Strike"],"picked":"Shrug It Off","floor":27},{"not_picked":["Twin Strike","Flex"],"picked":"Juggernaut","floor":28},{"not_picked":["Cleave","Fire Breathing","Anger"],"picked":"SKIP","floor":30},{"not_picked":["Perfected Strike","Rampage"],"picked":"Ghostly Armor","floor":31},{"not_picked":["Limit Break","Brutality"],"picked":"Offering","floor":33},{"not_picked":["True Grit","Perfected Strike","Dropkick"],"picked":"SKIP","floor":35},{"not_picked":["Clothesline","Anger","Wild Strike"],"picked":"SKIP","floor":36},{"not_picked":["Power Through+1","Perfected Strike","Shockwave"],"picked":"SKIP","floor":37},{"not_picked":["Thunderclap","Searing Blow+1"],"picked":"Dual Wield","floor":39},{"not_picked":["Twin Strike+1","Anger+1","Carnage"],"picked":"SKIP","floor":41},{"not_picked":["Fire Breathing+1","True Grit","Flex+1"],"picked":"SKIP","floor":45},{"not_picked":["Rupture","Cleave","Inflame"],"picked":"SKIP","floor":46},{"not_picked":["Dropkick","Demon Form","Pummel"],"picked":"SKIP","floor":47},{"not_picked":["Heavy Blade","Clothesline","Flex"],"picked":"SKIP","floor":48}],"player_experience":884279,"relics_obtained":[{"floor":7.0,"key":"Darkstone Periapt"},{"floor":9.0,"key":"Shuriken"},{"floor":12.0,"key":"Vajra"},{"floor":23.0,"key":"Bag of Preparation"},{"floor":25.0,"key":"Calipers"},{"floor":26.0,"key":"Matryoshka"},{"floor":27,"key":"Red Mask"},{"floor":30,"key":"The Courier"},{"floor":39,"key":"Nunchaku"},{"floor":43,"key":"Omamori"},{"floor":43,"key":"MawBank"},{"floor":45,"key":"Mercury Hourglass"},{"floor":47,"key":"Meat on the Bone"}],"event_choices":[{"event_name":"Wheel of Change","player_choice":"Gold","floor":10.0,"damage_taken":0.0},{"event_name":"Drug Dealer","player_choice":"Became Test Subject","floor":20.0,"damage_taken":0.0},{"event_name":"Masked Bandits","player_choice":"Fought Bandits","floor":27,"damage_taken":0},{"event_name":"MindBloom","player_choice":"Fight","floor":39,"damage_taken":0}],"is_beta":false,"boss_relics":[{"not_picked":["Runic Dome","Black Blood"],"picked":"Astrolabe"},{"not_picked":["Tiny House","White Beast Statue"],"picked":"Sozu"}],"items_purged_floors":[29,44],"is_endless":false,"potions_floor_spawned":[2,5,7,19,27,28,30,31,33,37,47,48],"ascension_level":12}