{"gold_per_floor":[210,226,243,243,257,257,286,286,286,297,311,340,13,13],"floor_reached":14,"playtime":1472,"items_purged":["Strike_G"],"score":128,"play_id":"e84a5152-8081-4dae-8210-82db261752e3","local_time":"20190716230000","is_ascension_mode":true,"campfire_choices":[{"data":"Neutralize","floor":6.0,"key":"SMITH"},{"data":"Dagger Spray","floor":8.0,"key":"SMITH"}],"neow_cost":"NONE","seed_source_timestamp":1268276459421646,"circlet_count":0,"master_deck":["Strike_G","Strike_G","Strike_G","Strike_G","Defend_G","Defend_G","Defend_G","Defend_G","Defend_G","Survivor","Neutralize+1","Backflip","Blade Dance","Poisoned Stab","Dagger Spray+1","Concentrate+1","PiercingWail+1","Die Die Die","Doppelganger+1","Backflip+1","Noxious Fumes"],"special_seed":0,"relics":["Ring of the Snake","Toxic Egg 2","Tingsha","Lantern"],"potions_floor_usage":[12],"damage_taken":[{"damage":0.0,"enemies":"Cultist","floor":1.0,"turns":4.0},{"damage":0.0,"enemies":"Small Slimes","floor":2.0,"turns":3.0},{"damage":0.0,"enemies":"Jaw Worm","floor":3.0,"turns":4.0},{"damage":3.0,"enemies":"Blue Slaver","floor":5.0,"turns":5.0},{"damage":12.0,"enemies":"Lagavulin","floor":7.0,"turns":7.0},{"damage":7.0,"enemies":"Large Slime","floor":10.0,"turns":8.0},{"damage":0.0,"enemies":"2 Fungi Beasts","floor":11.0,"turns":2.0},{"damage":47,"enemies":"Gremlin Nob","floor":12,"turns":6},{"damage":10,"enemies":"Lagavulin","floor":14,"turns":4}],"seed_played":"-3968123622692152736","potions_obtained":[{"floor":1.0,"key":"Poison Potion"},{"floor":3.0,"key":"AttackPotion"},{"floor":5.0,"key":"Explosive Potion"},{"floor":10.0,"key":"Regen Potion"}],"is_trial":false,"path_per_floor":["M","M","M","?","M","R","E","R","T","M","M","E","$","E"],"character_chosen":"THE_SILENT","items_purchased":["Lantern","Backflip+1","Noxious Fumes"],"campfire_rested":0,"item_purchase_floors":[13,13,13],"current_hp_per_floor":[70,70,70,63,60,60,48,48,48,41,41,9,9,0],"gold":13,"neow_bonus":"HUNDRED_GOLD","is_prod":false,"is_daily":false,"chose_seed":false,"campfire_upgraded":2,"win_rate":0,"timestamp":1563332400,"path_taken":["M","?","M","?","M","R","E","R","T","M","?","E","$","E"],"build_version":"2019-07-05","purchased_purges":1,"victory":false,"max_hp_per_floor":[70,70,70,70,70,70,70,70,70,70,70,70,70,70],"card_choices":[{"not_picked":["Accuracy","PiercingWail"],"picked":"Backflip","floor":1.0},{"not_picked":["Heel Hook","Concentrate"],"picked":"Blade Dance","floor":2.0},{"not_picked":["Dodge and Roll","Bane"],"picked":"Poisoned Stab","floor":3.0},{"not_picked":["Dagger Throw","Sucker Punch"],"picked":"Dagger Spray","floor":5.0},{"not_picked":["Terror","Slice"],"picked":"Concentrate","floor":7.0},{"not_picked":["Dagger Throw","Poisoned Stab"],"picked":"PiercingWail+1","floor":10.0},{"not_picked":["Flechettes","Slice"],"picked":"Die Die Die","floor":11.0},{"not_picked":["Riddle With Holes","Slice"],"picked":"Doppelganger+1","floor":12}],"player_experience":267713,"relics_obtained":[{"floor":7.0,"key":"Toxic Egg 2"},{"floor":12,"key":"Tingsha"}],"event_choices":[{"damage_healed":0.0,"max_hp_gain":0.0,"max_hp_loss":0.0,"gold_gain":0.0,"event_name":"Wheel of Change","player_choice":"Damaged","floor":4.0,"gold_loss":0.0,"damage_taken":7.0}],"is_beta":false,"boss_relics":[],"items_purged_floors":[13],"is_endless":false,"potions_floor_spawned":[1,3,5,10],"killed_by":"Lagavulin","ascension_level":5}