{"gold_per_floor":[116,116,133,133,133,164,164,174,174,254,286,304,324,324,324,429,429,442,462,442,460,460,460,491,511,561,604,632,59,59,77,77,172,172,188,203,20,0,0,0,26,26,26,26,41,41,41,60,60,60],"floor_reached":50,"playtime":4384,"items_purged":["Chaos+1"],"score":565,"play_id":"acb3a1f6-cc8c-4fed-83d9-aec19ba9112a","local_time":"20190813201923","is_ascension_mode":false,"campfire_choices":[{"data":"Dualcast","floor":7.0,"key":"SMITH"},{"data":"Zap","floor":15.0,"key":"SMITH"},{"data":"Chaos","floor":23.0,"key":"SMITH"},{"data":"Amplify","floor":30.0,"key":"SMITH"},{"data":"Go for the Eyes","floor":32.0,"key":"SMITH"},{"data":"Capacitor","floor":40,"key":"SMITH"},{"data":"Genetic Algorithm","floor":44,"key":"SMITH"},{"data":"Beam Cell","floor":47,"key":"SMITH"},{"data":"1","floor":49,"key":"LIFT"}],"neow_cost":"NONE","seed_source_timestamp":0,"circlet_count":0,"master_deck":["Zap+1","Dualcast+1","Electrodynamics","Ball Lightning","Barrage","Rebound","Self Repair","Meteor Strike","Go for the Eyes+1","Leap","Thunder Strike","Genetic Algorithm+1","Self Repair","Sunder","Double Energy","Amplify+1","Static Discharge+1","Genetic Algorithm","Self Repair+1","Beam Cell+1","Rebound+1","Steam","Double Energy","Rebound","Loop+1","Master of Strategy","Go for the Eyes+1","Electrodynamics","Hello World","BootSequence+1","Capacitor+1","Reprogram","Madness","Madness","Beam Cell+1","Parasite","Melter+1"],"special_seed":0,"relics":["Cracked Core","Nunchaku","FossilizedHelix","Gambling Chip","Dodecahedron","Vajra","Pandora\u0027s Box","Lantern","MawBank","Bag of Preparation","Girya","Tiny Chest","Nuclear Battery","Red Mask","Ancient Tea Set","Gremlin Horn"],"potions_floor_usage":[50],"damage_taken":[{"damage":0.0,"enemies":"Cultist","floor":1.0,"turns":4.0},{"damage":5.0,"enemies":"2 Louse","floor":3.0,"turns":2.0},{"damage":30.0,"enemies":"Lagavulin","floor":6.0,"turns":6.0},{"damage":0.0,"enemies":"Jaw Worm","floor":8.0,"turns":2.0},{"damage":8.0,"enemies":"3 Sentries","floor":11.0,"turns":3.0},{"damage":5.0,"enemies":"Looter","floor":12.0,"turns":3.0},{"damage":2.0,"enemies":"Blue Slaver","floor":13.0,"turns":3.0},{"damage":0.0,"enemies":"Slime Boss","floor":16.0,"turns":5.0},{"damage":16.0,"enemies":"Shell Parasite","floor":18.0,"turns":4.0},{"damage":3.0,"enemies":"Chosen","floor":19.0,"turns":4.0},{"damage":3.0,"enemies":"Snecko","floor":21.0,"turns":4.0},{"damage":24.0,"enemies":"Gremlin Leader","floor":24.0,"turns":6.0},{"damage":10.0,"enemies":"Snake Plant","floor":25.0,"turns":3.0},{"damage":22.0,"enemies":"Slavers","floor":27.0,"turns":4.0},{"damage":10.0,"enemies":"Cultist and Chosen","floor":28.0,"turns":5.0},{"damage":7.0,"enemies":"Shelled Parasite and Fungi","floor":31.0,"turns":5.0},{"damage":44.0,"enemies":"Collector","floor":33.0,"turns":7.0},{"damage":0,"enemies":"Orb Walker","floor":35,"turns":2},{"damage":10,"enemies":"3 Darklings","floor":36,"turns":4},{"damage":20,"enemies":"Sphere and 2 Shapes","floor":45,"turns":4},{"damage":13,"enemies":"Writhing Mass","floor":48,"turns":6},{"damage":86,"enemies":"Donu and Deca","floor":50,"turns":7}],"seed_played":"-5213538862134119910","potions_obtained":[{"floor":1.0,"key":"Dexterity Potion"},{"floor":11.0,"key":"Strength Potion"},{"floor":16.0,"key":"GamblersBrew"},{"floor":18.0,"key":"Fire Potion"},{"floor":20.0,"key":"Swift Potion"},{"floor":25.0,"key":"Weak Potion"},{"floor":27.0,"key":"SkillPotion"},{"floor":36,"key":"Fire Potion"},{"floor":48,"key":"SmokeBomb"}],"is_trial":false,"path_per_floor":["M","?","M","?","?","E","R","M","T","T","E","M","M","?","R","B",null,"M","M","?","M","?","R","E","M","T","E","M","$","R","M","R","B",null,"M","M","$","?","$","R","T","?","T","R","M","$","R","M","R","B"],"character_chosen":"DEFECT","items_purchased":["Master of Strategy","Girya","Tiny Chest","Capacitor","Reprogram"],"campfire_rested":0,"item_purchase_floors":[29,29,29,37,37],"current_hp_per_floor":[75,75,70,52,75,45,45,45,45,45,44,46,44,44,44,51,75,66,75,75,75,75,75,75,75,75,75,75,75,75,75,75,48,75,75,75,75,75,75,75,75,66,66,66,70,70,70,75,75,0],"gold":60,"neow_bonus":"ONE_RANDOM_RARE_CARD","is_prod":false,"is_daily":false,"chose_seed":false,"campfire_upgraded":8,"win_rate":0.0,"timestamp":1565698763,"path_taken":["M","?","M","?","?","E","R","M","T","?","E","?","M","?","R","BOSS","M","M","?","?","?","R","E","?","T","E","M","$","R","M","R","BOSS","M","M","$","?","$","R","?","?","T","R","M","$","R","M","R","BOSS"],"build_version":"2019-07-17","purchased_purges":1,"victory":false,"max_hp_per_floor":[75,75,75,75,75,75,75,75,75,75,75,75,75,75,75,75,75,75,75,75,75,75,75,75,75,75,75,75,75,75,75,75,75,75,75,75,75,75,75,75,75,75,75,75,75,75,75,75,75,75],"card_choices":[{"not_picked":["Skim","Gash"],"picked":"Ball Lightning","floor":1.0},{"not_picked":["Doom and Gloom","Turbo"],"picked":"Barrage","floor":3.0},{"not_picked":["Genetic Algorithm","Fusion"],"picked":"Rebound","floor":6.0},{"not_picked":["Go for the Eyes","Tempest"],"picked":"Self Repair","floor":8.0},{"not_picked":["Cold Snap","Double Energy"],"picked":"Meteor Strike","floor":11.0},{"not_picked":["Leap","Compile Driver"],"picked":"Go for the Eyes","floor":12.0},{"not_picked":["Go for the Eyes","Sweeping Beam"],"picked":"Leap","floor":13.0},{"not_picked":["Electrodynamics","Meteor Strike"],"picked":"Thunder Strike","floor":16.0},{"not_picked":["Ball Lightning","Sweeping Beam"],"picked":"Self Repair+1","floor":18.0},{"not_picked":["Rebound+1","Static Discharge"],"picked":"Beam Cell+1","floor":19.0},{"not_picked":["Beam Cell","Compile Driver"],"picked":"Rebound+1","floor":21.0},{"not_picked":["Rebound","Multi-Cast"],"picked":"Steam","floor":24.0},{"not_picked":["Blizzard","Barrage"],"picked":"Double Energy","floor":25.0},{"not_picked":["Go for the Eyes","Consume"],"picked":"Rebound","floor":27.0},{"not_picked":["Cold Snap","Barrage"],"picked":"Loop+1","floor":28.0},{"not_picked":["Multi-Cast","Beam Cell"],"picked":"Go for the Eyes","floor":31.0},{"not_picked":["Meteor Strike","Thunder Strike"],"picked":"Electrodynamics","floor":33.0},{"not_picked":["Stack","Streamline+1"],"picked":"Hello World","floor":35},{"not_picked":["Stack","Consume+1"],"picked":"BootSequence+1","floor":36},{"not_picked":["Streamline","Chill+1"],"picked":"Beam Cell","floor":45},{"not_picked":["Scrape+1","Sweeping Beam+1"],"picked":"Melter+1","floor":48}],"player_experience":103567,"relics_obtained":[{"floor":6.0,"key":"FossilizedHelix"},{"floor":9.0,"key":"Gambling Chip"},{"floor":10.0,"key":"Dodecahedron"},{"floor":11.0,"key":"Vajra"},{"floor":24.0,"key":"Lantern"},{"floor":26.0,"key":"MawBank"},{"floor":27.0,"key":"Bag of Preparation"},{"floor":41,"key":"Ancient Tea Set"},{"floor":43,"key":"Gremlin Horn"}],"event_choices":[{"damage_healed":0.0,"max_hp_gain":0.0,"max_hp_loss":0.0,"gold_gain":0.0,"event_name":"Liars Game","player_choice":"Ignored","floor":2.0,"gold_loss":0.0,"damage_taken":0.0},{"damage_healed":0.0,"max_hp_gain":0.0,"max_hp_loss":0.0,"gold_gain":0.0,"event_name":"Scrap Ooze","player_choice":"Success","floor":4.0,"gold_loss":0.0,"damage_taken":18.0,"relics_obtained":["Nunchaku"]},{"damage_healed":25.0,"max_hp_gain":0.0,"max_hp_loss":0.0,"gold_gain":0.0,"event_name":"Big Fish","player_choice":"Banana","floor":5.0,"gold_loss":0.0,"damage_taken":0.0},{"damage_healed":0.0,"max_hp_gain":0.0,"max_hp_loss":0.0,"gold_gain":0.0,"event_name":"Living Wall","player_choice":"Grow","floor":14.0,"gold_loss":0.0,"damage_taken":0.0,"cards_upgraded":["Go for the Eyes"]},{"damage_healed":0.0,"max_hp_gain":0.0,"max_hp_loss":0.0,"gold_gain":0.0,"event_name":"The Woman in Blue","player_choice":"Bought 1 Potion","floor":20.0,"gold_loss":0.0,"damage_taken":0.0},{"damage_healed":0.0,"max_hp_gain":0.0,"max_hp_loss":0.0,"gold_gain":0.0,"event_name":"Upgrade Shrine","player_choice":"Upgraded","floor":22.0,"gold_loss":0.0,"damage_taken":0.0,"cards_upgraded":["Static Discharge"]},{"damage_healed":0,"gold_gain":0,"player_choice":"Paid","damage_taken":0,"relics_obtained":["Red Mask"],"max_hp_gain":0,"max_hp_loss":0,"event_name":"Tomb of Lord Red Mask","floor":38,"gold_loss":20},{"damage_healed":0,"gold_gain":0,"player_choice":"Embrace Madness","damage_taken":9,"max_hp_gain":0,"max_hp_loss":0,"event_name":"Winding Halls","floor":42,"gold_loss":0,"cards_obtained":["Madness","Madness"]}],"is_beta":false,"boss_relics":[{"not_picked":["Astrolabe","Black Star"],"picked":"Pandora\u0027s Box"},{"not_picked":["Velvet Choker","Cursed Key"],"picked":"Nuclear Battery"}],"items_purged_floors":[37],"is_endless":false,"potions_floor_spawned":[1,11,16,18,21,25,27,36,48],"killed_by":"Donu and Deca","ascension_level":0}