{"gold_per_floor":[116,5,15,15,115,128,128,153,153,153,172,172,47,60,60,159,159,176,189,189,64,64,93,93,93,93,93,106,122,122,150,150,255,255,270,315,328,328,347,373,373,404,459,489,489,521,567,589,601,613,625,637,35,60,60],"floor_reached":56,"playtime":5133,"items_purged":["Parasite","Strike_B","Writhe"],"score":2106,"play_id":"8ec980ed-d09b-448c-a3f6-1d8c4e94323a","local_time":"20190802204148","is_ascension_mode":true,"campfire_choices":[{"data":"Loop","floor":7,"key":"SMITH"},{"data":"Zap","floor":10,"key":"SMITH"},{"data":"Defragment","floor":15,"key":"SMITH"},{"data":"Double Energy","floor":25,"key":"SMITH"},{"data":"Biased Cognition","floor":27,"key":"SMITH"},{"data":"Dualcast","floor":30,"key":"SMITH"},{"floor":32,"key":"RECALL"},{"floor":41,"key":"REST"},{"floor":49,"key":"REST"},{"floor":52,"key":"REST"}],"neow_cost":"CURSE","seed_source_timestamp":333201884113776,"circlet_count":0,"master_deck":["Zap+1","Dualcast+1","Ball Lightning","Machine Learning","Loop+1","Leap","Core Surge","Defragment+1","Leap","Conserve Battery","Biased Cognition+1","Heatsinks+1","Auto Shields+1","Hyperbeam+1","Conserve Battery+1","Leap+1","Ball Lightning","Double Energy+1","Ghostly","Ghostly","Ghostly","Ghostly","Ghostly","Compile Driver+1","Reboot","Leap+1","Cold Snap+1","Capacitor+1","Compile Driver+1","Electrodynamics","Cold Snap+1","Tempest+1","Capacitor+1","Cold Snap+1","Loop"],"relics":["Cracked Core","Bottled Flame","Symbiotic Virus","Astrolabe","Regal Pillow","Oddly Smooth Stone","Molten Egg 2","DataDisk","Fusion Hammer","Ginger","Darkstone Periapt","Smiling Mask","Potion Belt","MawBank","Incense Burner","Mango","Toy Ornithopter","Cables"],"potions_floor_usage":[16,19,23,28,31,40,48,55,55,55,55],"damage_taken":[{"damage":1,"enemies":"Cultist","floor":1,"turns":3},{"damage":12,"enemies":"Jaw Worm","floor":3,"turns":3},{"damage":0,"enemies":"2 Louse","floor":6,"turns":2},{"damage":48,"enemies":"3 Sentries","floor":8,"turns":6},{"damage":7,"enemies":"Exordium Thugs","floor":11,"turns":3},{"damage":0,"enemies":"Exordium Wildlife","floor":14,"turns":2},{"damage":0,"enemies":"Slime Boss","floor":16,"turns":6},{"damage":0,"enemies":"Spheric Guardian","floor":18,"turns":4},{"damage":3,"enemies":"3 Byrds","floor":19,"turns":4},{"damage":18,"enemies":"Gremlin Leader","floor":23,"turns":5},{"damage":12,"enemies":"Centurion and Healer","floor":28,"turns":6},{"damage":3,"enemies":"Snake Plant","floor":29,"turns":3},{"damage":0,"enemies":"Slavers","floor":31,"turns":4},{"damage":0,"enemies":"Collector","floor":33,"turns":6},{"damage":1,"enemies":"Orb Walker","floor":35,"turns":3},{"damage":0,"enemies":"2 Orb Walkers","floor":36,"turns":4},{"damage":1,"enemies":"3 Darklings","floor":37,"turns":4},{"damage":0,"enemies":"Writhing Mass","floor":39,"turns":5},{"damage":0,"enemies":"Reptomancer","floor":40,"turns":6},{"damage":0,"enemies":"Giant Head","floor":42,"turns":6},{"damage":0,"enemies":"Reptomancer","floor":44,"turns":5},{"damage":1,"enemies":"Transient","floor":46,"turns":5},{"damage":0,"enemies":"Giant Head","floor":47,"turns":7},{"damage":0,"enemies":"Jaw Worm Horde","floor":48,"turns":4},{"damage":8,"enemies":"Donu and Deca","floor":50,"turns":6},{"damage":1,"enemies":"Shield and Spear","floor":54,"turns":5},{"damage":19,"enemies":"The Heart","floor":55,"turns":7}],"seed_played":"-5705806741864108662","potions_obtained":[{"floor":6,"key":"Swift Potion"},{"floor":8,"key":"Block Potion"},{"floor":16,"key":"Regen Potion"},{"floor":18,"key":"FearPotion"},{"floor":23,"key":"Weak Potion"},{"floor":29,"key":"Regen Potion"},{"floor":31,"key":"LiquidBronze"},{"floor":35,"key":"SkillPotion"},{"floor":39,"key":"SkillPotion"},{"floor":42,"key":"Strength Potion"},{"floor":46,"key":"Energy Potion"}],"is_trial":false,"path_per_floor":["M","$","M","?","?","M","R","E","T","R","M","?","$","M","R","B",null,"M","M","?","$","?","E","?","R","T","R","M","M","R","E","R","B",null,"M","?","M","?","M","E","R","E","T","E","T","M","E","M","R","B",null,"R","$","E","B",null],"character_chosen":"DEFECT","items_purchased":["Loop","Leap","Cold Snap+1","Mango","Toy Ornithopter","Energy Potion","Fire Potion"],"campfire_rested":3,"item_purchase_floors":[2,13,53,53,53,53,53],"current_hp_per_floor":[67,67,55,60,60,60,60,12,12,12,5,5,5,5,5,5,59,59,56,56,56,56,47,38,38,38,38,26,23,23,35,35,35,37,36,36,35,35,35,35,38,38,38,38,38,37,37,37,38,30,36,38,52,51,52],"gold":60,"neow_bonus":"TRANSFORM_TWO_CARDS","is_prod":false,"is_daily":false,"chose_seed":false,"campfire_upgraded":6,"win_rate":0,"timestamp":1564792908,"path_taken":["M","$","?","?","?","M","R","E","T","R","?","?","$","M","R","BOSS","M","M","?","$","?","E","?","R","T","R","M","M","R","E","R","BOSS","M","?","M","?","?","E","R","E","T","E","?","M","E","M","R","BOSS","R","$","E","BOSS"],"build_version":"2019-07-17","purchased_purges":3,"victory":true,"max_hp_per_floor":[75,72,72,77,77,77,77,77,77,77,77,77,77,77,77,77,77,77,77,77,77,77,77,38,38,38,38,38,38,38,38,38,38,38,38,38,38,38,38,38,38,38,38,38,38,38,38,38,38,38,38,38,52,52,52],"card_choices":[{"not_picked":["Turbo","Sweeping Beam","Go for the Eyes"],"picked":"SKIP","floor":1},{"not_picked":["Sunder","Redo"],"picked":"Leap","floor":3},{"not_picked":["Gash","Go for the Eyes","Compile Driver"],"picked":"SKIP","floor":6},{"not_picked":["Hello World","Hologram"],"picked":"Core Surge","floor":8},{"not_picked":["Rebound","Reprogram"],"picked":"Defragment","floor":11},{"not_picked":["Sweeping Beam","Rebound"],"picked":"Conserve Battery","floor":14},{"not_picked":["Meteor Strike","Fission"],"picked":"Biased Cognition","floor":16},{"not_picked":["Hologram","Hello World"],"picked":"Conserve Battery+1","floor":18},{"not_picked":["FTL+1","Rip and Tear"],"picked":"Leap+1","floor":19},{"not_picked":["Conserve Battery","Consume+1","Reprogram"],"picked":"SKIP","floor":23},{"not_picked":["Tempest","Steam","Darkness"],"picked":"SKIP","floor":28},{"not_picked":["Steam","Aggregate","Streamline+1"],"picked":"SKIP","floor":29},{"not_picked":["Streamline+1","Storm"],"picked":"Compile Driver+1","floor":31},{"not_picked":["Hyperbeam+1","Amplify"],"picked":"Reboot","floor":33},{"not_picked":["Steam+1","Heatsinks"],"picked":"Leap+1","floor":35},{"not_picked":["Recycle","Gash+1"],"picked":"Cold Snap+1","floor":36},{"not_picked":["Ball Lightning+1","Stack"],"picked":"Capacitor","floor":37},{"not_picked":["Gash+1","Rebound+1"],"picked":"Compile Driver+1","floor":39},{"not_picked":["Stack","Conserve Battery+1"],"picked":"Electrodynamics","floor":40},{"not_picked":["Stack","Amplify"],"picked":"Cold Snap+1","floor":42},{"not_picked":["Genetic Algorithm","Aggregate"],"picked":"Tempest+1","floor":44},{"not_picked":["Rebound+1","Steam","Reinforced Body"],"picked":"SKIP","floor":46},{"not_picked":["Skim+1","Compile Driver+1"],"picked":"Capacitor+1","floor":47},{"not_picked":["Hologram","Auto Shields+1","Gash+1"],"picked":"SKIP","floor":48},{"not_picked":["Sweeping Beam+1","Redo+1"],"picked":"Loop","floor":54}],"player_experience":332823,"relics_obtained":[{"floor":8,"key":"Bottled Flame"},{"floor":9,"key":"Symbiotic Virus"},{"floor":23,"key":"Oddly Smooth Stone"},{"floor":26,"key":"Molten Egg 2"},{"floor":31,"key":"DataDisk"},{"floor":36,"key":"Ginger"},{"floor":40,"key":"Darkstone Periapt"},{"floor":42,"key":"Smiling Mask"},{"floor":44,"key":"Potion Belt"},{"floor":45,"key":"MawBank"},{"floor":47,"key":"Incense Burner"},{"floor":54,"key":"Cables"}],"event_choices":[{"damage_healed":0,"gold_gain":0,"player_choice":"Donut","damage_taken":0,"max_hp_gain":5,"max_hp_loss":0,"event_name":"Big Fish","floor":4,"gold_loss":0},{"damage_healed":0,"gold_gain":100,"player_choice":"Pray","damage_taken":0,"max_hp_gain":0,"max_hp_loss":0,"event_name":"Golden Shrine","floor":5,"gold_loss":0},{"damage_healed":0,"gold_gain":0,"player_choice":"Fled","damage_taken":0,"max_hp_gain":0,"max_hp_loss":0,"event_name":"Scrap Ooze","floor":12,"gold_loss":0},{"damage_healed":0,"gold_gain":0,"player_choice":"Opened","damage_taken":0,"relics_obtained":["Regal Pillow"],"max_hp_gain":0,"max_hp_loss":0,"event_name":"The Mausoleum","floor":20,"gold_loss":0,"cards_obtained":["Writhe"]},{"damage_healed":0,"gold_gain":0,"cards_transformed":["Defend_B","Defend_B"],"player_choice":"Became Test Subject","damage_taken":0,"max_hp_gain":0,"max_hp_loss":0,"event_name":"Drug Dealer","floor":22,"gold_loss":0,"cards_obtained":["Ball Lightning","Double Energy"]},{"damage_healed":0,"gold_gain":0,"player_choice":"Became a Ghost","damage_taken":0,"max_hp_gain":0,"max_hp_loss":39,"event_name":"Ghosts","floor":24,"gold_loss":0,"cards_obtained":["Ghostly","Ghostly","Ghostly","Ghostly","Ghostly"]},{"damage_healed":0,"gold_gain":0,"player_choice":"Fight","damage_taken":0,"max_hp_gain":0,"max_hp_loss":0,"event_name":"Mysterious Sphere","floor":36,"gold_loss":0},{"damage_healed":0,"gold_gain":0,"player_choice":"Forge","damage_taken":0,"max_hp_gain":0,"max_hp_loss":0,"event_name":"Accursed Blacksmith","floor":38,"gold_loss":0,"cards_upgraded":["Capacitor"]}],"is_beta":false,"boss_relics":[{"not_picked":["Tiny House","Runic Pyramid"],"picked":"Astrolabe"},{"not_picked":["Black Star","Calling Bell"],"picked":"Fusion Hammer"}],"items_purged_floors":[2,13,21],"is_endless":false,"potions_floor_spawned":[6,8,16,18,23,29,31,35,39,42,46],"ascension_level":9}