{"gold_per_floor":[111,131,144,157,173,173,183,202,202,202,214,214,229,229,229,360,360,345,345,34,34,52,52],"floor_reached":23,"playtime":3075,"items_purged":[],"score":187,"play_id":"6742c82f-67c2-44cf-9828-712e9fa3de68","local_time":"20190206160527","is_ascension_mode":false,"campfire_choices":[{"floor":6,"key":"DIG"},{"floor":10,"key":"DIG"},{"floor":12,"key":"DIG"},{"data":"Armaments","floor":15,"key":"SMITH"}],"neow_cost":"TEN_PERCENT_HP_LOSS","seed_source_timestamp":167412025262962,"circlet_count":0,"master_deck":["Strike_R","Strike_R","Strike_R","Strike_R","Strike_R","Defend_R","Defend_R","Defend_R","Defend_R","Bash","Anger","True Grit","Iron Wave","Armaments+1","Warcry","Infernal Blade","Headbutt","Feed","Clumsy","Parasite","Clumsy","Fire Breathing","RitualDagger","True Grit+1"],"relics":["Burning Blood","Shovel","Calipers","Bag of Marbles","Kunai","Orichalcum","Golden Idol","Calling Bell","Ancient Tea Set","Ornamental Fan","Unceasing Top","Peace Pipe"],"potions_floor_usage":[16,16,16,22],"damage_taken":[{"damage":0,"enemies":"Small Slimes","floor":1,"turns":3},{"damage":3,"enemies":"Jaw Worm","floor":2,"turns":4},{"damage":7,"enemies":"2 Louse","floor":3,"turns":3},{"damage":9,"enemies":"Large Slime","floor":4,"turns":8},{"damage":7,"enemies":"3 Louse","floor":5,"turns":6},{"damage":13,"enemies":"Lots of Slimes","floor":7,"turns":7},{"damage":7,"enemies":"Looter","floor":8,"turns":4},{"damage":6,"enemies":"Gremlin Gang","floor":11,"turns":6},{"damage":2,"enemies":"2 Fungi Beasts","floor":13,"turns":3},{"damage":43,"enemies":"The Guardian","floor":16,"turns":10},{"damage":33,"enemies":"2 Thieves","floor":18,"turns":5},{"damage":1,"enemies":"Chosen","floor":22,"turns":3},{"damage":47,"enemies":"Slavers","floor":23,"turns":3}],"seed_played":"-883432646945231906","potions_obtained":[{"floor":2,"key":"Weak Potion"},{"floor":7,"key":"Ancient Potion"},{"floor":8,"key":"Dexterity Potion"},{"floor":11,"key":"SkillPotion"},{"floor":13,"key":"PowerPotion"},{"floor":18,"key":"AttackPotion"}],"is_trial":false,"path_per_floor":["M","M","M","M","M","R","M","M","T","R","M","R","M","?","R","B",null,"M","?","$","?","M","E"],"character_chosen":"IRONCLAD","items_purchased":["Peace Pipe"],"campfire_rested":0,"item_purchase_floors":[20],"current_hp_per_floor":[72,72,71,68,67,67,60,59,59,59,59,59,63,63,63,26,67,40,34,34,34,39,0],"gold":52,"neow_bonus":"ONE_RARE_RELIC","is_prod":false,"is_daily":false,"chose_seed":false,"campfire_upgraded":1,"win_rate":0,"timestamp":1549465527,"path_taken":["M","M","M","M","M","R","M","M","T","R","M","R","M","?","R","BOSS","M","?","$","?","M","E"],"build_version":"2019-01-23","purchased_purges":0,"victory":false,"max_hp_per_floor":[72,72,72,72,72,72,72,72,72,72,72,72,72,67,67,67,67,67,67,67,67,67,67],"card_choices":[{"not_picked":["Searing Blow","Clash"],"picked":"Anger","floor":1},{"not_picked":["Dual Wield","Flex"],"picked":"True Grit","floor":2},{"not_picked":["Sword Boomerang","Clothesline"],"picked":"Iron Wave","floor":3},{"not_picked":["Sword Boomerang","Brutality"],"picked":"Armaments","floor":4},{"not_picked":["Searing Blow","Hemokinesis"],"picked":"Warcry","floor":5},{"not_picked":["Shockwave","Twin Strike","Flex"],"picked":"SKIP","floor":7},{"not_picked":["Warcry","Twin Strike"],"picked":"Infernal Blade","floor":8},{"not_picked":["Anger","Uppercut","Shrug It Off"],"picked":"SKIP","floor":11},{"not_picked":["Blood for Blood","Ghostly Armor"],"picked":"Headbutt","floor":13},{"not_picked":["Impervious","Limit Break"],"picked":"Feed","floor":16},{"not_picked":["Body Slam","Warcry"],"picked":"Fire Breathing","floor":18},{"not_picked":["Uppercut","Anger"],"picked":"True Grit+1","floor":22}],"player_experience":45105,"relics_obtained":[{"floor":6,"key":"Calipers"},{"floor":9,"key":"Bag of Marbles"},{"floor":10,"key":"Kunai"},{"floor":12,"key":"Orichalcum"},{"floor":17,"key":"Ancient Tea Set"},{"floor":17,"key":"Ornamental Fan"},{"floor":17,"key":"Unceasing Top"}],"event_choices":[{"damage_healed":0,"gold_gain":0,"player_choice":"Lose Max HP","damage_taken":0,"relics_obtained":["Golden Idol"],"max_hp_gain":0,"max_hp_loss":5,"event_name":"Golden Idol","floor":14,"gold_loss":0},{"damage_healed":0,"gold_gain":0,"player_choice":"Joined the Cult","damage_taken":6,"max_hp_gain":0,"max_hp_loss":0,"event_name":"Nest","floor":19,"gold_loss":0,"cards_obtained":["RitualDagger"]},{"damage_healed":0,"gold_gain":0,"player_choice":"Ignored","damage_taken":0,"max_hp_gain":0,"max_hp_loss":0,"event_name":"Ghosts","floor":21,"gold_loss":0}],"is_beta":true,"boss_relics":[{"not_picked":["Mark of Pain","Runic Dome"],"picked":"Calling Bell"}],"items_purged_floors":[],"is_endless":false,"potions_floor_spawned":[2,7,8,11,13,18],"killed_by":"Slavers","ascension_level":0}