{"gold_per_floor":[116,127,127,127,137,137,137,107,107,107,120,120,136,160,160,286,286,311,311,339,355,355,355,382,382,382,398,414,426,437,437,437,541,541,557,557,557,155,255,255,274,274,274,36,47,58,75,90,90,90],"floor_reached":50,"playtime":3759,"items_purged":["Strike_R"],"score":479,"play_id":"924dadf4-1f8b-40e1-9b22-2c10256691c5","local_time":"20190816154306","is_ascension_mode":false,"campfire_choices":[{"data":"Bash","floor":6,"key":"SMITH"},{"data":"Twin Strike","floor":10,"key":"SMITH"},{"data":"Dropkick","floor":12,"key":"SMITH"},{"data":"Shockwave","floor":15,"key":"SMITH"},{"floor":23,"key":"REST"},{"data":"Reaper","floor":25,"key":"SMITH"},{"data":"Warcry","floor":32,"key":"SMITH"},{"floor":40,"key":"REST"},{"floor":49,"key":"REST"}],"neow_cost":"NONE","seed_source_timestamp":63653967104600,"circlet_count":0,"master_deck":["Strike_R","Strike_R+1","Defend_R","Defend_R","Defend_R","Defend_R","Impatience","Shrug It Off","Shockwave+1","Warcry+1","Injury","Twin Strike+1","Dropkick+1","Reaper+1","Anger","Iron Wave+1","Reckless Charge+1","Uppercut+1","Corruption+1","Armaments+1","Fiend Fire","Reckless Charge+1","Immolate+1","Sentinel+1","Madness","Madness","Trip","True Grit","Feel No Pain","Inflame+1","Carnage+1","Double Tap"],"relics":["Burning Blood","Bloody Idol","Shuriken","Whetstone","Mark of Pain","Red Mask","Gremlin Horn","Turnip","Astrolabe","HandDrill","Gambling Chip","Ornamental Fan","Mercury Hourglass"],"potions_floor_usage":[16,24,33,33,33,50,50,50],"damage_taken":[{"damage":12,"enemies":"Small Slimes","floor":1,"turns":4},{"damage":2,"enemies":"Jaw Worm","floor":2,"turns":5},{"damage":6,"enemies":"Cultist","floor":5,"turns":6},{"damage":5,"enemies":"Looter","floor":8,"turns":4},{"damage":14,"enemies":"Blue Slaver","floor":11,"turns":7},{"damage":8,"enemies":"2 Fungi Beasts","floor":13,"turns":3},{"damage":45,"enemies":"The Guardian","floor":16,"turns":15},{"damage":14,"enemies":"Shell Parasite","floor":18,"turns":6},{"damage":48,"enemies":"Masked Bandits","floor":20,"turns":6},{"damage":22,"enemies":"2 Thieves","floor":21,"turns":4},{"damage":21,"enemies":"Book of Stabbing","floor":24,"turns":5},{"damage":18,"enemies":"Snake Plant","floor":27,"turns":6},{"damage":13,"enemies":"Shelled Parasite and Fungi","floor":28,"turns":4},{"damage":16,"enemies":"3 Cultists","floor":29,"turns":5},{"damage":3,"enemies":"Chosen and Byrds","floor":30,"turns":6},{"damage":55,"enemies":"Champ","floor":33,"turns":10},{"damage":35,"enemies":"3 Shapes","floor":35,"turns":4},{"damage":42,"enemies":"Mind Bloom Boss Battle","floor":39,"turns":12},{"damage":16,"enemies":"3 Darklings","floor":41,"turns":6},{"damage":2,"enemies":"Jaw Worm Horde","floor":45,"turns":4},{"damage":23,"enemies":"Writhing Mass","floor":46,"turns":6},{"damage":20,"enemies":"Transient","floor":47,"turns":5},{"damage":2,"enemies":"Sphere and 2 Shapes","floor":48,"turns":5},{"damage":123,"enemies":"Time Eater","floor":50,"turns":12}],"seed_played":"1438838612928981733","potions_obtained":[{"floor":11,"key":"Energy Potion"},{"floor":13,"key":"Swift Potion"},{"floor":16,"key":"SkillPotion"},{"floor":21,"key":"Poison Potion"},{"floor":24,"key":"Dexterity Potion"},{"floor":30,"key":"Strength Potion"},{"floor":33,"key":"BloodPotion"},{"floor":35,"key":"BloodPotion"},{"floor":39,"key":"GamblersBrew"},{"floor":45,"key":"Poison Potion"}],"is_trial":false,"path_per_floor":["M","M","?","?","M","R","?","M","T","R","M","R","M","T","R","B",null,"M","?","?","M","?","R","E","R","T","M","M","M","M","?","R","B",null,"M","?","?","$","?","R","M","?","T","$","M","M","M","M","R","B"],"character_chosen":"IRONCLAD","items_purchased":["HandDrill","True Grit","Feel No Pain","Mercury Hourglass"],"campfire_rested":3,"item_purchase_floors":[38,38,38,44],"current_hp_per_floor":[74,78,71,71,71,71,71,72,72,72,64,64,62,62,62,23,80,76,76,46,46,46,70,60,60,60,62,60,73,80,80,80,48,80,64,54,54,54,33,57,52,57,57,57,66,54,57,66,80,0],"gold":90,"neow_bonus":"RANDOM_COLORLESS","is_prod":false,"is_daily":false,"chose_seed":false,"campfire_upgraded":6,"win_rate":0,"timestamp":1565941386,"path_taken":["M","M","?","?","M","R","?","?","T","R","M","R","M","?","R","BOSS","M","?","?","M","?","R","E","R","T","M","?","M","M","?","R","BOSS","M","?","?","$","?","R","M","?","T","$","?","M","M","M","R","BOSS"],"build_version":"2019-07-17","purchased_purges":1,"victory":false,"max_hp_per_floor":[80,80,80,80,80,80,80,80,80,80,80,80,80,80,80,80,80,80,80,80,80,80,80,80,80,80,80,80,80,80,80,80,80,80,80,80,80,80,80,80,80,80,80,80,80,80,80,80,80,80],"card_choices":[{"not_picked":["Flex","Anger"],"picked":"Shrug It Off","floor":1},{"not_picked":["Shrug It Off","Warcry"],"picked":"Shockwave","floor":2},{"not_picked":["Blood for Blood","Seeing Red"],"picked":"Warcry","floor":5},{"not_picked":["Shrug It Off","Iron Wave"],"picked":"Twin Strike","floor":8},{"not_picked":["Blood for Blood","Wild Strike"],"picked":"Dropkick","floor":11},{"not_picked":["Anger","Flex"],"picked":"Clothesline","floor":13},{"not_picked":["Impervious","Fiend Fire"],"picked":"Reaper","floor":16},{"not_picked":["Pummel","Headbutt+1"],"picked":"Anger","floor":18},{"not_picked":["Flame Barrier","Wild Strike"],"picked":"Iron Wave","floor":20},{"not_picked":["Pummel","Iron Wave","Body Slam"],"picked":"SKIP","floor":21},{"not_picked":["Uppercut","Barricade"],"picked":"Reckless Charge+1","floor":24},{"not_picked":["Sword Boomerang","Clothesline"],"picked":"Uppercut+1","floor":27},{"not_picked":["Uppercut","Dropkick"],"picked":"Corruption+1","floor":28},{"not_picked":["Shrug It Off","Reckless Charge","Clash"],"picked":"SKIP","floor":29},{"not_picked":["Clash","Iron Wave"],"picked":"Armaments+1","floor":30},{"not_picked":["Brutality","Reaper"],"picked":"Fiend Fire","floor":33},{"not_picked":["Armaments","Thunderclap"],"picked":"Sentinel+1","floor":35},{"not_picked":["Panache","Secret Weapon"],"picked":"Trip","floor":37},{"not_picked":["Battle Trance+1","Flex+1"],"picked":"Inflame+1","floor":39},{"not_picked":["Feel No Pain+1","Sword Boomerang+1","Armaments+1"],"picked":"SKIP","floor":41},{"not_picked":["Clash+1","Anger","Warcry+1"],"picked":"SKIP","floor":45},{"not_picked":["Iron Wave+1","True Grit+1"],"picked":"Carnage+1","floor":46},{"not_picked":["Searing Blow","Wild Strike+1","Perfected Strike+1"],"picked":"SKIP","floor":47},{"not_picked":["Searing Blow","Wild Strike+1","Perfected Strike+1"],"picked":"SKIP","floor":47},{"not_picked":["Dual Wield","Armaments+1"],"picked":"Double Tap","floor":48}],"player_experience":186187,"relics_obtained":[{"floor":9,"key":"Shuriken"},{"floor":14,"key":"Whetstone"},{"floor":20,"key":"Red Mask"},{"floor":24,"key":"Gremlin Horn"},{"floor":26,"key":"Turnip"},{"floor":39,"key":"Gambling Chip"},{"floor":43,"key":"Ornamental Fan"}],"event_choices":[{"cards_removed":["Strike_R"],"damage_healed":0,"gold_gain":0,"player_choice":"Card Removal","damage_taken":7,"max_hp_gain":0,"max_hp_loss":0,"event_name":"Golden Wing","floor":3,"gold_loss":0},{"damage_healed":0,"gold_gain":0,"player_choice":"Ignored","damage_taken":0,"max_hp_gain":0,"max_hp_loss":0,"event_name":"Shining Light","floor":4,"gold_loss":0},{"damage_healed":0,"gold_gain":0,"player_choice":"Take Wound","damage_taken":0,"relics_obtained":["Golden Idol"],"max_hp_gain":0,"max_hp_loss":0,"event_name":"Golden Idol","floor":7,"gold_loss":0,"cards_obtained":["Injury"]},{"damage_healed":0,"gold_gain":0,"player_choice":"Gave Idol","damage_taken":0,"relics_obtained":["Bloody Idol"],"max_hp_gain":0,"max_hp_loss":0,"event_name":"Forgotten Altar","floor":19,"relics_lost":["Golden Idol"],"gold_loss":0},{"damage_healed":0,"gold_gain":0,"player_choice":"Fought Bandits","damage_taken":0,"max_hp_gain":0,"max_hp_loss":0,"event_name":"Masked Bandits","floor":20,"gold_loss":0},{"damage_healed":0,"gold_gain":0,"player_choice":"Forge","damage_taken":0,"max_hp_gain":0,"max_hp_loss":0,"event_name":"Accursed Blacksmith","floor":22,"gold_loss":0,"cards_upgraded":["Iron Wave"]},{"damage_healed":0,"gold_gain":0,"player_choice":"Ignored","damage_taken":0,"max_hp_gain":0,"max_hp_loss":0,"event_name":"Ghosts","floor":31,"gold_loss":0},{"damage_healed":0,"gold_gain":0,"player_choice":"Embrace Madness","damage_taken":10,"max_hp_gain":0,"max_hp_loss":0,"event_name":"Winding Halls","floor":36,"gold_loss":0,"cards_obtained":["Madness","Madness"]},{"damage_healed":0,"gold_gain":0,"player_choice":"Memory 1","damage_taken":0,"max_hp_gain":0,"max_hp_loss":0,"event_name":"SensoryStone","floor":37,"gold_loss":0},{"damage_healed":0,"gold_gain":0,"player_choice":"Fight","damage_taken":0,"max_hp_gain":0,"max_hp_loss":0,"event_name":"MindBloom","floor":39,"gold_loss":0},{"cards_removed":["Clash"],"damage_healed":5,"gold_gain":0,"player_choice":"Offered Common","damage_taken":0,"max_hp_gain":0,"max_hp_loss":0,"event_name":"Bonfire Elementals","floor":42,"gold_loss":0},{"cards_removed":["Clash"],"damage_healed":5,"gold_gain":0,"player_choice":"Offered Special","damage_taken":0,"max_hp_gain":0,"max_hp_loss":0,"event_name":"Bonfire Elementals","floor":42,"gold_loss":0}],"is_beta":false,"boss_relics":[{"not_picked":["Fusion Hammer","Coffee Dripper"],"picked":"Mark of Pain"},{"not_picked":["Orrery","Black Star"],"picked":"Astrolabe"}],"items_purged_floors":[38],"is_endless":false,"potions_floor_spawned":[11,13,16,21,24,27,30,33,35,39,45,48],"killed_by":"Time Eater","ascension_level":0}