{"gold_per_floor":[114,129,144,129,144,174,204,204,204,234,234,34,64,126,126,226,226,241,241,241,52,52,82,82,97,97,127,144,144,174,189,189,289,289,304,526,526,46,61,91,91,121,121,121,41,41,71,86,86,86],"floor_reached":51,"playtime":6595,"items_purged":["Strike_B","Decay"],"score":892,"play_id":"64463c83-cbbe-4dab-8dcb-3cbd56b31a2a","local_time":"20190214161533","daily_mods":["Heirloom","Flight","Binary"],"is_ascension_mode":false,"campfire_choices":[{"floor":8.0,"key":"REST"},{"data":"Zap","floor":11.0,"key":"SMITH"},{"floor":15.0,"key":"REST"},{"data":"Echo Form","floor":24.0,"key":"SMITH"},{"floor":29.0,"key":"REST"},{"floor":32.0,"key":"REST"},{"data":"Recycle","floor":41,"key":"SMITH"},{"data":"Reboot","floor":46,"key":"SMITH"},{"data":"Chill","floor":49,"key":"SMITH"}],"neow_cost":"","seed_source_timestamp":0,"circlet_count":0,"master_deck":["Strike_B","Strike_B","Strike_B","Defend_B","Defend_B","Defend_B","Defend_B","Zap+1","Dualcast","BootSequence","Hologram","Doom and Gloom","Defragment","Redo","Sweeping Beam","Doom and Gloom","Chill+1","Echo Form+1","Double Energy","Writhe","RitualDagger","Panacea","Force Field","Recycle+1","Self Repair","Redo+1","Reboot+1","BootSequence","Compile Driver","Clumsy"],"special_seed":17941,"relics":["Cracked Core","Dead Branch","The Courier","Potion Belt","Dream Catcher","Unceasing Top","Bottled Flame","Letter Opener","Nuclear Battery","Question Card","StoneCalendar","Happy Flower","Pear","Red Mask","Ornamental Fan","Cursed Key","Bag of Preparation","Runic Capacitor","Singing Bowl","Shuriken","Mummified Hand","Bronze Scales","Gremlin Horn","Orichalcum"],"potions_floor_usage":[50,50,50,50],"damage_taken":[{"damage":0.0,"enemies":"2 Louse","floor":1.0,"turns":2.0},{"damage":1.0,"enemies":"Jaw Worm","floor":2.0,"turns":2.0},{"damage":2.0,"enemies":"Small Slimes","floor":3.0,"turns":4.0},{"damage":0.0,"enemies":"Exordium Thugs","floor":4.0,"turns":6.0},{"damage":0.0,"enemies":"Exordium Wildlife","floor":5.0,"turns":2.0},{"damage":16.0,"enemies":"Lagavulin","floor":6.0,"turns":6.0},{"damage":33.0,"enemies":"Gremlin Nob","floor":7.0,"turns":4.0},{"damage":17.0,"enemies":"3 Sentries","floor":10.0,"turns":6.0},{"damage":17.0,"enemies":"Lagavulin","floor":13.0,"turns":7.0},{"damage":25.0,"enemies":"The Guardian","floor":16.0,"turns":8.0},{"damage":0.0,"enemies":"Spheric Guardian","floor":18.0,"turns":2.0},{"damage":16.0,"enemies":"Book of Stabbing","floor":23.0,"turns":5.0},{"damage":0.0,"enemies":"Chosen","floor":25.0,"turns":4.0},{"damage":33.0,"enemies":"Gremlin Leader","floor":27.0,"turns":7.0},{"damage":20.0,"enemies":"Masked Bandits","floor":28.0,"turns":3.0},{"damage":28.0,"enemies":"Book of Stabbing","floor":30.0,"turns":7.0},{"damage":0.0,"enemies":"3 Cultists","floor":31.0,"turns":3.0},{"damage":29.0,"enemies":"Collector","floor":33.0,"turns":7.0},{"damage":4,"enemies":"3 Shapes","floor":35,"turns":3},{"damage":8,"enemies":"Orb Walker","floor":39,"turns":3},{"damage":0,"enemies":"Reptomancer","floor":40,"turns":5},{"damage":0,"enemies":"Giant Head","floor":42,"turns":4},{"damage":0,"enemies":"Nemesis","floor":47,"turns":3},{"damage":0,"enemies":"Spire Growth","floor":48,"turns":2},{"damage":25,"enemies":"Donu and Deca","floor":50,"turns":6}],"seed_played":"-7343806222778123622","potions_obtained":[{"floor":1.0,"key":"Swift Potion"},{"floor":3.0,"key":"Block Potion"},{"floor":13.0,"key":"Fire Potion"},{"floor":25.0,"key":"FearPotion"},{"floor":28.0,"key":"Strength Potion"},{"floor":30.0,"key":"Poison Potion"},{"floor":31.0,"key":"Energy Potion"},{"floor":40,"key":"FocusPotion"},{"floor":42,"key":"Energy Potion"},{"floor":47,"key":"Dexterity Potion"}],"is_trial":false,"path_per_floor":["M","M","M","M","M","E","E","R","T","E","R","$","E","?","R","B",null,"M","?","?","$","?","E","R","M","T","E","?","R","E","M","R","B",null,"M","?","?","$","M","E","R","E","T","T","$","R","E","M","R","B",null],"character_chosen":"DEFECT","items_purchased":["Bottled Flame","Panacea","Force Field","Bag of Preparation","Runic Capacitor","Singing Bowl"],"campfire_rested":4,"item_purchase_floors":[12,21,21,38,38,38],"current_hp_per_floor":[75,74,72,72,72,56,23,45,45,28,28,28,11,11,33,8,75,75,75,69,69,69,53,53,53,53,30,10,35,14,14,39,17,85,85,85,85,85,86,89,89,89,89,89,89,89,91,93,93,68],"gold":86,"neow_bonus":"","is_prod":false,"is_daily":true,"chose_seed":false,"campfire_upgraded":5,"win_rate":0,"timestamp":1550157333,"path_taken":["M","M","M","M","M","E","E","R","T","E","R","$","E","?","R","BOSS","M","?","?","$","?","E","R","M","T","E","?","R","E","M","R","BOSS","M","?","?","$","?","E","R","E","T","?","$","R","E","?","R","BOSS"],"build_version":"2019-02-06","purchased_purges":2,"victory":true,"max_hp_per_floor":[75,75,75,75,75,75,75,75,75,75,75,75,75,75,75,75,75,75,75,75,75,75,75,75,75,75,85,85,85,85,85,85,85,85,85,85,85,85,87,89,89,89,89,89,89,89,91,93,93,93],"card_choices":[{"not_picked":["Heatsinks"],"picked":"BootSequence","floor":1.0},{"not_picked":["Static Discharge"],"picked":"Hologram","floor":2.0},{"not_picked":["Rebound","Coolheaded"],"picked":"SKIP","floor":3.0},{"not_picked":["Gash"],"picked":"Doom and Gloom","floor":4.0},{"not_picked":["Self Repair"],"picked":"Defragment","floor":5.0},{"not_picked":["Fusion"],"picked":"Redo","floor":6.0},{"not_picked":["FTL","Reinforced Body"],"picked":"SKIP","floor":7.0},{"not_picked":["Tempest"],"picked":"Sweeping Beam","floor":10.0},{"not_picked":["Sweeping Beam"],"picked":"Doom and Gloom","floor":13.0},{"not_picked":["Chaos"],"picked":"Chill","floor":15.0},{"not_picked":["Thunder Strike"],"picked":"Echo Form","floor":16.0},{"not_picked":["Doom and Gloom"],"picked":"Double Energy","floor":18.0},{"not_picked":["Conserve Battery","Streamline","Fusion"],"picked":"SKIP","floor":23.0},{"not_picked":["Gash+1","Sweeping Beam"],"picked":"Recycle","floor":25.0},{"not_picked":["Steam","Rebound","Lockon"],"picked":"SKIP","floor":27.0},{"not_picked":["Streamline","Undo"],"picked":"Self Repair","floor":28.0},{"not_picked":["Chill","Fusion+1","Barrage+1"],"picked":"SKIP","floor":30.0},{"not_picked":["Reprogram","Static Discharge"],"picked":"Redo+1","floor":31.0},{"not_picked":["Creative AI","Amplify"],"picked":"Reboot","floor":33.0},{"not_picked":["Conserve Battery+1","Rip and Tear"],"picked":"BootSequence","floor":35},{"not_picked":["FTL","Fusion","Steam Power+1"],"picked":"Singing Bowl","floor":39},{"not_picked":["Redo+1","Skim","Aggregate+1"],"picked":"Singing Bowl","floor":40},{"not_picked":["Steam+1","Force Field+1"],"picked":"Compile Driver","floor":42},{"not_picked":["Go for the Eyes+1","Storm","Melter+1"],"picked":"Singing Bowl","floor":47},{"not_picked":["Go for the Eyes+1","Scrape+1","Loop"],"picked":"Singing Bowl","floor":48}],"player_experience":117733,"relics_obtained":[{"floor":6.0,"key":"The Courier"},{"floor":7.0,"key":"Potion Belt"},{"floor":9.0,"key":"Dream Catcher"},{"floor":10.0,"key":"Unceasing Top"},{"floor":13.0,"key":"Letter Opener"},{"floor":23.0,"key":"StoneCalendar"},{"floor":26.0,"key":"Happy Flower"},{"floor":27.0,"key":"Pear"},{"floor":28.0,"key":"Red Mask"},{"floor":30.0,"key":"Ornamental Fan"},{"floor":40,"key":"Shuriken"},{"floor":42,"key":"Mummified Hand"},{"floor":43,"key":"Bronze Scales"},{"floor":44,"key":"Gremlin Horn"},{"floor":47,"key":"Orichalcum"}],"event_choices":[{"damage_healed":0.0,"max_hp_gain":0.0,"max_hp_loss":0.0,"gold_gain":62.0,"event_name":"Golden Wing","player_choice":"Gained Gold","floor":14.0,"gold_loss":0.0,"damage_taken":0.0},{"damage_healed":0.0,"max_hp_gain":0.0,"max_hp_loss":0.0,"gold_gain":0.0,"event_name":"The Mausoleum","player_choice":"Opened","floor":19.0,"gold_loss":0.0,"damage_taken":0.0,"relics_obtained":["Question Card"],"cards_obtained":["Writhe"]},{"damage_healed":0.0,"max_hp_gain":0.0,"max_hp_loss":0.0,"gold_gain":0.0,"event_name":"Nest","player_choice":"Joined the Cult","floor":20.0,"gold_loss":0.0,"damage_taken":6.0,"cards_obtained":["RitualDagger"]},{"damage_healed":0.0,"max_hp_gain":0.0,"max_hp_loss":0.0,"gold_gain":0.0,"event_name":"Beggar","player_choice":"Ignored","floor":22.0,"gold_loss":0.0,"damage_taken":0.0},{"damage_healed":0.0,"max_hp_gain":0.0,"max_hp_loss":0.0,"gold_gain":0.0,"event_name":"Masked Bandits","player_choice":"Fought Bandits","floor":28.0,"gold_loss":0.0,"damage_taken":0.0},{"damage_healed":0,"gold_gain":222,"player_choice":"Wore Mask","damage_taken":0,"max_hp_gain":0,"max_hp_loss":0,"event_name":"Tomb of Lord Red Mask","floor":36,"gold_loss":0},{"damage_healed":0,"gold_gain":0,"player_choice":"Ignored","damage_taken":0,"max_hp_gain":0,"max_hp_loss":0,"event_name":"SecretPortal","floor":37,"gold_loss":0}],"is_beta":true,"boss_relics":[{"not_picked":["Philosopher\u0027s Stone","Velvet Choker"],"picked":"Nuclear Battery"},{"not_picked":["FrozenCore","Lizard Tail"],"picked":"Cursed Key"}],"items_purged_floors":[21,45],"is_endless":false,"potions_floor_spawned":[1,3,13,25,28,30,31,40,42,47],"ascension_level":0}