{"gold_per_floor":[119,22,42,57,57,88,88,107,130,30,50,50,80,99,99,178,178,192,210,62,81,98,98,131,131,131,146,175,63,163,190,190,264,264,279,129,129,141,141,176,196,229,229,241,271,289,33,43,43,43],"floor_reached":51,"playtime":6194,"items_purged":["Strike_R","Pain","Strike_R","Strike_R"],"score":1372,"play_id":"66493a9a-318e-4ae5-b33f-f29ff62a0026","local_time":"20190706211144","is_ascension_mode":true,"campfire_choices":[{"data":"Berserk","floor":7,"key":"SMITH"},{"data":"Bash","floor":12,"key":"SMITH"},{"data":"Whirlwind","floor":15,"key":"SMITH"},{"floor":23,"key":"REST"},{"data":"Offering","floor":25,"key":"SMITH"},{"floor":32,"key":"REST"},{"data":"Rupture","floor":49,"key":"SMITH"}],"neow_cost":"NONE","seed_source_timestamp":393000394248564,"circlet_count":0,"master_deck":["AscendersBane","Strike_R","Strike_R","Defend_R","Defend_R","Defend_R","Defend_R","Bash+1","Berserk+1","Armaments+1","Anger","Shrug It Off+1","Whirlwind+1","Offering+1","Headbutt","Shrug It Off","Rupture+1","Shockwave+1","Metallicize","Evolve","Infernal Blade+1","Reaper","Headbutt","Intimidate+1","Combust","Infernal Blade+1","Warcry+1","Warcry+1"],"relics":["Burning Blood","WarpedTongs","Oddly Smooth Stone","Vajra","Boot","Busted Crown","Unceasing Top","Toxic Egg 2","Thread and Needle","Bird Faced Urn","Darkstone Periapt","War Paint","Coffee Dripper","NlothsMask","Lantern","Bag of Preparation","Pear","Kunai"],"potions_floor_usage":[6,13,16,24,40,45,50],"damage_taken":[{"damage":6,"enemies":"Cultist","floor":1,"turns":3},{"damage":1,"enemies":"Jaw Worm","floor":3,"turns":5},{"damage":3,"enemies":"Small Slimes","floor":4,"turns":4},{"damage":22,"enemies":"Lagavulin","floor":6,"turns":6},{"damage":18,"enemies":"Looter","floor":8,"turns":3},{"damage":0,"enemies":"Red Slaver","floor":11,"turns":4},{"damage":8,"enemies":"Gremlin Nob","floor":13,"turns":3},{"damage":0,"enemies":"3 Louse","floor":14,"turns":1},{"damage":18,"enemies":"Slime Boss","floor":16,"turns":6},{"damage":21,"enemies":"2 Thieves","floor":18,"turns":3},{"damage":9,"enemies":"Shell Parasite","floor":19,"turns":5},{"damage":9,"enemies":"Cultist and Chosen","floor":21,"turns":7},{"damage":36,"enemies":"Snake Plant","floor":22,"turns":6},{"damage":7,"enemies":"Slavers","floor":24,"turns":2},{"damage":6,"enemies":"3 Cultists","floor":27,"turns":4},{"damage":6,"enemies":"Gremlin Leader","floor":28,"turns":4},{"damage":5,"enemies":"Colosseum Slavers","floor":30,"turns":7},{"damage":13,"enemies":"Colosseum Nobs","floor":30,"turns":4},{"damage":17,"enemies":"Book of Stabbing","floor":31,"turns":6},{"damage":27,"enemies":"Collector","floor":33,"turns":8},{"damage":6,"enemies":"3 Darklings","floor":35,"turns":2},{"damage":14,"enemies":"3 Shapes","floor":38,"turns":1},{"damage":17,"enemies":"Nemesis","floor":40,"turns":7},{"damage":9,"enemies":"Sphere and 2 Shapes","floor":41,"turns":4},{"damage":41,"enemies":"Reptomancer","floor":42,"turns":6},{"damage":0,"enemies":"3 Darklings","floor":44,"turns":1},{"damage":26,"enemies":"Nemesis","floor":45,"turns":5},{"damage":1,"enemies":"Jaw Worm Horde","floor":46,"turns":1},{"damage":7,"enemies":"Maw","floor":48,"turns":6},{"damage":22,"enemies":"Donu and Deca","floor":50,"turns":7}],"seed_played":"2990499522068842473","potions_obtained":[{"floor":1,"key":"AttackPotion"},{"floor":4,"key":"Ancient Potion"},{"floor":8,"key":"FearPotion"},{"floor":11,"key":"SteroidPotion"},{"floor":19,"key":"SteroidPotion"},{"floor":24,"key":"SneckoOil"},{"floor":30,"key":"Weak Potion"},{"floor":33,"key":"PowerPotion"},{"floor":41,"key":"Fire Potion"},{"floor":45,"key":"Poison Potion"},{"floor":46,"key":"SteroidPotion"}],"is_trial":false,"path_per_floor":["M","$","M","M","?","E","R","M","T","$","M","R","E","M","R","B",null,"M","M","$","M","M","R","E","R","T","M","E","$","?","E","R","B",null,"M","$","?","M","?","E","M","E","T","M","E","M","$","M","R","B",null],"character_chosen":"IRONCLAD","items_purchased":["Armaments","Shrug It Off","Shockwave+1","Metallicize","Kunai"],"campfire_rested":2,"item_purchase_floors":[2,20,29,29,47],"current_hp_per_floor":[68,68,73,75,75,59,59,47,47,47,53,53,51,57,57,45,68,53,50,50,47,17,39,38,38,38,38,38,38,32,27,49,36,65,65,65,65,72,72,72,75,53,53,59,62,71,71,85,85,85],"gold":43,"neow_bonus":"ONE_RANDOM_RARE_CARD","is_prod":false,"is_daily":false,"chose_seed":false,"campfire_upgraded":5,"win_rate":0,"timestamp":1562461904,"path_taken":["M","?","M","M","?","E","R","M","T","$","M","R","E","M","R","BOSS","M","?","$","M","M","R","E","R","T","M","E","?","?","E","R","BOSS","M","$","?","M","?","E","?","E","T","M","E","M","$","M","R","BOSS"],"build_version":"2019-07-05","purchased_purges":4,"victory":true,"max_hp_per_floor":[75,75,75,75,75,75,75,75,75,75,75,75,75,75,75,75,75,75,75,75,75,75,75,75,75,75,75,75,75,75,75,75,75,75,75,75,75,75,75,75,75,75,75,75,85,85,85,85,85,85],"card_choices":[{"not_picked":["Dropkick","Warcry","Dual Wield"],"picked":"SKIP","floor":1},{"not_picked":["Wild Strike","Sword Boomerang","Flex"],"picked":"SKIP","floor":3},{"not_picked":["Shrug It Off","Clash"],"picked":"Anger","floor":4},{"not_picked":["Blood for Blood","Exhume"],"picked":"Shrug It Off","floor":6},{"not_picked":["Body Slam","Heavy Blade","Sever Soul"],"picked":"SKIP","floor":8},{"not_picked":["Body Slam","Carnage","Cleave"],"picked":"SKIP","floor":11},{"not_picked":["Spot Weakness","Entrench"],"picked":"Whirlwind","floor":13},{"not_picked":["Heavy Blade","Sword Boomerang","Armaments"],"picked":"SKIP","floor":14},{"not_picked":["Limit Break","Brutality"],"picked":"Offering","floor":16},{"not_picked":["Havoc"],"picked":"SKIP","floor":18},{"not_picked":[],"picked":"Headbutt","floor":19},{"not_picked":[],"picked":"Rupture","floor":21},{"not_picked":["Burning Pact"],"picked":"SKIP","floor":22},{"not_picked":["Second Wind"],"picked":"SKIP","floor":24},{"not_picked":["Clash"],"picked":"SKIP","floor":27},{"not_picked":["Blood for Blood"],"picked":"SKIP","floor":28},{"not_picked":[],"picked":"Evolve","floor":30},{"not_picked":[],"picked":"Infernal Blade+1","floor":31},{"not_picked":[],"picked":"Reaper","floor":33},{"not_picked":[],"picked":"Headbutt","floor":35},{"not_picked":["Heavy Blade"],"picked":"SKIP","floor":38},{"not_picked":[],"picked":"Intimidate+1","floor":40},{"not_picked":[],"picked":"Combust","floor":41},{"not_picked":[],"picked":"Infernal Blade+1","floor":42},{"not_picked":[],"picked":"Warcry+1","floor":44},{"not_picked":["Iron Wave"],"picked":"SKIP","floor":45},{"not_picked":[],"picked":"Warcry+1","floor":46},{"not_picked":["Perfected Strike"],"picked":"SKIP","floor":48}],"player_experience":189297,"relics_obtained":[{"floor":6,"key":"Oddly Smooth Stone"},{"floor":9,"key":"Vajra"},{"floor":13,"key":"Boot"},{"floor":24,"key":"Unceasing Top"},{"floor":26,"key":"Toxic Egg 2"},{"floor":28,"key":"Thread and Needle"},{"floor":30,"key":"Bird Faced Urn"},{"floor":30,"key":"Darkstone Periapt"},{"floor":31,"key":"War Paint"},{"floor":40,"key":"Lantern"},{"floor":42,"key":"Bag of Preparation"},{"floor":45,"key":"Pear"}],"event_choices":[{"damage_healed":0,"gold_gain":0,"player_choice":"Rummage","damage_taken":0,"relics_obtained":["WarpedTongs"],"max_hp_gain":0,"max_hp_loss":0,"event_name":"Accursed Blacksmith","floor":5,"gold_loss":0,"cards_obtained":["Pain"]},{"damage_healed":0,"gold_gain":0,"player_choice":"Fight","damage_taken":0,"max_hp_gain":0,"max_hp_loss":0,"event_name":"Colosseum","floor":30,"gold_loss":0},{"damage_healed":0,"gold_gain":0,"player_choice":"Fought Nobs","damage_taken":0,"max_hp_gain":0,"max_hp_loss":0,"event_name":"Colosseum","floor":30,"gold_loss":0},{"damage_healed":0,"gold_gain":0,"player_choice":"Memory 1","damage_taken":0,"max_hp_gain":0,"max_hp_loss":0,"event_name":"SensoryStone","floor":37,"gold_loss":0},{"damage_healed":0,"gold_gain":0,"player_choice":"Trade","damage_taken":0,"relics_obtained":["NlothsMask"],"max_hp_gain":0,"max_hp_loss":0,"event_name":"FaceTrader","floor":39,"gold_loss":0}],"is_beta":false,"boss_relics":[{"not_picked":["White Beast Statue","Runic Cube"],"picked":"Busted Crown"},{"not_picked":["Eternal Feather","Snecko Eye"],"picked":"Coffee Dripper"}],"items_purged_floors":[2,10,20,36],"is_endless":false,"potions_floor_spawned":[1,4,8,11,19,24,30,33,41,45,46,48],"ascension_level":15}