{"gold_per_floor":[117,117,128,44,119,119,152,152,206,223,258,258,272,305,305,380,380,399,449,68,85,100,134,134,159,159,172,202,56,70,0,0,79,79,89,89,89,189,205,205,205],"floor_reached":41,"playtime":5209,"items_purged":["Strike_G"],"score":1011,"play_id":"86d76fe8-121f-4ad2-a0f3-ef2d89b03e78","local_time":"20190814232241","is_ascension_mode":true,"campfire_choices":[{"data":"Footwork","floor":6.0,"key":"SMITH"},{"data":"Poisoned Stab","floor":8.0,"key":"SMITH"},{"data":"Skewer","floor":12.0,"key":"SMITH"},{"data":"1","floor":15.0,"key":"LIFT"},{"data":"2","floor":24.0,"key":"LIFT"},{"floor":32.0,"key":"REST"},{"data":"Envenom","floor":40,"key":"SMITH"}],"neow_cost":"NONE","seed_source_timestamp":1379374988828905,"circlet_count":0,"master_deck":["AscendersBane","Strike_G","Defend_G","Defend_G+1","Defend_G","Defend_G","Defend_G","Survivor+1","Neutralize+1","Calculated Gamble","Poisoned Stab+1","Footwork+1","Skewer+1","Cloak And Dagger","Cloak And Dagger","Malaise","Flying Knee+1","Venomology+1","Flechettes+1","Noxious Fumes+1","Footwork","Cloak And Dagger+1","Backflip","Dodge and Roll+1","Bane+1","Footwork","Cloak And Dagger","Infinite Blades","Cloak And Dagger+1","Envenom+1","Blur+1","Terror+1"],"special_seed":0,"relics":["Ring of the Snake","NeowsBlessing","Potion Belt","Tiny Chest","Strawberry","Girya","Astrolabe","Anchor","Orichalcum","Dodecahedron","Tingsha","War Paint","Eternal Feather","Peace Pipe"],"potions_floor_usage":[39,39,41,41,41,41],"damage_taken":[{"damage":0.0,"enemies":"Cultist","floor":1.0,"turns":1.0},{"damage":0.0,"enemies":"2 Louse","floor":3.0,"turns":1.0},{"damage":0.0,"enemies":"3 Sentries","floor":7.0,"turns":1.0},{"damage":0.0,"enemies":"Jaw Worm","floor":10.0,"turns":5.0},{"damage":37.0,"enemies":"Gremlin Nob","floor":11.0,"turns":5.0},{"damage":1.0,"enemies":"Looter","floor":13.0,"turns":4.0},{"damage":2.0,"enemies":"Lagavulin","floor":14.0,"turns":6.0},{"damage":8.0,"enemies":"Hexaghost","floor":16.0,"turns":14.0},{"damage":15.0,"enemies":"3 Byrds","floor":18.0,"turns":8.0},{"damage":3.0,"enemies":"2 Thieves","floor":21.0,"turns":4.0},{"damage":0.0,"enemies":"3 Cultists","floor":22.0,"turns":5.0},{"damage":0.0,"enemies":"Book of Stabbing","floor":23.0,"turns":9.0},{"damage":23.0,"enemies":"Gremlin Leader","floor":25.0,"turns":7.0},{"damage":7.0,"enemies":"Snecko","floor":27.0,"turns":7.0},{"damage":6.0,"enemies":"Book of Stabbing","floor":28.0,"turns":6.0},{"damage":2.0,"enemies":"Snake Plant","floor":30.0,"turns":6.0},{"damage":20.0,"enemies":"Automaton","floor":33.0,"turns":13.0},{"damage":2.0,"enemies":"3 Shapes","floor":35.0,"turns":4.0},{"damage":0.0,"enemies":"Orb Walker","floor":36.0,"turns":3.0},{"damage":0,"enemies":"Mind Bloom Boss Battle","floor":38,"turns":7},{"damage":19,"enemies":"Sphere and 2 Shapes","floor":39,"turns":8},{"damage":56,"enemies":"Reptomancer","floor":41,"turns":3}],"seed_played":"-4364907041304794854","potions_obtained":[{"floor":1.0,"key":"EssenceOfSteel"},{"floor":13.0,"key":"Poison Potion"},{"floor":18.0,"key":"SteroidPotion"},{"floor":23.0,"key":"Fire Potion"},{"floor":30.0,"key":"PowerPotion"},{"floor":33.0,"key":"Swift Potion"},{"floor":38,"key":"Fire Potion"},{"floor":39,"key":"Weak Potion"}],"is_trial":false,"path_per_floor":["M","?","M","$","?","R","E","R","T","M","E","R","M","E","R","B",null,"M","?","$","M","M","E","R","E","T","M","E","$","M","?","R","B",null,"M","M","?","?","M","R","E"],"character_chosen":"THE_SILENT","items_purchased":["Footwork","Footwork","Anchor","EntropicBrew","Cloak And Dagger","Block Potion","Infinite Blades"],"campfire_rested":1,"item_purchase_floors":[4,20,20,20,29,29,29],"current_hp_per_floor":[59,59,59,59,48,48,48,48,48,48,18,18,17,15,15,7,57,42,42,42,39,39,39,39,16,16,9,3,3,1,1,22,2,55,53,53,53,53,34,52,0],"gold":205,"neow_bonus":"THREE_ENEMY_KILL","is_prod":false,"is_daily":false,"chose_seed":false,"campfire_upgraded":4,"win_rate":0,"timestamp":1565839361,"path_taken":["M","?","M","$","?","R","E","R","T","?","E","R","M","E","R","BOSS","M","?","$","M","M","E","R","E","T","M","E","$","M","?","R","BOSS","M","M","?","?","M","R","E"],"build_version":"2019-07-17","purchased_purges":1,"victory":false,"max_hp_per_floor":[66,66,66,66,66,66,66,66,66,66,73,73,73,73,73,73,73,73,73,73,73,73,73,73,73,73,73,73,73,73,73,73,73,73,73,73,73,73,73,73,73],"card_choices":[{"not_picked":["Underhanded Strike","Reflex"],"picked":"Calculated Gamble","floor":1.0},{"not_picked":["Outmaneuver","Deadly Poison"],"picked":"Poisoned Stab","floor":3.0},{"not_picked":["Blade Dance","Slice","Endless Agony"],"picked":"SKIP","floor":7.0},{"not_picked":["Dagger Throw","Deadly Poison"],"picked":"Skewer","floor":10.0},{"not_picked":["Poisoned Stab","Sucker Punch"],"picked":"Cloak And Dagger","floor":11.0},{"not_picked":["Poisoned Stab","Bane"],"picked":"Cloak And Dagger","floor":13.0},{"not_picked":["Cloak And Dagger","Poisoned Stab"],"picked":"Malaise","floor":14.0},{"not_picked":["Burst","Bullet Time"],"picked":"A Thousand Cuts","floor":16.0},{"not_picked":["Deadly Poison","PiercingWail"],"picked":"Noxious Fumes+1","floor":18.0},{"not_picked":["Acrobatics","Bane"],"picked":"Cloak And Dagger+1","floor":21.0},{"not_picked":["Sucker Punch","Slice"],"picked":"Backflip","floor":22.0},{"not_picked":["Calculated Gamble","Accuracy+1"],"picked":"Dodge and Roll+1","floor":23.0},{"not_picked":["Flying Knee","Slice+1"],"picked":"Bane+1","floor":25.0},{"not_picked":["Sucker Punch","Outmaneuver"],"picked":"Footwork","floor":27.0},{"not_picked":["Storm of Steel","Poisoned Stab","Flying Knee+1"],"picked":"SKIP","floor":28.0},{"not_picked":["Dagger Throw","Terror+1"],"picked":"Cloak And Dagger+1","floor":30.0},{"not_picked":["Tools of the Trade","Doppelganger"],"picked":"Envenom","floor":33.0},{"not_picked":["Deflect","Bane"],"picked":"Blur+1","floor":35.0},{"not_picked":["Sucker Punch","Flechettes"],"picked":"Terror+1","floor":39}],"player_experience":528678,"relics_obtained":[{"floor":7.0,"key":"Potion Belt"},{"floor":9.0,"key":"Tiny Chest"},{"floor":11.0,"key":"Strawberry"},{"floor":14.0,"key":"Girya"},{"floor":23.0,"key":"Orichalcum"},{"floor":25.0,"key":"Dodecahedron"},{"floor":26.0,"key":"Tingsha"},{"floor":28.0,"key":"War Paint"},{"floor":38,"key":"Peace Pipe"}],"event_choices":[{"damage_healed":0.0,"max_hp_gain":0.0,"max_hp_loss":0.0,"gold_gain":0.0,"event_name":"Living Wall","player_choice":"Grow","floor":2.0,"gold_loss":0.0,"damage_taken":0.0,"cards_upgraded":["Neutralize"]},{"damage_healed":0.0,"max_hp_gain":0.0,"max_hp_loss":0.0,"gold_gain":75.0,"event_name":"World of Goop","player_choice":"Gather Gold","floor":5.0,"gold_loss":0.0,"damage_taken":11.0},{"damage_healed":0.0,"max_hp_gain":0.0,"max_hp_loss":0.0,"gold_gain":50.0,"event_name":"Nest","player_choice":"Stole From Cult","floor":19.0,"gold_loss":0.0,"damage_taken":0.0},{"damage_healed":0.0,"max_hp_gain":0.0,"max_hp_loss":0.0,"gold_gain":0.0,"event_name":"Masked Bandits","player_choice":"Paid Fearfully","floor":31.0,"gold_loss":70.0,"damage_taken":0.0},{"cards_removed":["A Thousand Cuts"],"damage_healed":0.0,"max_hp_gain":0.0,"max_hp_loss":0.0,"gold_gain":0.0,"event_name":"Falling","player_choice":"Removed Power","floor":37.0,"gold_loss":0.0,"damage_taken":0.0},{"damage_healed":0,"gold_gain":0,"player_choice":"Fight","damage_taken":0,"max_hp_gain":0,"max_hp_loss":0,"event_name":"MindBloom","floor":38,"gold_loss":0}],"is_beta":false,"boss_relics":[{"not_picked":["HoveringKite","Ectoplasm"],"picked":"Astrolabe"},{"not_picked":["Lizard Tail","Orrery"],"picked":"Eternal Feather"}],"items_purged_floors":[20],"is_endless":false,"potions_floor_spawned":[1,13,18,23,30,33,38,39],"killed_by":"Reptomancer","ascension_level":18}