{"gold_per_floor":[114,74,90,106,90,121,139,139,139,42,52,52,5,5,5,107,107,125,125,125,25,25,57,57,57,57,73,106,106,136,51,51,152,152,164,215,90,90,108,134,0,19,19,29,29,29,29,39,39,39,39,39,39,68,68],"floor_reached":56,"playtime":4652,"items_purged":["Strike_B","Defend_B","Defend_B"],"score":1778,"play_id":"e884c1f4-4116-4d97-8f43-435ae0973dff","local_time":"20190815205417","is_ascension_mode":true,"campfire_choices":[{"floor":8,"key":"RECALL"},{"floor":12,"key":"REST"},{"data":"Consume","floor":15,"key":"SMITH"},{"data":"Ghostly","floor":24,"key":"SMITH"},{"data":"Ghostly","floor":29,"key":"SMITH"},{"data":"Ghostly","floor":32,"key":"SMITH"},{"data":"Ghostly","floor":47,"key":"SMITH"},{"floor":49,"key":"REST"},{"floor":52,"key":"REST"}],"neow_cost":"PERCENT_DAMAGE","seed_source_timestamp":85944342684500,"circlet_count":0,"master_deck":["Zap","Dualcast","Capacitor","Gash","Chill","Conserve Battery","Gash","Conserve Battery","Gash","Consume+1","Go for the Eyes","Electrodynamics","BootSequence+1","Capacitor+1","Redo","Ghostly+1","Ghostly+1","Ghostly+1","Ghostly+1","Ghostly","Redo+1","Recycle","Conserve Battery","Capacitor+1","Thunder Strike","Cold Snap+1","Melter","Meteor Strike","Compile Driver+1","Hologram+1","Consume+1","Redo+1","Chill"],"relics":["FrozenCore","Pear","FossilizedHelix","FaceOfCleric","Astrolabe","Nilry\u0027s Codex","Letter Opener","Emotion Chip","Symbiotic Virus","Omamori","Du-Vu Doll","Frozen Egg 2","Red Mask","Dodecahedron","Anchor"],"potions_floor_usage":[3,4,5,6,11,27,28,33,36,36,40,40,55,55,55],"damage_taken":[{"damage":6,"enemies":"2 Louse","floor":1,"turns":4},{"damage":5,"enemies":"Cultist","floor":3,"turns":4},{"damage":0,"enemies":"Small Slimes","floor":4,"turns":3},{"damage":16,"enemies":"Exordium Thugs","floor":5,"turns":4},{"damage":15,"enemies":"Lagavulin","floor":6,"turns":10},{"damage":22,"enemies":"Large Slime","floor":7,"turns":7},{"damage":0,"enemies":"3 Louse","floor":11,"turns":3},{"damage":5,"enemies":"The Guardian","floor":16,"turns":12},{"damage":4,"enemies":"Shell Parasite","floor":18,"turns":7},{"damage":0,"enemies":"Slavers","floor":23,"turns":6},{"damage":3,"enemies":"2 Thieves","floor":27,"turns":5},{"damage":0,"enemies":"Gremlin Leader","floor":28,"turns":8},{"damage":10,"enemies":"Slavers","floor":30,"turns":5},{"damage":0,"enemies":"Champ","floor":33,"turns":9},{"damage":1,"enemies":"3 Shapes","floor":35,"turns":7},{"damage":19,"enemies":"2 Orb Walkers","floor":36,"turns":6},{"damage":0,"enemies":"Orb Walker","floor":39,"turns":5},{"damage":9,"enemies":"Nemesis","floor":40,"turns":13},{"damage":0,"enemies":"Writhing Mass","floor":42,"turns":9},{"damage":0,"enemies":"Spire Growth","floor":44,"turns":6},{"damage":20,"enemies":"Sphere and 2 Shapes","floor":48,"turns":5},{"damage":45,"enemies":"Awakened One","floor":50,"turns":15},{"damage":0,"enemies":"Shield and Spear","floor":54,"turns":9},{"damage":71,"enemies":"The Heart","floor":55,"turns":13}],"seed_played":"6988006247863018799","potions_obtained":[{"floor":2,"key":"Regen Potion"},{"floor":2,"key":"GamblersBrew"},{"floor":2,"key":"Ancient Potion"},{"floor":3,"key":"SpeedPotion"},{"floor":5,"key":"Ancient Potion"},{"floor":7,"key":"Block Potion"},{"floor":18,"key":"Explosive Potion"},{"floor":27,"key":"AttackPotion"},{"floor":30,"key":"Energy Potion"},{"floor":33,"key":"SpeedPotion"},{"floor":35,"key":"Poison Potion"},{"floor":39,"key":"FocusPotion"},{"floor":42,"key":"SneckoOil"},{"floor":48,"key":"Strength Potion"},{"floor":54,"key":"LiquidBronze"}],"is_trial":false,"path_per_floor":["M","?","M","M","M","E","M","R","T","$","M","R","$","?","R","B",null,"M","?","?","$","?","E","R","?","T","M","E","R","E","?","R","B",null,"M","?","$","?","M","E","?","M","T","M","$","?","R","M","R","B",null,"R","$","E","B",null],"character_chosen":"DEFECT","items_purchased":["Gash","Go for the Eyes"],"campfire_rested":3,"item_purchase_floors":[10,13],"current_hp_per_floor":[58,58,65,65,49,44,22,22,22,22,22,51,51,51,51,47,87,84,68,68,68,50,51,51,61,61,59,60,60,51,51,51,52,62,62,44,44,44,45,37,37,38,38,39,39,71,71,52,72,28,62,73,73,74,4],"gold":68,"neow_bonus":"TWENTY_PERCENT_HP_BONUS","is_prod":false,"is_daily":false,"chose_seed":false,"campfire_upgraded":5,"win_rate":0,"timestamp":1565927657,"path_taken":["M","?","?","M","M","E","M","R","T","?","M","R","$","?","R","BOSS","M","?","?","$","?","E","R","?","T","?","E","R","E","?","R","BOSS","M","?","$","?","?","E","?","M","T","M","?","?","R","M","R","BOSS","R","$","E","BOSS"],"build_version":"2019-07-17","purchased_purges":3,"victory":true,"max_hp_per_floor":[89,89,89,89,89,99,99,99,99,99,99,99,99,99,99,100,100,101,101,101,101,50,51,51,61,61,62,63,63,64,64,64,65,65,66,67,67,67,68,69,69,70,70,71,71,71,71,72,72,73,73,73,73,74,75],"card_choices":[{"not_picked":["Compile Driver","Heatsinks"],"picked":"Capacitor","floor":1},{"not_picked":["Genetic Algorithm","Aggregate"],"picked":"Gash","floor":3},{"not_picked":["Redo","Auto Shields"],"picked":"Chill","floor":4},{"not_picked":["Hologram","Steam"],"picked":"Conserve Battery","floor":5},{"not_picked":["Seek","Cold Snap"],"picked":"Gash","floor":6},{"not_picked":["Ball Lightning","Barrage"],"picked":"Conserve Battery","floor":7},{"not_picked":["Hologram","Rebound"],"picked":"Consume","floor":11},{"not_picked":["Hyperbeam","Core Surge"],"picked":"Electrodynamics","floor":16},{"not_picked":["Cold Snap+1","Beam Cell"],"picked":"Redo","floor":18},{"not_picked":["Skim","Barrage"],"picked":"Redo+1","floor":23},{"not_picked":["Coolheaded","Compile Driver"],"picked":"Recycle","floor":27},{"not_picked":["Fusion","Turbo"],"picked":"Conserve Battery","floor":28},{"not_picked":["Reprogram+1","Turbo+1"],"picked":"Capacitor+1","floor":30},{"not_picked":["Electrodynamics","Amplify"],"picked":"Thunder Strike","floor":33},{"not_picked":["Glacier","Rebound+1"],"picked":"Cold Snap+1","floor":35},{"not_picked":["Steam","Ball Lightning"],"picked":"Melter","floor":36},{"not_picked":["Thunder Strike","Stack+1","Genetic Algorithm"],"picked":"SKIP","floor":39},{"not_picked":["Streamline+1","Stack+1"],"picked":"Compile Driver+1","floor":40},{"not_picked":["Sunder+1","Chaos"],"picked":"Hologram+1","floor":42},{"not_picked":["Ball Lightning","Rip and Tear"],"picked":"Consume+1","floor":44},{"not_picked":["Barrage+1","Steam Power+1"],"picked":"Redo+1","floor":48},{"not_picked":["Turbo","Force Field"],"picked":"Chill","floor":54}],"player_experience":384809,"relics_obtained":[{"floor":6,"key":"Pear"},{"floor":9,"key":"FossilizedHelix"},{"floor":19,"key":"Nilry\u0027s Codex"},{"floor":23,"key":"Letter Opener"},{"floor":28,"key":"Emotion Chip"},{"floor":30,"key":"Symbiotic Virus"},{"floor":36,"key":"Du-Vu Doll"},{"floor":40,"key":"Frozen Egg 2"},{"floor":43,"key":"Dodecahedron"},{"floor":54,"key":"Anchor"}],"event_choices":[{"damage_healed":0,"gold_gain":0,"player_choice":"Bought 3 Potions","damage_taken":0,"max_hp_gain":0,"max_hp_loss":0,"event_name":"The Woman in Blue","floor":2,"gold_loss":0},{"damage_healed":0,"gold_gain":0,"player_choice":"Trade","damage_taken":0,"relics_obtained":["FaceOfCleric"],"max_hp_gain":0,"max_hp_loss":0,"event_name":"FaceTrader","floor":14,"gold_loss":0},{"damage_healed":0,"gold_gain":0,"player_choice":"Obtained Book","damage_taken":16,"max_hp_gain":0,"max_hp_loss":0,"event_name":"Cursed Tome","floor":19,"gold_loss":0},{"cards_removed":["Defend_B"],"damage_healed":0,"gold_gain":0,"player_choice":"Elegance","damage_taken":0,"max_hp_gain":0,"max_hp_loss":0,"event_name":"Back to Basics","floor":20,"gold_loss":0},{"damage_healed":0,"gold_gain":0,"player_choice":"Became a Ghost","damage_taken":0,"max_hp_gain":0,"max_hp_loss":51,"event_name":"Ghosts","floor":22,"gold_loss":0,"cards_obtained":["Ghostly","Ghostly","Ghostly","Ghostly","Ghostly"]},{"cards_removed":["Hyperbeam"],"damage_healed":0,"gold_gain":0,"player_choice":"Offered Rare","damage_taken":0,"max_hp_gain":10,"max_hp_loss":0,"event_name":"Bonfire Elementals","floor":25,"gold_loss":0},{"damage_healed":0,"gold_gain":0,"player_choice":"Obtained Relic","damage_taken":0,"relics_obtained":["Omamori"],"max_hp_gain":0,"max_hp_loss":0,"event_name":"Addict","floor":31,"gold_loss":85},{"damage_healed":0,"gold_gain":0,"player_choice":"Fight","damage_taken":0,"max_hp_gain":0,"max_hp_loss":0,"event_name":"Mysterious Sphere","floor":36,"gold_loss":0},{"damage_healed":0,"gold_gain":0,"cards_transformed":["Defend_B"],"player_choice":"Transformed","damage_taken":0,"max_hp_gain":0,"max_hp_loss":0,"event_name":"Transmorgrifier","floor":38,"gold_loss":0,"cards_obtained":["Meteor Strike"]},{"damage_healed":0,"gold_gain":0,"player_choice":"Paid","damage_taken":0,"relics_obtained":["Red Mask"],"max_hp_gain":0,"max_hp_loss":0,"event_name":"Tomb of Lord Red Mask","floor":41,"gold_loss":134},{"damage_healed":32,"gold_gain":0,"player_choice":"Heal","damage_taken":0,"max_hp_gain":0,"max_hp_loss":0,"event_name":"MindBloom","floor":46,"gold_loss":0,"cards_obtained":["Doubt"]}],"is_beta":false,"boss_relics":[{"not_picked":["Calling Bell","Coffee Dripper"],"picked":"Astrolabe"},{"not_picked":["Snecko Eye","Fusion Hammer"],"picked":"FrozenCore"}],"items_purged_floors":[10,21,37],"is_endless":false,"potions_floor_spawned":[3,5,7,18,27,30,33,35,39,42,48,54],"ascension_level":8}