{"gold_per_floor":[110,127,145,18,33,33,67,67,67,81,81,114,114,146,146,146],"floor_reached":16,"playtime":1276,"items_purged":["Strike_B"],"score":151,"play_id":"3831c250-0405-4a4c-8a35-3ca554da29e7","local_time":"20180813101229","is_ascension_mode":true,"campfire_choices":[{"data":"Zap","floor":6,"key":"SMITH"},{"floor":11,"key":"REST"},{"data":"Beam Cell","floor":15,"key":"SMITH"}],"neow_cost":"NONE","seed_source_timestamp":624084102073340,"circlet_count":0,"master_deck":["Strike_B","Strike_B","Strike_B","Defend_B","Defend_B","Defend_B","Defend_B","Zap+1","Dualcast","Gash","Gash","Beam Cell","Gash","Gash","Beam Cell+1","Parasite","Self Repair"],"relics":["Runic Dome","Nunchaku","Singing Bowl","Mercury Hourglass","Ancient Tea Set"],"potions_floor_usage":[7,12],"damage_taken":[{"damage":0,"enemies":"2 Louse","floor":1,"turns":2},{"damage":0,"enemies":"Small Slimes","floor":2,"turns":4},{"damage":8,"enemies":"Jaw Worm","floor":3,"turns":3},{"damage":0,"enemies":"Large Slime","floor":5,"turns":4},{"damage":21,"enemies":"3 Sentries","floor":7,"turns":5},{"damage":13,"enemies":"Lots of Slimes","floor":10,"turns":4},{"damage":22,"enemies":"Gremlin Nob","floor":12,"turns":4},{"damage":21,"enemies":"Lagavulin","floor":14,"turns":6},{"damage":35,"enemies":"Slime Boss","floor":16,"turns":3}],"seed_played":"-6081042985786764473","potions_obtained":[{"floor":5,"key":"Explosive Potion"},{"floor":7,"key":"Swift Potion"},{"floor":12,"key":"Explosive Potion"},{"floor":14,"key":"Block Potion"}],"is_trial":false,"path_per_floor":["M","M","M","$","M","R","E","$","T","M","R","E","?","E","R"],"character_chosen":"DEFECT","items_purchased":["Beam Cell"],"campfire_rested":1,"item_purchase_floors":[4],"current_hp_per_floor":[75,75,67,67,67,67,46,46,46,33,55,35,54,33,33,0],"gold":146,"neow_bonus":"BOSS_RELIC","is_prod":false,"is_daily":false,"chose_seed":false,"campfire_upgraded":2,"win_rate":0,"timestamp":1534180349,"path_taken":["M","M","M","$","M","R","E","$","T","M","R","E","?","E","R","BOSS"],"build_version":"2018-08-09","purchased_purges":1,"victory":false,"max_hp_per_floor":[75,75,75,75,75,75,75,75,75,75,75,77,77,77,77,77],"card_choices":[{"not_picked":["Go for the Eyes","Hologram"],"picked":"Gash","floor":1},{"not_picked":["Cold Snap","Rip and Tear"],"picked":"Gash","floor":2},{"not_picked":["Cold Snap","Sweeping Beam","Doom and Gloom"],"picked":"SKIP","floor":3},{"not_picked":["Genetic Algorithm","Sweeping Beam"],"picked":"Gash","floor":5},{"not_picked":["Cold Snap","BootSequence"],"picked":"Gash","floor":7},{"not_picked":["Redo","Leap"],"picked":"Beam Cell","floor":10},{"not_picked":["Defragment","Darkness","Capacitor"],"picked":"Singing Bowl","floor":12},{"not_picked":["Heatsinks","Echo Form"],"picked":"Self Repair","floor":14}],"player_experience":628486,"relics_obtained":[{"floor":7,"key":"Nunchaku"},{"floor":9,"key":"Singing Bowl"},{"floor":12,"key":"Mercury Hourglass"},{"floor":14,"key":"Ancient Tea Set"}],"event_choices":[{"event_name":"Mushrooms","player_choice":"Healed and dodged fight","floor":13,"damage_taken":0}],"is_beta":false,"boss_relics":[],"items_purged_floors":[4],"is_endless":false,"potions_floor_spawned":[5,7,12,14],"killed_by":"Slime Boss","ascension_level":1}