{"gold_per_floor":[110,123,123,140,140,172,172,186,186,186,186,186,199,216,216,216],"floor_reached":16,"playtime":262,"items_purged":[],"score":102,"play_id":"8e11c6b6-f0cc-48a3-9c4a-dc78cdb56b97","local_time":"20190424003052","is_ascension_mode":false,"campfire_choices":[{"data":"Zap","floor":7,"key":"SMITH"},{"floor":10,"key":"REST"},{"floor":15,"key":"REST"}],"neow_cost":"NONE","seed_source_timestamp":974360735033346,"circlet_count":0,"master_deck":["Strike_B","Strike_B","Strike_B","Strike_B","Defend_B","Defend_B","Zap+1","Dualcast","Barrage","Ball Lightning","FTL","Go for the Eyes","Rebound"],"relics":["Cracked Core","NeowsBlessing","Art of War","Letter Opener"],"potions_floor_usage":[14],"damage_taken":[{"damage":0,"enemies":"Cultist","floor":1,"turns":1},{"damage":0,"enemies":"2 Louse","floor":2,"turns":1},{"damage":0,"enemies":"Jaw Worm","floor":4,"turns":1},{"damage":44,"enemies":"Lagavulin","floor":6,"turns":6},{"damage":1,"enemies":"Large Slime","floor":8,"turns":4},{"damage":0,"enemies":"2 Fungi Beasts","floor":13,"turns":2},{"damage":0,"enemies":"Red Slaver","floor":14,"turns":1},{"damage":0,"enemies":"Hexaghost","floor":16,"turns":1}],"seed_played":"6173210137145328667","potions_obtained":[{"floor":1,"key":"LiquidBronze"},{"floor":8,"key":"SteroidPotion"},{"floor":12,"key":"Fire Potion"}],"is_trial":false,"path_per_floor":["M","M","?","M","?","E","R","M","T","R","?","?","M","M","R","B"],"character_chosen":"DEFECT","items_purchased":[],"campfire_rested":2,"item_purchase_floors":[],"current_hp_per_floor":[75,75,80,80,80,36,36,35,35,59,52,52,52,52,76,76],"gold":216,"neow_bonus":"THREE_ENEMY_KILL","is_prod":false,"is_daily":false,"chose_seed":false,"campfire_upgraded":1,"win_rate":0,"timestamp":1556091052,"path_taken":["M","?","?","M","?","E","R","M","T","R","?","?","M","M","R","BOSS"],"build_version":"2019-01-23","purchased_purges":0,"victory":false,"max_hp_per_floor":[75,75,80,80,80,80,80,80,80,80,80,80,80,80,80,80],"card_choices":[{"not_picked":["Consume","Coolheaded","Recycle"],"picked":"SKIP","floor":1},{"not_picked":["Genetic Algorithm","Force Field","Stack"],"picked":"SKIP","floor":2},{"not_picked":["Turbo","Double Energy"],"picked":"Barrage","floor":4},{"not_picked":["Undo","Storm"],"picked":"Ball Lightning","floor":6},{"not_picked":["Recycle","Chill"],"picked":"FTL","floor":8},{"not_picked":["Skim","Hologram"],"picked":"Go for the Eyes","floor":13},{"not_picked":["Darkness","Sunder"],"picked":"Rebound","floor":14}],"player_experience":1297239,"relics_obtained":[{"floor":6,"key":"Art of War"},{"floor":9,"key":"Letter Opener"}],"event_choices":[{"damage_healed":0,"gold_gain":0,"player_choice":"Donut","damage_taken":0,"max_hp_gain":5,"max_hp_loss":0,"event_name":"Big Fish","floor":3,"gold_loss":0},{"cards_removed":["Defend_B"],"damage_healed":0,"gold_gain":0,"player_choice":"Forget","damage_taken":0,"max_hp_gain":0,"max_hp_loss":0,"event_name":"Living Wall","floor":5,"gold_loss":0},{"cards_removed":["Defend_B"],"damage_healed":0,"gold_gain":0,"player_choice":"Card Removal","damage_taken":7,"max_hp_gain":0,"max_hp_loss":0,"event_name":"Golden Wing","floor":11,"gold_loss":0},{"damage_healed":0,"gold_gain":0,"player_choice":"Got Potions","damage_taken":0,"max_hp_gain":0,"max_hp_loss":0,"event_name":"Lab","floor":12,"gold_loss":0}],"is_beta":false,"boss_relics":[],"items_purged_floors":[],"is_endless":false,"potions_floor_spawned":[1,8,13],"killed_by":"Hexaghost","ascension_level":0}