{"gold_per_floor":[115,135,60,60,80,80,109,124,171,171,201,201,232,252,252,355,355,373,119,219,232,245,276,276,35,35,51,51,126,157,170,170,272,272,283,283,303,314,163,163,181,181,231,231,256,118,152,101,101,101,101,101,2,30,30],"floor_reached":56,"playtime":4572,"items_purged":["Strike_R","Strike_R","Defend_R","Defend_R"],"score":1485,"play_id":"c650b54f-19f6-4756-a25a-cfd4e33665fb","local_time":"20190503134248","is_ascension_mode":true,"campfire_choices":[{"data":"Rampage","floor":6.0,"key":"SMITH"},{"data":"Shrug It Off","floor":10.0,"key":"SMITH"},{"data":"Shockwave","floor":15.0,"key":"SMITH"},{"floor":24.0,"key":"REST"},{"data":"Pommel Strike","floor":28.0,"key":"SMITH"},{"data":"Defend_R","floor":32,"key":"SMITH"},{"data":"Shrug It Off","floor":40,"key":"SMITH"},{"data":"Double Tap","floor":42,"key":"SMITH"},{"floor":49,"key":"RECALL"},{"data":"Evolve","floor":52,"key":"SMITH"}],"neow_cost":"NONE","seed_source_timestamp":0,"circlet_count":0,"master_deck":["Defend_R+1","Defend_R+1","Cleave","Battle Trance+1","Rampage+1","Shrug It Off+1","Pommel Strike+1","Shockwave+1","Headbutt","Exhume","Evolve+1","Rampage+1","Shrug It Off+1","Double Tap+1","Shrug It Off+1"],"special_seed":0,"relics":["Burning Blood","Pantograph","Potion Belt","War Paint","Boot","Philosopher\u0027s Stone","Bronze Scales","Gambling Chip","Shuriken","Strawberry","Paper Frog","Centennial Puzzle","PreservedInsect","Mark of Pain","Self Forming Clay","MawBank","Darkstone Periapt","Red Skull"],"potions_floor_usage":[33,33,37,41,50,54,55,55,55],"damage_taken":[{"damage":10.0,"enemies":"Small Slimes","floor":1.0,"turns":4.0},{"damage":7.0,"enemies":"Jaw Worm","floor":2.0,"turns":3.0},{"damage":2.0,"enemies":"2 Louse","floor":5.0,"turns":3.0},{"damage":16.0,"enemies":"Gremlin Nob","floor":7.0,"turns":3.0},{"damage":8.0,"enemies":"Lots of Slimes","floor":8.0,"turns":3.0},{"damage":15.0,"enemies":"3 Sentries","floor":11.0,"turns":8.0},{"damage":2.0,"enemies":"Lagavulin","floor":13.0,"turns":5.0},{"damage":1.0,"enemies":"Looter","floor":14.0,"turns":3.0},{"damage":26.0,"enemies":"The Guardian","floor":16.0,"turns":7.0},{"damage":12.0,"enemies":"Spheric Guardian","floor":18.0,"turns":4.0},{"damage":20.0,"enemies":"Colosseum Slavers","floor":20.0,"turns":3.0},{"damage":17.0,"enemies":"Colosseum Nobs","floor":20.0,"turns":4.0},{"damage":5.0,"enemies":"3 Byrds","floor":21.0,"turns":2.0},{"damage":16.0,"enemies":"Snake Plant","floor":22.0,"turns":3.0},{"damage":20.0,"enemies":"Slavers","floor":23.0,"turns":4.0},{"damage":5.0,"enemies":"Centurion and Healer","floor":27.0,"turns":3.0},{"damage":4.0,"enemies":"Gremlin Leader","floor":30.0,"turns":3.0},{"damage":14.0,"enemies":"Snecko","floor":31.0,"turns":3.0},{"damage":43,"enemies":"Champ","floor":33,"turns":7},{"damage":25,"enemies":"3 Shapes","floor":35,"turns":4},{"damage":8,"enemies":"3 Darklings","floor":37,"turns":4},{"damage":6,"enemies":"Spire Growth","floor":38,"turns":3},{"damage":2,"enemies":"Jaw Worm Horde","floor":41,"turns":3},{"damage":2,"enemies":"Giant Head","floor":45,"turns":4},{"damage":0,"enemies":"Reptomancer","floor":47,"turns":3},{"damage":4,"enemies":"Awakened One","floor":50,"turns":6},{"damage":14,"enemies":"Shield and Spear","floor":54,"turns":2},{"damage":78,"enemies":"The Heart","floor":55,"turns":5}],"seed_played":"-5098344911973389934","potions_obtained":[{"floor":1.0,"key":"FearPotion"},{"floor":7.0,"key":"Explosive Potion"},{"floor":8.0,"key":"SpeedPotion"},{"floor":16.0,"key":"Fire Potion"},{"floor":22.0,"key":"Fire Potion"},{"floor":23.0,"key":"Weak Potion"},{"floor":27.0,"key":"LiquidBronze"},{"floor":30.0,"key":"BloodPotion"},{"floor":37,"key":"Energy Potion"},{"floor":38,"key":"AttackPotion"},{"floor":47,"key":"AttackPotion"}],"is_trial":false,"path_per_floor":["M","M","$","?","M","R","E","M","T","R","E","?","E","M","R","B",null,"M","$","?","M","M","E","R","$","T","M","R","?","E","M","R","B",null,"M","?","M","M","$","R","M","R","T","?","E","$","E","$","R","B",null,"R","$","E","B",null],"character_chosen":"IRONCLAD","items_purchased":["Bronze Scales","Paper Frog","Shrug It Off","Energy Potion","Energy Potion","PowerPotion"],"campfire_rested":1,"item_purchase_floors":[19,25,39,48,53,53],"current_hp_per_floor":[76,75,75,75,79,79,69,67,67,67,58,51,55,60,60,60,75,69,69,44,45,35,28,54,54,54,55,55,47,49,41,41,29,73,54,54,52,52,52,52,56,56,56,56,60,60,66,66,66,87,87,87,87,79,15],"gold":30,"neow_bonus":"REMOVE_CARD","is_prod":false,"is_daily":false,"chose_seed":false,"campfire_upgraded":8,"win_rate":0,"timestamp":1556883768,"path_taken":["M","M","$","?","M","R","E","M","T","R","E","?","E","M","R","BOSS","M","$","?","M","M","E","R","$","T","M","R","?","E","?","R","BOSS","M","?","M","?","?","R","M","R","T","?","E","$","E","$","R","BOSS","R","$","E","BOSS"],"build_version":"2019-04-23","purchased_purges":4,"victory":true,"max_hp_per_floor":[80,80,80,80,80,80,80,80,80,80,80,80,80,80,80,80,80,80,80,80,80,80,87,87,87,87,87,87,87,87,87,87,87,87,87,87,87,87,87,87,87,87,87,87,87,87,87,87,87,87,87,87,87,87,87],"card_choices":[{"not_picked":["Corruption","Iron Wave"],"picked":"Cleave","floor":1.0},{"not_picked":["Burning Pact","Havoc"],"picked":"Battle Trance","floor":2.0},{"not_picked":["Shockwave","Rupture"],"picked":"Rampage","floor":5.0},{"not_picked":["Battle Trance","Sever Soul"],"picked":"Shrug It Off","floor":7.0},{"not_picked":["Evolve","Heavy Blade"],"picked":"Pommel Strike","floor":8.0},{"not_picked":["Dropkick","Dual Wield","Clothesline"],"picked":"SKIP","floor":11.0},{"not_picked":["Rampage","Exhume"],"picked":"Shockwave","floor":13.0},{"not_picked":["Corruption","Sever Soul"],"picked":"Headbutt","floor":14.0},{"not_picked":["Dark Embrace","Limit Break"],"picked":"Exhume","floor":16.0},{"not_picked":["Battle Trance","Uppercut"],"picked":"Evolve","floor":18.0},{"not_picked":["Wild Strike","Warcry"],"picked":"Rampage+1","floor":20.0},{"not_picked":["Havoc","Anger","Pommel Strike+1"],"picked":"SKIP","floor":21.0},{"not_picked":["Inflame","True Grit+1","Wild Strike"],"picked":"SKIP","floor":22.0},{"not_picked":["Perfected Strike","Limit Break","Havoc"],"picked":"SKIP","floor":23.0},{"not_picked":["Sentinel","Armaments","Body Slam"],"picked":"SKIP","floor":27.0},{"not_picked":["Headbutt","Evolve","Rampage"],"picked":"SKIP","floor":30.0},{"not_picked":["Headbutt","Intimidate","Entrench+1"],"picked":"SKIP","floor":31.0},{"not_picked":["Headbutt","Rupture+1"],"picked":"Shrug It Off+1","floor":35},{"not_picked":["True Grit","Pommel Strike+1","Havoc"],"picked":"SKIP","floor":37},{"not_picked":["Havoc","Cleave","Clash"],"picked":"SKIP","floor":38},{"not_picked":["Iron Wave+1","Cleave+1","Anger"],"picked":"SKIP","floor":41},{"not_picked":["Body Slam+1","Heavy Blade","Anger+1"],"picked":"SKIP","floor":45},{"not_picked":["Corruption","Metallicize","Double Tap"],"picked":"SKIP","floor":47},{"not_picked":["Rage","Corruption","Flex"],"picked":"SKIP","floor":54}],"player_experience":359271,"relics_obtained":[{"floor":7.0,"key":"Pantograph"},{"floor":9.0,"key":"Potion Belt"},{"floor":11.0,"key":"War Paint"},{"floor":13.0,"key":"Boot"},{"floor":20.0,"key":"Gambling Chip"},{"floor":20.0,"key":"Shuriken"},{"floor":23.0,"key":"Strawberry"},{"floor":26.0,"key":"Centennial Puzzle"},{"floor":30.0,"key":"PreservedInsect"},{"floor":45,"key":"MawBank"},{"floor":47,"key":"Darkstone Periapt"},{"floor":54,"key":"Red Skull"}],"event_choices":[{"cards_removed":["Strike_R"],"damage_healed":0.0,"max_hp_gain":0.0,"max_hp_loss":0.0,"gold_gain":0.0,"event_name":"Living Wall","player_choice":"Forget","floor":4.0,"gold_loss":0.0,"damage_taken":0.0},{"cards_removed":["Strike_R"],"damage_healed":0.0,"max_hp_gain":0.0,"max_hp_loss":0.0,"gold_gain":0.0,"event_name":"Golden Wing","player_choice":"Card Removal","floor":12.0,"gold_loss":0.0,"damage_taken":7.0},{"damage_healed":0.0,"max_hp_gain":0.0,"max_hp_loss":0.0,"gold_gain":0.0,"event_name":"Colosseum","player_choice":"Fight","floor":20.0,"gold_loss":0.0,"damage_taken":0.0},{"damage_healed":0.0,"max_hp_gain":0.0,"max_hp_loss":0.0,"gold_gain":0.0,"event_name":"Colosseum","player_choice":"Fought Nobs","floor":20.0,"gold_loss":0.0,"damage_taken":0.0},{"damage_healed":0.0,"max_hp_gain":0.0,"max_hp_loss":0.0,"gold_gain":75.0,"event_name":"FaceTrader","player_choice":"Touch","floor":29.0,"gold_loss":0.0,"damage_taken":8.0},{"damage_healed":0,"gold_gain":0,"cards_transformed":["Bash"],"player_choice":"Transformed","damage_taken":0,"max_hp_gain":0,"max_hp_loss":0,"event_name":"Transmorgrifier","floor":36,"gold_loss":0,"cards_obtained":["Double Tap"]},{"damage_healed":0,"gold_gain":0,"player_choice":"Gave Potion","damage_taken":0,"relics_obtained":["Self Forming Clay"],"max_hp_gain":0,"max_hp_loss":0,"event_name":"WeMeetAgain","floor":44,"gold_loss":0}],"is_beta":true,"boss_relics":[{"not_picked":["Pandora\u0027s Box","Lizard Tail"],"picked":"Philosopher\u0027s Stone"},{"not_picked":["Runic Pyramid","Fusion Hammer"],"picked":"Mark of Pain"}],"items_purged_floors":[3,19,39,46],"is_endless":false,"potions_floor_spawned":[1,7,8,16,20,22,23,27,30,37,38,47],"ascension_level":5}