{"gold_per_floor":[369,369,369,387,42,374,391,391,415,448,373,22,40,40,40,115,115,129,144,144,155,155],"floor_reached":22,"playtime":1339,"items_purged":["Strike_B","Strike_B"],"score":340,"play_id":"ed5ddd8d-8530-40a6-9f07-b44d6ddae5ff","local_time":"20190307234952","is_ascension_mode":true,"campfire_choices":[{"floor":8.0,"key":"REST"},{"floor":15.0,"key":"REST"}],"neow_cost":"PERCENT_DAMAGE","seed_source_timestamp":0,"circlet_count":0,"master_deck":["AscendersBane","Strike_B","Strike_B","Defend_B","Defend_B","Zap","Dualcast","Melter","Doom and Gloom","Rip and Tear","Conserve Battery","Dualcast","Hologram","Rip and Tear","Darkness","Hologram","Loop","Leap","Stack","Defragment","Stack","Stack"],"special_seed":0,"relics":["Cracked Core","Pocketwatch","Juzu Bracelet","Old Coin","Orichalcum","DollysMirror","Orrery","Nloth\u0027s Gift"],"potions_floor_usage":[21],"damage_taken":[{"damage":4.0,"enemies":"Small Slimes","floor":1.0,"turns":4.0},{"damage":12.0,"enemies":"Jaw Worm","floor":4.0,"turns":2.0},{"damage":20.0,"enemies":"Lagavulin","floor":6.0,"turns":6.0},{"damage":0.0,"enemies":"Cultist","floor":7.0,"turns":2.0},{"damage":10.0,"enemies":"Gremlin Nob","floor":10.0,"turns":3.0},{"damage":6.0,"enemies":"3 Louse","floor":13.0,"turns":3.0},{"damage":31.0,"enemies":"The Guardian","floor":16.0,"turns":8.0},{"damage":0.0,"enemies":"Spheric Guardian","floor":18.0,"turns":3.0},{"damage":7.0,"enemies":"3 Byrds","floor":19.0,"turns":4.0},{"damage":14,"enemies":"Snake Plant","floor":21,"turns":3},{"damage":43,"enemies":"Cultist and Chosen","floor":22,"turns":4}],"seed_played":"-2417922657439889858","potions_obtained":[{"floor":6.0,"key":"LiquidBronze"},{"floor":13.0,"key":"SteroidPotion"},{"floor":16.0,"key":"Weak Potion"}],"is_trial":false,"path_per_floor":["M","?","T","M","$","E","M","R","T","E","?","$","M","?","R","B",null,"M","M","?","M","M"],"character_chosen":"DEFECT","items_purchased":["Juzu Bracelet","Rip and Tear","Conserve Battery","DollysMirror","Hologram"],"campfire_rested":2,"item_purchase_floors":[5,5,5,12,12],"current_hp_per_floor":[42,47,47,35,35,15,15,37,37,27,27,27,21,14,36,5,58,58,51,51,37,0],"gold":155,"neow_bonus":"TWO_FIFTY_GOLD","is_prod":false,"is_daily":false,"chose_seed":false,"campfire_upgraded":0,"win_rate":0,"timestamp":1552031392,"path_taken":["M","?","?","M","$","E","M","R","T","E","?","$","M","?","R","BOSS","M","M","?","M","M"],"build_version":"2019-01-23","purchased_purges":2,"victory":false,"max_hp_per_floor":[71,76,76,76,76,76,76,76,76,76,76,76,76,76,76,76,76,76,76,76,76,76],"card_choices":[{"not_picked":["Ball Lightning","Turbo"],"picked":"Melter","floor":1.0},{"not_picked":["Steam Power","Sweeping Beam"],"picked":"Doom and Gloom","floor":4.0},{"not_picked":["Double Energy","Cold Snap","Steam"],"picked":"SKIP","floor":6.0},{"not_picked":["Coolheaded","Turbo","Stack"],"picked":"SKIP","floor":7.0},{"not_picked":["Compile Driver","Capacitor","Static Discharge"],"picked":"SKIP","floor":10.0},{"not_picked":["Auto Shields","Undo","Ball Lightning"],"picked":"SKIP","floor":13.0},{"not_picked":["Stack","Storm"],"picked":"Rip and Tear","floor":15.0},{"not_picked":["Beam Cell","Stack"],"picked":"Darkness","floor":17.0},{"not_picked":["Thunder Strike","Aggregate"],"picked":"Hologram","floor":17.0},{"not_picked":["Steam Power","Blizzard"],"picked":"Loop","floor":17.0},{"not_picked":["Barrage","Coolheaded"],"picked":"Leap","floor":17.0},{"not_picked":["Coolheaded","Streamline"],"picked":"Stack","floor":17.0},{"not_picked":["Storm","Sweeping Beam"],"picked":"Defragment","floor":18.0},{"not_picked":["Streamline","Coolheaded"],"picked":"Stack","floor":19.0},{"not_picked":["Coolheaded","Compile Driver+1"],"picked":"Stack","floor":21}],"player_experience":1206163,"relics_obtained":[{"floor":3.0,"key":"Pocketwatch"},{"floor":6.0,"key":"Old Coin"},{"floor":9.0,"key":"Dream Catcher"},{"floor":10.0,"key":"Orichalcum"}],"event_choices":[{"damage_healed":0.0,"max_hp_gain":5.0,"max_hp_loss":0.0,"gold_gain":0.0,"event_name":"Big Fish","player_choice":"Donut","floor":2.0,"gold_loss":0.0,"damage_taken":0.0},{"cards_removed":["Defend_B"],"damage_healed":0.0,"max_hp_gain":0.0,"max_hp_loss":0.0,"gold_gain":0.0,"event_name":"The Cleric","player_choice":"Card Removal","floor":11.0,"gold_loss":75.0,"damage_taken":0.0},{"cards_removed":["Defend_B"],"damage_healed":0.0,"max_hp_gain":0.0,"max_hp_loss":0.0,"gold_gain":0.0,"event_name":"Golden Wing","player_choice":"Card Removal","floor":14.0,"gold_loss":0.0,"damage_taken":7.0},{"damage_healed":0.0,"max_hp_gain":0.0,"max_hp_loss":0.0,"gold_gain":0.0,"event_name":"N\u0027loth","player_choice":"Traded Relic","floor":20.0,"relics_lost":["Dream Catcher"],"gold_loss":0.0,"damage_taken":0.0,"relics_obtained":["Nloth\u0027s Gift"]}],"is_beta":false,"boss_relics":[{"not_picked":["Runic Pyramid","Pandora\u0027s Box"],"picked":"Orrery"}],"items_purged_floors":[5,12],"is_endless":false,"potions_floor_spawned":[6,13,16,18],"killed_by":"Cultist and Chosen","ascension_level":15}