{"gold_per_floor":[119,44,144,144,156,156,25,25,50,50,76,88,122,197,197,294,294,294,294,194,119,119,119,119,119,119,119,119,119,119,119,119,119,119,119,119,119,51,51,51,51,51,51,51,51,51,51,51,51,51],"floor_reached":51,"playtime":3594,"items_purged":["Strike_B","Strike_B"],"score":957,"play_id":"3bd9c7f7-58b5-4869-b0d9-8282d8fa00c9","local_time":"20180810150845","is_ascension_mode":true,"campfire_choices":[{"data":"Dualcast","floor":6,"key":"SMITH"},{"data":"Redo","floor":8,"key":"SMITH"},{"data":"Auto Shields","floor":10,"key":"SMITH"},{"floor":15,"key":"REST"},{"data":"Buffer","floor":24,"key":"SMITH"},{"data":"Self Repair","floor":27,"key":"SMITH"},{"data":"Redo","floor":32,"key":"SMITH"},{"floor":40,"key":"REST"},{"floor":49,"key":"REST"}],"neow_cost":"NONE","seed_source_timestamp":539356065065541,"circlet_count":0,"master_deck":["Strike_B","Defend_B","Defend_B+1","Zap+1","Dualcast+1","Auto Shields+1","Redo+1","Doom and Gloom","Self Repair+1","Buffer+1","Doom and Gloom+1","Necronomicurse","Conserve Battery+1","Redo+1","Machine Learning","Redo+1","Buffer+1","BootSequence","Doom and Gloom+1","Stack","Reinforced Body+1","Secret Technique","Deep Breath","Master of Strategy","Conserve Battery+1","Undo","Hologram+1"],"relics":["Empty Cage","Bag of Marbles","Bronze Scales","Strawberry","Ectoplasm","Necronomicon","MawBank","Bottled Lightning","Oddly Smooth Stone","Fusion Hammer","Regal Pillow","War Paint","Dream Catcher","Anchor"],"potions_floor_usage":[23,50],"damage_taken":[{"damage":15,"enemies":"Small Slimes","floor":1,"turns":3},{"damage":6,"enemies":"Cultist","floor":5,"turns":4},{"damage":12,"enemies":"3 Sentries","floor":11,"turns":6},{"damage":0,"enemies":"2 Louse","floor":12,"turns":1},{"damage":15,"enemies":"Lagavulin","floor":13,"turns":4},{"damage":15,"enemies":"Slime Boss","floor":16,"turns":6},{"damage":17,"enemies":"Spheric Guardian","floor":18,"turns":4},{"damage":7,"enemies":"Chosen","floor":19,"turns":4},{"damage":0,"enemies":"Gremlin Leader","floor":23,"turns":3},{"damage":0,"enemies":"Sentry and Sphere","floor":25,"turns":3},{"damage":8,"enemies":"Snake Plant","floor":28,"turns":4},{"damage":0,"enemies":"Cultist and Chosen","floor":29,"turns":3},{"damage":16,"enemies":"Book of Stabbing","floor":30,"turns":4},{"damage":0,"enemies":"Sentry and Sphere","floor":31,"turns":3},{"damage":49,"enemies":"Champ","floor":33,"turns":9},{"damage":0,"enemies":"Flame Bruiser 1 Orb","floor":35,"turns":5},{"damage":8,"enemies":"3 Shapes","floor":36,"turns":2},{"damage":11,"enemies":"Sphere and 2 Shapes","floor":39,"turns":4},{"damage":0,"enemies":"Giant Head","floor":41,"turns":8},{"damage":0,"enemies":"Transient","floor":42,"turns":5},{"damage":0,"enemies":"Flame Bruiser 2 Orb","floor":45,"turns":4},{"damage":2,"enemies":"Nemesis","floor":46,"turns":7},{"damage":1,"enemies":"Sphere and 2 Shapes","floor":47,"turns":3},{"damage":0,"enemies":"Giant Head","floor":48,"turns":7},{"damage":41,"enemies":"Donu and Deca","floor":50,"turns":7}],"seed_played":"-1353687841731448879","potions_obtained":[{"floor":1,"key":"Swift Potion"},{"floor":12,"key":"SpeedPotion"},{"floor":13,"key":"Explosive Potion"},{"floor":25,"key":"SpeedPotion"},{"floor":28,"key":"FocusPotion"}],"is_trial":false,"path_per_floor":["M","$","?","?","M","R","$","R","T","R","E","M","E","?","R","B",null,"M","M","$","?","?","E","R","M","T","R","M","M","E","M","R","B",null,"M","M","?","$","M","R","E","M","T","?","M","E","M","E","R","B"],"character_chosen":"DEFECT","items_purchased":["Redo","Doom and Gloom","BootSequence"],"campfire_rested":3,"item_purchase_floors":[7,7,38],"current_hp_per_floor":[60,60,60,65,59,59,59,59,59,59,47,47,39,28,54,46,87,77,77,77,77,61,68,68,75,75,75,77,87,81,81,81,42,87,87,87,87,87,86,87,87,87,87,77,87,87,86,87,87,56],"gold":51,"neow_bonus":"BOSS_RELIC","is_prod":false,"is_daily":false,"chose_seed":false,"campfire_upgraded":6,"win_rate":0,"timestamp":1533938925,"path_taken":["M","$","?","?","M","R","$","R","T","R","E","M","E","?","R","BOSS","M","M","$","?","?","E","R","M","T","R","M","M","E","M","R","BOSS","M","M","?","$","M","R","E","M","T","?","M","E","?","E","R","BOSS"],"build_version":"2018-08-02","purchased_purges":2,"victory":true,"max_hp_per_floor":[75,75,75,80,80,80,80,80,80,80,80,80,87,87,87,87,87,87,87,87,87,87,87,87,87,87,87,87,87,87,87,87,87,87,87,87,87,87,87,87,87,87,87,87,87,87,87,87,87,87],"card_choices":[{"not_picked":["Storm","Double Energy","Go for the Eyes"],"picked":"SKIP","floor":1},{"not_picked":["Steam","Hello World"],"picked":"Auto Shields","floor":5},{"not_picked":["Aggregate","Biased Cognition","BootSequence"],"picked":"SKIP","floor":11},{"not_picked":["Gash","Conserve Battery","Force Field"],"picked":"SKIP","floor":12},{"not_picked":["Beam Cell","Storm"],"picked":"Self Repair","floor":13},{"not_picked":["All For One","Multi-Cast"],"picked":"Buffer","floor":16},{"not_picked":["Conserve Battery","Storm"],"picked":"Doom and Gloom+1","floor":18},{"not_picked":["Sweeping Beam","Ball Lightning+1","Gash"],"picked":"SKIP","floor":19},{"not_picked":["Reinforced Body","Static Discharge+1","Gash"],"picked":"SKIP","floor":23},{"not_picked":["Rebound","Reprogram+1"],"picked":"Conserve Battery+1","floor":25},{"not_picked":["Ball Lightning+1","Turbo+1","Fusion"],"picked":"SKIP","floor":28},{"not_picked":["Rebound","Auto Shields","Tempest"],"picked":"SKIP","floor":29},{"not_picked":["Amplify","Fusion"],"picked":"Redo","floor":30},{"not_picked":["Aggregate","Rip and Tear","Reprogram"],"picked":"SKIP","floor":31},{"not_picked":["Meteor Strike","All For One"],"picked":"Machine Learning","floor":33},{"not_picked":["Leap","Compile Driver+1"],"picked":"Redo+1","floor":35},{"not_picked":["Melter+1","Glacier","Coolheaded+1"],"picked":"SKIP","floor":36},{"not_picked":["Turbo+1","Genetic Algorithm"],"picked":"Doom and Gloom+1","floor":39},{"not_picked":["Rebound+1","Compile Driver+1"],"picked":"Stack","floor":41},{"not_picked":["Darkness+1","Heatsinks"],"picked":"Reinforced Body+1","floor":42},{"not_picked":["Transmutation","Swift Strike"],"picked":"Secret Technique","floor":44},{"not_picked":["Mind Blast","Good Instincts"],"picked":"Deep Breath","floor":44},{"not_picked":["Deep Breath","Good Instincts"],"picked":"Master of Strategy","floor":44},{"not_picked":["Coolheaded","Blizzard","FTL+1"],"picked":"SKIP","floor":45},{"not_picked":["Gash+1","Static Discharge+1"],"picked":"Conserve Battery+1","floor":46},{"not_picked":["Sweeping Beam","Hologram","Core Surge"],"picked":"SKIP","floor":47},{"not_picked":["Stack+1","Go for the Eyes+1"],"picked":"Undo","floor":48},{"not_picked":["Sunder+1","Static Discharge+1"],"picked":"Hologram+1","floor":49}],"player_experience":594231,"relics_obtained":[{"floor":9,"key":"Bag of Marbles"},{"floor":11,"key":"Bronze Scales"},{"floor":13,"key":"Strawberry"},{"floor":22,"key":"Necronomicon"},{"floor":23,"key":"MawBank"},{"floor":26,"key":"Bottled Lightning"},{"floor":30,"key":"Oddly Smooth Stone"},{"floor":41,"key":"Regal Pillow"},{"floor":43,"key":"War Paint"},{"floor":46,"key":"Dream Catcher"},{"floor":48,"key":"Anchor"}],"event_choices":[{"event_name":"Golden Shrine","player_choice":"Pray","floor":3,"damage_taken":0},{"event_name":"Big Fish","player_choice":"Donut","floor":4,"damage_taken":0},{"event_name":"World of Goop","player_choice":"Gather Gold","floor":14,"damage_taken":0},{"event_name":"Beggar","player_choice":"Gave Gold","floor":21,"damage_taken":0},{"event_name":"Cursed Tome","player_choice":"Obtained Book","floor":22,"damage_taken":0},{"event_name":"Duplicator","player_choice":"One dupe","floor":37,"damage_taken":0},{"event_name":"SensoryStone","player_choice":"Memory 3","floor":44,"damage_taken":0}],"is_beta":false,"boss_relics":[{"not_picked":["Tiny House","Coffee Dripper"],"picked":"Ectoplasm"},{"not_picked":["Inserter","Cursed Key"],"picked":"Fusion Hammer"}],"items_purged_floors":[2,20],"is_endless":false,"potions_floor_spawned":[1,12,13,25,28,29,33,39,42],"ascension_level":3}