{"gold_per_floor":[109,34,34,54,54,54,71,71,71,87,99,51,64,64,64,64],"floor_reached":16,"playtime":432,"items_purged":["Defend_B"],"score":92,"play_id":"40303016-1f65-4bce-ac0f-2ace83d8f621","local_time":"20180905005957","is_ascension_mode":false,"campfire_choices":[{"data":"Barrage","floor":6,"key":"SMITH"},{"data":"Zap","floor":8,"key":"SMITH"},{"floor":15,"key":"REST"}],"neow_cost":"","seed_source_timestamp":723123760709052,"circlet_count":0,"master_deck":["Strike_B","Strike_B","Strike_B","Strike_B","Defend_B","Defend_B","Zap+1","Dualcast","Fusion","Barrage+1","Ball Lightning","Streamline","Barrage","Ball Lightning","Barrage"],"relics":["Cracked Core","Question Card"],"potions_floor_usage":[],"damage_taken":[{"damage":0,"enemies":"Small Slimes","floor":1,"turns":3},{"damage":1,"enemies":"Cultist","floor":4,"turns":3},{"damage":2,"enemies":"2 Louse","floor":7,"turns":2},{"damage":7,"enemies":"Blue Slaver","floor":10,"turns":2},{"damage":1,"enemies":"2 Fungi Beasts","floor":11,"turns":2},{"damage":31,"enemies":"Exordium Thugs","floor":13,"turns":3},{"damage":0,"enemies":"The Guardian","floor":16,"turns":1}],"seed_played":"-2970358555693657869","potions_obtained":[{"floor":1,"key":"SkillPotion"},{"floor":13,"key":"Regen Potion"}],"is_trial":false,"path_per_floor":["M","$","?","M","?","R","M","R","T","M","M","$","M","$","R"],"character_chosen":"DEFECT","items_purchased":["Ball Lightning"],"campfire_rested":1,"item_purchase_floors":[12],"current_hp_per_floor":[75,75,75,74,79,79,77,77,77,70,69,69,38,38,62,62],"gold":64,"neow_bonus":"","is_prod":false,"is_daily":false,"chose_seed":false,"campfire_upgraded":2,"win_rate":0,"timestamp":1536134397,"path_taken":["M","$","?","M","?","R","M","R","T","M","M","$","M","$","R","BOSS"],"build_version":"2018-08-30","purchased_purges":1,"victory":false,"max_hp_per_floor":[75,75,75,75,80,80,80,80,80,80,80,80,80,80,80,80],"card_choices":[{"not_picked":["Barrage","Go for the Eyes"],"picked":"Fusion","floor":1},{"not_picked":["Gash","Steam"],"picked":"Barrage","floor":4},{"not_picked":["Gash","Leap"],"picked":"Ball Lightning","floor":7},{"not_picked":["Consume","Heatsinks","Chaos"],"picked":"Streamline","floor":10},{"not_picked":["Hologram","Cold Snap","White Noise"],"picked":"Barrage","floor":11},{"not_picked":["Chill","Leap","Seek"],"picked":"Barrage","floor":13}],"player_experience":756561,"relics_obtained":[{"floor":9,"key":"Question Card"}],"event_choices":[{"event_name":"Bonfire Elementals","player_choice":"BASIC","floor":3,"damage_taken":0},{"event_name":"Big Fish","player_choice":"Donut","floor":5,"damage_taken":0}],"is_beta":false,"boss_relics":[],"items_purged_floors":[2],"is_endless":false,"potions_floor_spawned":[1,13],"killed_by":"The Guardian","ascension_level":0}