{"gold_per_floor":[117,127,127,52,70,70,81,81,81,114,27,127,138,138,138,235,235,253,266,277,277,322,322,350,350,350,367,377,277,277,9,9,113,113,128,228,73,73,73,73,106,124,147,147,147,172,219,32,32,32],"floor_reached":51,"playtime":4785,"items_purged":["Strike_G","Strike_G","Defend_G","Defend_G"],"score":860,"play_id":"fe3f4667-dbb1-4a77-8dd4-7100a1dc4ea8","local_time":"20190609032428","is_ascension_mode":true,"campfire_choices":[{"data":"Neutralize","floor":6.0,"key":"SMITH"},{"data":"Survivor","floor":8.0,"key":"SMITH"},{"data":"Purity","floor":15.0,"key":"SMITH"},{"floor":23.0,"key":"REST"},{"floor":25.0,"key":"REST"},{"floor":32.0,"key":"REST"},{"data":"Adrenaline","floor":40.0,"key":"SMITH"},{"data":"Heel Hook","floor":44.0,"key":"SMITH"},{"data":"Heel Hook","floor":49.0,"key":"SMITH"}],"neow_cost":"NONE","seed_source_timestamp":47884456876572,"circlet_count":0,"master_deck":["Defend_G","Survivor+1","Neutralize+1","Heel Hook+1","Heel Hook+1","Purity+1","Distraction+1","Deadly Poison+1","A Thousand Cuts+1","Adrenaline+1"],"special_seed":0,"relics":["Ring of the Snake","NeowsBlessing","Darkstone Periapt","Kunai","Astrolabe","Potion Belt","Mummified Hand","Letter Opener","Lantern","Empty Cage","Du-Vu Doll","Bag of Preparation","Bottled Tornado","PreservedInsect","MawBank","Omamori"],"potions_floor_usage":[50,50,50],"damage_taken":[{"damage":0.0,"enemies":"2 Louse","floor":1.0,"turns":1.0},{"damage":0.0,"enemies":"Jaw Worm","floor":2.0,"turns":1.0},{"damage":0.0,"enemies":"Cultist","floor":5.0,"turns":1.0},{"damage":0.0,"enemies":"Lots of Slimes","floor":7.0,"turns":1.0},{"damage":21.0,"enemies":"Lagavulin","floor":10.0,"turns":7.0},{"damage":8.0,"enemies":"Exordium Thugs","floor":13.0,"turns":7.0},{"damage":0.0,"enemies":"Exordium Wildlife","floor":14.0,"turns":1.0},{"damage":11.0,"enemies":"The Guardian","floor":16.0,"turns":16.0},{"damage":2.0,"enemies":"Chosen","floor":18.0,"turns":5.0},{"damage":2.0,"enemies":"3 Byrds","floor":19.0,"turns":4.0},{"damage":20.0,"enemies":"Centurion and Healer","floor":20.0,"turns":3.0},{"damage":62.0,"enemies":"Slavers","floor":24.0,"turns":7.0},{"damage":0.0,"enemies":"3 Cultists","floor":27.0,"turns":2.0},{"damage":2.0,"enemies":"Chosen and Byrds","floor":28.0,"turns":7.0},{"damage":15.0,"enemies":"Colosseum Slavers","floor":30.0,"turns":3.0},{"damage":5.0,"enemies":"Collector","floor":33.0,"turns":3.0},{"damage":0.0,"enemies":"3 Darklings","floor":35.0,"turns":2.0},{"damage":0.0,"enemies":"Mind Bloom Boss Battle","floor":36.0,"turns":2.0},{"damage":0.0,"enemies":"Nemesis","floor":41.0,"turns":1.0},{"damage":0.0,"enemies":"Orb Walker","floor":42.0,"turns":1.0},{"damage":0.0,"enemies":"4 Shapes","floor":46.0,"turns":1.0},{"damage":0.0,"enemies":"Giant Head","floor":47.0,"turns":1.0},{"damage":2,"enemies":"Donu and Deca","floor":50,"turns":2}],"seed_played":"-5042040471586202389","potions_obtained":[{"floor":2.0,"key":"SmokeBomb"},{"floor":5.0,"key":"Explosive Potion"},{"floor":7.0,"key":"FearPotion"},{"floor":13.0,"key":"EssenceOfSteel"},{"floor":20.0,"key":"FairyPotion"},{"floor":27.0,"key":"PowerPotion"},{"floor":28.0,"key":"Ancient Potion"},{"floor":36.0,"key":"SteroidPotion"},{"floor":47.0,"key":"AttackPotion"}],"is_trial":false,"path_per_floor":["M","M","?","$","M","R","M","R","T","E","$","?","M","M","R","B",null,"M","M","M","?","T","R","E","R","T","M","M","$","?","$","R","B",null,"M","?","$","?","$","R","E","M","T","R","?","M","E","$","R","B",null],"character_chosen":"THE_SILENT","items_purchased":["Purity","Lantern","Bag of Preparation","AttackPotion"],"campfire_rested":3,"item_purchase_floors":[11,31,37,48],"current_hp_per_floor":[70,70,70,70,70,70,70,70,70,49,49,49,41,41,41,30,70,68,66,46,33,33,55,5,27,27,27,25,25,10,10,32,27,75,75,75,75,75,75,75,75,75,75,75,75,75,75,75,75,73],"gold":32,"neow_bonus":"THREE_ENEMY_KILL","is_prod":false,"is_daily":false,"chose_seed":false,"campfire_upgraded":6,"win_rate":0,"timestamp":1560065068,"path_taken":["M","M","?","$","M","R","M","R","T","E","$","?","?","M","R","BOSS","M","M","?","?","?","R","E","R","T","M","M","$","?","$","R","BOSS","M","?","$","?","?","R","E","M","T","R","?","?","E","?","R","BOSS"],"build_version":"2019-01-23","purchased_purges":4,"victory":true,"max_hp_per_floor":[70,70,70,70,70,70,70,70,70,70,70,70,70,70,70,70,70,70,70,70,75,75,75,75,75,75,75,75,75,75,75,75,75,75,75,75,75,75,75,75,75,75,75,75,75,75,75,75,75,75],"card_choices":[{"not_picked":["Dodge and Roll","Poisoned Stab"],"picked":"Heel Hook","floor":1.0},{"not_picked":["Tactician","Catalyst","Leg Sweep"],"picked":"SKIP","floor":2.0},{"not_picked":["Dash","Flying Knee"],"picked":"Heel Hook","floor":5.0},{"not_picked":["Tactician","Calculated Gamble","Finisher"],"picked":"SKIP","floor":7.0},{"not_picked":["Bouncing Flask","Catalyst","Skewer"],"picked":"SKIP","floor":10.0},{"not_picked":["Poisoned Stab","Dagger Throw","Bane"],"picked":"SKIP","floor":13.0},{"not_picked":["Dagger Throw","Flying Knee","Eviscerate"],"picked":"SKIP","floor":18.0},{"not_picked":["Heel Hook","Finisher","Quick Slash"],"picked":"SKIP","floor":19.0},{"not_picked":["All Out Attack","Dagger Throw","Deflect+1"],"picked":"SKIP","floor":20.0},{"not_picked":["Prepared","Terror","Poisoned Stab+1"],"picked":"SKIP","floor":24.0},{"not_picked":["Infinite Blades","Masterful Stab","Blade Dance"],"picked":"SKIP","floor":27.0},{"not_picked":["Acrobatics","Dagger Throw","Blade Dance"],"picked":"SKIP","floor":28.0},{"not_picked":["Night Terror","Phantasmal Killer"],"picked":"Adrenaline","floor":33.0},{"not_picked":["Distraction+1","Underhanded Strike","Dodge and Roll"],"picked":"SKIP","floor":35.0},{"not_picked":["Underhanded Strike+1","Poisoned Stab","Bane"],"picked":"SKIP","floor":41.0},{"not_picked":["Riddle With Holes","Prepared+1","Bouncing Flask"],"picked":"SKIP","floor":42.0},{"not_picked":["Dagger Throw","Accuracy+1","Venomology"],"picked":"SKIP","floor":46.0},{"not_picked":["PiercingWail+1","Cloak And Dagger+1","Flying Knee+1"],"picked":"SKIP","floor":47.0}],"player_experience":136012,"relics_obtained":[{"floor":9.0,"key":"Darkstone Periapt"},{"floor":10.0,"key":"Kunai"},{"floor":22.0,"key":"Potion Belt"},{"floor":24.0,"key":"Mummified Hand"},{"floor":26.0,"key":"Letter Opener"},{"floor":36.0,"key":"Du-Vu Doll"},{"floor":41.0,"key":"Bottled Tornado"},{"floor":43.0,"key":"PreservedInsect"},{"floor":47.0,"key":"Omamori"}],"event_choices":[{"damage_healed":0.0,"max_hp_gain":0.0,"max_hp_loss":0.0,"gold_gain":0.0,"event_name":"Liars Game","player_choice":"Ignored","floor":3.0,"gold_loss":0.0,"damage_taken":0.0},{"damage_healed":0.0,"max_hp_gain":0.0,"max_hp_loss":0.0,"gold_gain":100.0,"event_name":"Golden Shrine","player_choice":"Pray","floor":12.0,"gold_loss":0.0,"damage_taken":0.0},{"damage_healed":0.0,"max_hp_gain":5.0,"max_hp_loss":0.0,"gold_gain":0.0,"event_name":"Forgotten Altar","player_choice":"Shed Blood","floor":21.0,"gold_loss":0.0,"damage_taken":18.0},{"damage_healed":0.0,"max_hp_gain":0.0,"max_hp_loss":0.0,"gold_gain":0.0,"event_name":"Colosseum","player_choice":"Fight","floor":30.0,"gold_loss":0.0,"damage_taken":0.0},{"damage_healed":0.0,"max_hp_gain":0.0,"max_hp_loss":0.0,"gold_gain":0.0,"event_name":"Colosseum","player_choice":"Fled From Nobs","floor":30.0,"gold_loss":0.0,"damage_taken":0.0},{"damage_healed":0.0,"max_hp_gain":0.0,"max_hp_loss":0.0,"gold_gain":0.0,"event_name":"MindBloom","player_choice":"Fight","floor":36.0,"gold_loss":0.0,"damage_taken":0.0},{"damage_healed":0.0,"max_hp_gain":0.0,"max_hp_loss":0.0,"gold_gain":0.0,"event_name":"SensoryStone","player_choice":"Memory 1","floor":38.0,"gold_loss":0.0,"damage_taken":0.0},{"damage_healed":0.0,"max_hp_gain":0.0,"max_hp_loss":0.0,"gold_gain":0.0,"event_name":"WeMeetAgain","player_choice":"Gave Potion","floor":45.0,"gold_loss":0.0,"damage_taken":0.0,"relics_obtained":["MawBank"]}],"is_beta":false,"boss_relics":[{"not_picked":["Orrery","Snecko Eye"],"picked":"Astrolabe"},{"not_picked":["Calling Bell","Philosopher\u0027s Stone"],"picked":"Empty Cage"}],"items_purged_floors":[4,29,31,48],"is_endless":false,"potions_floor_spawned":[2,5,7,13,20,27,28,36,47],"ascension_level":3}