{"gold_per_floor":[12,12,32,32,50,50,75,25,25,25,59,74,105,115,115,193,193,211,53,53,67,84,114,114,114,139,139,172,172,206,40,40,119,119,135,60,60,76,76,76,110,121,174,7,33,33,53,68,68,68,68,68,68,68,96,96],"floor_reached":56,"playtime":3882,"items_purged":["Writhe"],"score":2212,"play_id":"43db3035-f172-45fb-a624-fc2ef2e705cb","local_time":"20190816184340","is_ascension_mode":true,"campfire_choices":[{"data":"Bash","floor":6.0,"key":"SMITH"},{"data":"Spot Weakness","floor":10.0,"key":"SMITH"},{"data":"Berserk","floor":15.0,"key":"SMITH"},{"data":"Limit Break","floor":25.0,"key":"SMITH"},{"data":"Sword Boomerang","floor":27.0,"key":"SMITH"},{"data":"Clothesline","floor":29.0,"key":"SMITH"},{"data":"Impervious","floor":32.0,"key":"SMITH"},{"data":"Limit Break","floor":40.0,"key":"SMITH"},{"data":"1","floor":46.0,"key":"LIFT"},{"floor":49.0,"key":"RECALL"},{"data":"2","floor":53.0,"key":"LIFT"}],"neow_cost":"NO_GOLD","seed_source_timestamp":1536788457384137,"circlet_count":0,"master_deck":["AscendersBane","Defend_R","Defend_R","Defend_R","Defend_R","Bash+1","Headbutt","Iron Wave","Spot Weakness+1","Anger","Sword Boomerang+1","Clothesline+1","Headbutt+1","Berserk+1","Limit Break+1","Ghostly Armor+1","Twin Strike+1","Immolate+1","Pommel Strike+1","Thunderclap","Impervious+1","Limit Break+1","Heavy Blade+1","Pommel Strike+1","Pommel Strike+1"],"special_seed":0,"relics":["Burning Blood","Pocketwatch","CultistMask","Orichalcum","Paper Frog","Pear","Meat on the Bone","Astrolabe","Bag of Marbles","Ornamental Fan","Vajra","Happy Flower","Lantern","Dream Catcher","Pen Nib","Sozu","Charon\u0027s Ashes","Anchor","Girya","Whetstone"],"potions_floor_usage":[],"damage_taken":[{"damage":2.0,"enemies":"2 Louse","floor":1.0,"turns":4.0},{"damage":1.0,"enemies":"Cultist","floor":3.0,"turns":3.0},{"damage":0.0,"enemies":"Small Slimes","floor":5.0,"turns":3.0},{"damage":20.0,"enemies":"Lagavulin","floor":7.0,"turns":6.0},{"damage":14.0,"enemies":"3 Sentries","floor":11.0,"turns":6.0},{"damage":7.0,"enemies":"Blue Slaver","floor":12.0,"turns":2.0},{"damage":10.0,"enemies":"Lagavulin","floor":13.0,"turns":3.0},{"damage":1.0,"enemies":"Exordium Thugs","floor":14.0,"turns":3.0},{"damage":0.0,"enemies":"Slime Boss","floor":16.0,"turns":6.0},{"damage":0.0,"enemies":"Chosen","floor":18.0,"turns":3.0},{"damage":13.0,"enemies":"Shell Parasite","floor":21.0,"turns":3.0},{"damage":12.0,"enemies":"Chosen and Byrds","floor":22.0,"turns":3.0},{"damage":0.0,"enemies":"Gremlin Leader","floor":23.0,"turns":3.0},{"damage":15.0,"enemies":"Book of Stabbing","floor":28.0,"turns":3.0},{"damage":0.0,"enemies":"Gremlin Leader","floor":30.0,"turns":2.0},{"damage":25.0,"enemies":"Automaton","floor":33.0,"turns":5.0},{"damage":0.0,"enemies":"3 Darklings","floor":35.0,"turns":3.0},{"damage":0.0,"enemies":"Orb Walker","floor":38.0,"turns":1.0},{"damage":0.0,"enemies":"Reptomancer","floor":41.0,"turns":3.0},{"damage":17.0,"enemies":"Sphere and 2 Shapes","floor":42.0,"turns":4.0},{"damage":19.0,"enemies":"Giant Head","floor":45.0,"turns":6.0},{"damage":16.0,"enemies":"3 Darklings","floor":47.0,"turns":3.0},{"damage":0.0,"enemies":"Spire Growth","floor":48.0,"turns":2.0},{"damage":50.0,"enemies":"Donu and Deca","floor":50.0,"turns":5.0},{"damage":42.0,"enemies":"Awakened One","floor":51.0,"turns":5.0},{"damage":73.0,"enemies":"Shield and Spear","floor":55.0,"turns":5.0},{"damage":21,"enemies":"The Heart","floor":56,"turns":3}],"seed_played":"-8029086812003309378","potions_obtained":[{"floor":1.0,"key":"BloodPotion"},{"floor":12.0,"key":"FearPotion"},{"floor":16.0,"key":"SkillPotion"},{"floor":22.0,"key":"Strength Potion"},{"floor":23.0,"key":"BloodPotion"},{"floor":33.0,"key":"EntropicBrew"}],"is_trial":false,"path_per_floor":["M","?","M","?","M","R","E","$","T","R","E","M","E","M","R","B",null,"M","$","?","M","M","E","?","R","T","R","E","R","E","$","R","B",null,"M","$","?","M","$","R","E","M","T","$","E","R","M","M","R","B","B",null,"R","$","E","B"],"character_chosen":"IRONCLAD","items_purchased":["Anger","Bag of Marbles","Pen Nib","Anchor"],"campfire_rested":0,"item_purchase_floors":[8,19,31,44],"current_hp_per_floor":[72,72,75,75,75,75,61,61,61,61,63,62,58,63,63,69,81,85,85,85,78,72,78,53,53,53,53,66,66,72,72,72,53,81,87,87,87,90,90,90,90,79,79,79,66,66,56,62,62,30,28,75,75,75,20,0],"gold":96,"neow_bonus":"ONE_RARE_RELIC","is_prod":false,"is_daily":false,"chose_seed":false,"campfire_upgraded":8,"win_rate":0,"timestamp":1565995420,"path_taken":["M","?","?","?","M","R","E","$","T","R","E","M","E","M","R","BOSS","M","?","?","M","M","E","?","R","T","R","E","R","E","$","R","BOSS","M","$","?","M","?","R","E","M","T","$","E","R","?","M","R","BOSS","BOSS","R","$","E","BOSS"],"build_version":"2019-07-17","purchased_purges":1,"victory":false,"max_hp_per_floor":[75,75,75,75,75,75,75,75,75,75,85,85,85,85,85,85,85,85,85,85,85,85,85,90,90,90,90,90,90,90,90,90,90,90,90,90,90,90,90,90,90,90,90,90,90,90,90,90,90,90,90,90,90,90,90,90],"card_choices":[{"not_picked":["Power Through","Sword Boomerang","Wild Strike"],"picked":"SKIP","floor":1.0},{"not_picked":["Iron Wave","Wild Strike"],"picked":"Headbutt","floor":3.0},{"not_picked":["Clash","Pommel Strike"],"picked":"Spot Weakness","floor":5.0},{"not_picked":["Second Wind","Clash","Brutality"],"picked":"SKIP","floor":7.0},{"not_picked":["Twin Strike","Sever Soul"],"picked":"Sword Boomerang","floor":11.0},{"not_picked":["Shockwave","Body Slam"],"picked":"Clothesline","floor":12.0},{"not_picked":["Perfected Strike","Havoc"],"picked":"Headbutt","floor":13.0},{"not_picked":["Flex","Body Slam"],"picked":"Berserk","floor":14.0},{"not_picked":["Exhume","Demon Form"],"picked":"Limit Break","floor":16.0},{"not_picked":["Pummel","Body Slam"],"picked":"Pommel Strike+1","floor":18.0},{"not_picked":["Entrench+1","Clash","Infernal Blade"],"picked":"SKIP","floor":21.0},{"not_picked":["Carnage","Pummel"],"picked":"Thunderclap","floor":22.0},{"not_picked":["Spot Weakness","Thunderclap"],"picked":"Impervious","floor":23.0},{"not_picked":["Dropkick","Carnage+1","Cleave"],"picked":"SKIP","floor":28.0},{"not_picked":["Cleave","Seeing Red","Pummel"],"picked":"SKIP","floor":30.0},{"not_picked":["Fiend Fire","Demon Form"],"picked":"Limit Break","floor":33.0},{"not_picked":["Anger","Reckless Charge","Warcry"],"picked":"SKIP","floor":35.0},{"not_picked":["Armaments","Headbutt","Pommel Strike"],"picked":"SKIP","floor":38.0},{"not_picked":["Sword Boomerang","Anger"],"picked":"Heavy Blade","floor":41.0},{"not_picked":["Dark Embrace","Headbutt"],"picked":"Pommel Strike+1","floor":42.0},{"not_picked":["Intimidate","True Grit","Evolve+1"],"picked":"SKIP","floor":45.0},{"not_picked":["Warcry","Headbutt"],"picked":"Pommel Strike+1","floor":47.0},{"not_picked":["Burning Pact","Flame Barrier","Seeing Red"],"picked":"SKIP","floor":48.0},{"not_picked":["Armaments","Cleave","Clash"],"picked":"SKIP","floor":55.0}],"player_experience":580478,"relics_obtained":[{"floor":7.0,"key":"Orichalcum"},{"floor":9.0,"key":"Paper Frog"},{"floor":11.0,"key":"Pear"},{"floor":13.0,"key":"Meat on the Bone"},{"floor":23.0,"key":"Vajra"},{"floor":26.0,"key":"Happy Flower"},{"floor":28.0,"key":"Lantern"},{"floor":30.0,"key":"Dream Catcher"},{"floor":41.0,"key":"Charon\u0027s Ashes"},{"floor":45.0,"key":"Girya"},{"floor":55.0,"key":"Whetstone"}],"event_choices":[{"damage_healed":0.0,"max_hp_gain":0.0,"max_hp_loss":0.0,"gold_gain":0.0,"event_name":"FaceTrader","player_choice":"Trade","floor":2.0,"gold_loss":0.0,"damage_taken":0.0,"relics_obtained":["CultistMask"]},{"damage_healed":0.0,"max_hp_gain":0.0,"max_hp_loss":0.0,"gold_gain":0.0,"cards_transformed":["Strike_R"],"event_name":"Transmorgrifier","player_choice":"Transformed","floor":4.0,"gold_loss":0.0,"damage_taken":0.0,"cards_obtained":["Iron Wave"]},{"damage_healed":0.0,"max_hp_gain":0.0,"max_hp_loss":0.0,"gold_gain":0.0,"event_name":"The Mausoleum","player_choice":"Opened","floor":20.0,"gold_loss":0.0,"damage_taken":0.0,"relics_obtained":["Ornamental Fan"],"cards_obtained":["Writhe"]},{"damage_healed":0.0,"max_hp_gain":5.0,"max_hp_loss":0.0,"gold_gain":0.0,"event_name":"Forgotten Altar","player_choice":"Shed Blood","floor":24.0,"gold_loss":0.0,"damage_taken":30.0},{"cards_removed":["Strike_R"],"damage_healed":0.0,"max_hp_gain":0.0,"max_hp_loss":0.0,"gold_gain":0.0,"event_name":"Purifier","player_choice":"Purged","floor":37.0,"gold_loss":0.0,"damage_taken":0.0}],"is_beta":false,"boss_relics":[{"not_picked":["Fusion Hammer","Runic Pyramid"],"picked":"Astrolabe"},{"not_picked":["Black Star","Cursed Key"],"picked":"Sozu"}],"items_purged_floors":[36],"is_endless":false,"potions_floor_spawned":[1,12,13,16,22,23,33,38,45,47,55],"killed_by":"The Heart","ascension_level":20}