{"gold_per_floor":[359,359,381,411,20,46,46,121,121,133,159,119],"floor_reached":12,"playtime":657,"items_purged":["Normality"],"score":156,"play_id":"6730966f-af10-4a3d-ad32-5aeb68543c16","local_time":"20190816192542","is_ascension_mode":true,"campfire_choices":[{"data":"Streamline","floor":7,"key":"SMITH"}],"neow_cost":"CURSE","seed_source_timestamp":1543042954485232,"circlet_count":0,"master_deck":["AscendersBane","Strike_B","Strike_B","Strike_B","Strike_B","Defend_B","Defend_B","Defend_B","Defend_B","Zap","Dualcast","Streamline+1","Leap","Rebound","Capacitor","Coolheaded","Genetic Algorithm","Compile Driver+1"],"relics":["Cracked Core","MawBank","Bag of Preparation","Art of War","Molten Egg 2","Smiling Mask"],"potions_floor_usage":[10,12],"damage_taken":[{"damage":12,"enemies":"Small Slimes","floor":1,"turns":3},{"damage":1,"enemies":"Cultist","floor":3,"turns":3},{"damage":1,"enemies":"2 Louse","floor":4,"turns":3},{"damage":18,"enemies":"3 Sentries","floor":6,"turns":12},{"damage":18,"enemies":"Exordium Wildlife","floor":10,"turns":7},{"damage":6,"enemies":"Exordium Thugs","floor":12,"turns":2}],"seed_played":"-8364166799270937315","potions_obtained":[{"floor":1,"key":"Weak Potion"}],"is_trial":false,"path_per_floor":["M","?","M","M","$","E","R","?","T","M","T","M"],"character_chosen":"DEFECT","items_purchased":["Capacitor","Coolheaded","Bag of Preparation","Block Potion"],"campfire_rested":0,"item_purchase_floors":[5,5,5,5],"current_hp_per_floor":[52,52,51,50,50,32,32,21,21,3,3,0],"gold":119,"neow_bonus":"TWO_FIFTY_GOLD","is_prod":false,"is_daily":false,"chose_seed":false,"campfire_upgraded":1,"win_rate":0,"timestamp":1565997942,"path_taken":["M","?","?","M","$","E","R","?","T","M","?","M"],"build_version":"2019-07-17","purchased_purges":1,"victory":false,"max_hp_per_floor":[71,71,71,71,71,71,71,71,71,71,71,71],"card_choices":[{"not_picked":["Turbo","Beam Cell"],"picked":"Streamline","floor":1},{"not_picked":["Reprogram","Turbo"],"picked":"Leap","floor":3},{"not_picked":["Force Field","Go for the Eyes"],"picked":"Rebound","floor":4},{"not_picked":["Undo","Leap"],"picked":"Genetic Algorithm","floor":6},{"not_picked":["Conserve Battery","Turbo"],"picked":"Compile Driver+1","floor":10}],"player_experience":585935,"relics_obtained":[{"floor":2,"key":"MawBank"},{"floor":6,"key":"Art of War"},{"floor":9,"key":"Molten Egg 2"},{"floor":11,"key":"Smiling Mask"}],"event_choices":[{"damage_healed":0,"gold_gain":0,"player_choice":"Relic","damage_taken":0,"max_hp_gain":0,"max_hp_loss":0,"event_name":"Wheel of Change","floor":2,"gold_loss":0},{"damage_healed":0,"gold_gain":75,"player_choice":"Gather Gold","damage_taken":11,"max_hp_gain":0,"max_hp_loss":0,"event_name":"World of Goop","floor":8,"gold_loss":0}],"is_beta":false,"boss_relics":[],"items_purged_floors":[5],"is_endless":false,"potions_floor_spawned":[1],"killed_by":"Exordium Thugs","ascension_level":20}