{"gold_per_floor":[112,122,122,133,143,162,162,173,199,213,5,5,30,47,47,47],"floor_reached":16,"playtime":790,"items_purged":[],"score":96,"play_id":"3ef1500b-057a-4158-972e-045a5d3866bd","local_time":"20190503160012","is_ascension_mode":false,"campfire_choices":[{"data":"Streamline","floor":7,"key":"SMITH"},{"data":"Seek","floor":12,"key":"SMITH"},{"floor":15,"key":"REST"}],"neow_cost":"NONE","seed_source_timestamp":213190169260584,"circlet_count":0,"master_deck":["Strike_B","Strike_B","Strike_B","Strike_B","Defend_B","Defend_B","Defend_B","Defend_B","Zap","Dualcast","Streamline+1","Sweeping Beam","Seek+1","Ball Lightning","Skim","Ball Lightning"],"relics":["Cracked Core","NeowsBlessing","Regal Pillow","Lee\u0027s Waffle","Boot"],"potions_floor_usage":[],"damage_taken":[{"damage":0,"enemies":"Jaw Worm","floor":1,"turns":1},{"damage":0,"enemies":"Cultist","floor":2,"turns":1},{"damage":0,"enemies":"Small Slimes","floor":4,"turns":1},{"damage":7,"enemies":"3 Louse","floor":5,"turns":3},{"damage":10,"enemies":"Looter","floor":6,"turns":2},{"damage":16,"enemies":"Large Slime","floor":8,"turns":3},{"damage":12,"enemies":"Blue Slaver","floor":10,"turns":2},{"damage":1,"enemies":"Exordium Thugs","floor":14,"turns":3},{"damage":0,"enemies":"The Guardian","floor":16,"turns":1}],"seed_played":"1962137168858309407","potions_obtained":[{"floor":1,"key":"LiquidBronze"},{"floor":3,"key":"EssenceOfSteel"},{"floor":3,"key":"EssenceOfSteel"},{"floor":5,"key":"Fire Potion"},{"floor":14,"key":"Strength Potion"}],"is_trial":false,"path_per_floor":["M","M","?","M","M","M","R","M","T","M","$","R","T","M","R","B"],"character_chosen":"DEFECT","items_purchased":["Lee\u0027s Waffle"],"campfire_rested":1,"item_purchase_floors":[11],"current_hp_per_floor":[75,75,75,75,68,58,58,42,42,30,82,82,82,81,82,82],"gold":47,"neow_bonus":"THREE_ENEMY_KILL","is_prod":false,"is_daily":false,"chose_seed":false,"campfire_upgraded":2,"win_rate":0,"timestamp":1556924412,"path_taken":["M","M","?","M","?","M","R","M","T","?","?","R","?","M","R","BOSS"],"build_version":"2019-01-23","purchased_purges":0,"victory":false,"max_hp_per_floor":[75,75,75,75,75,75,75,75,75,75,82,82,82,82,82,82],"card_choices":[{"not_picked":["Heatsinks","Barrage"],"picked":"Streamline","floor":1},{"not_picked":["Coolheaded","White Noise"],"picked":"Sweeping Beam","floor":2},{"not_picked":["Hologram","Auto Shields"],"picked":"Seek","floor":4},{"not_picked":["Coolheaded","Gash"],"picked":"Ball Lightning","floor":5},{"not_picked":["Hologram","Scrape","Stack"],"picked":"SKIP","floor":6},{"not_picked":["Steam","Auto Shields","Tempest"],"picked":"SKIP","floor":8},{"not_picked":["Go for the Eyes","Barrage"],"picked":"Skim","floor":10},{"not_picked":["Storm","Double Energy"],"picked":"Ball Lightning","floor":14}],"player_experience":1326555,"relics_obtained":[{"floor":9,"key":"Regal Pillow"},{"floor":13,"key":"Boot"}],"event_choices":[{"damage_healed":0,"gold_gain":0,"player_choice":"Got Potions","damage_taken":0,"max_hp_gain":0,"max_hp_loss":0,"event_name":"Lab","floor":3,"gold_loss":0}],"is_beta":false,"boss_relics":[],"items_purged_floors":[],"is_endless":false,"potions_floor_spawned":[1,5,14],"killed_by":"The Guardian","ascension_level":0}