{"gold_per_floor":[117,117,136,161,184,184,219,219,219,25,25,50,94,108,108,108],"floor_reached":16,"playtime":1228,"items_purged":[],"score":157,"play_id":"515ed056-321d-4811-9411-65df4d8d421b","local_time":"20181113141439","is_ascension_mode":true,"campfire_choices":[{"data":"Blade Dance","floor":6,"key":"SMITH"},{"data":"Choke","floor":8,"key":"SMITH"},{"floor":11,"key":"REST"},{"floor":15,"key":"REST"}],"neow_cost":"NONE","seed_source_timestamp":60011623575283,"circlet_count":0,"master_deck":["Defend_G","Defend_G","Defend_G","Defend_G","Defend_G","Strike_G","Strike_G","Strike_G","Strike_G","Strike_G","Survivor","Neutralize","Choke+1","All Out Attack","Blade Dance+1","Cloak And Dagger","Blade Dance","Cloak And Dagger"],"relics":["Philosopher\u0027s Stone","Golden Idol","Ancient Tea Set","Question Card","Membership Card","Blue Candle"],"potions_floor_usage":[7,13,16],"damage_taken":[{"damage":7,"enemies":"Jaw Worm","floor":1,"turns":5},{"damage":0,"enemies":"2 Louse","floor":3,"turns":3},{"damage":0,"enemies":"Small Slimes","floor":4,"turns":2},{"damage":6,"enemies":"Looter","floor":5,"turns":4},{"damage":13,"enemies":"3 Sentries","floor":7,"turns":8},{"damage":0,"enemies":"Large Slime","floor":12,"turns":1},{"damage":11,"enemies":"Lagavulin","floor":13,"turns":5},{"damage":0,"enemies":"Blue Slaver","floor":14,"turns":2},{"damage":52,"enemies":"Hexaghost","floor":16,"turns":9}],"seed_played":"-1049658809450580292","potions_obtained":[{"floor":1,"key":"FearPotion"},{"floor":4,"key":"Poison Potion"},{"floor":7,"key":"Swift Potion"},{"floor":14,"key":"Energy Potion"}],"is_trial":false,"path_per_floor":["M","?","M","M","M","R","E","R","T","$","R","M","E","M","R","B"],"character_chosen":"THE_SILENT","items_purchased":["Membership Card"],"campfire_rested":2,"item_purchase_floors":[10],"current_hp_per_floor":[56,39,39,39,33,33,20,20,20,20,41,41,30,30,51,0],"gold":108,"neow_bonus":"BOSS_RELIC","is_prod":false,"is_daily":false,"chose_seed":false,"campfire_upgraded":2,"win_rate":0,"timestamp":1542147279,"path_taken":["M","?","M","M","M","R","E","R","T","$","R","M","E","M","R","BOSS"],"build_version":"2018-11-08","purchased_purges":0,"victory":false,"max_hp_per_floor":[70,70,70,70,70,70,70,70,70,70,70,70,70,70,70,70],"card_choices":[{"not_picked":["Poisoned Stab","Endless Agony"],"picked":"Choke","floor":1},{"not_picked":["Slice","Sucker Punch","Endless Agony"],"picked":"SKIP","floor":3},{"not_picked":["Flying Knee","Acrobatics"],"picked":"All Out Attack","floor":4},{"not_picked":["Sucker Punch","Wraith Form v2"],"picked":"Blade Dance","floor":5},{"not_picked":["Dagger Throw","Prepared","Slice"],"picked":"SKIP","floor":7},{"not_picked":["Caltrops","Quick Slash","Reflex"],"picked":"Cloak And Dagger","floor":12},{"not_picked":["Crippling Poison","Well Laid Plans","Backstab"],"picked":"Blade Dance","floor":13},{"not_picked":["Outmaneuver","Dagger Throw","Acrobatics"],"picked":"Cloak And Dagger","floor":14}],"player_experience":978447,"relics_obtained":[{"floor":7,"key":"Ancient Tea Set"},{"floor":9,"key":"Question Card"},{"floor":13,"key":"Blue Candle"}],"event_choices":[{"damage_healed":0,"gold_gain":0,"player_choice":"Take Damage","damage_taken":17,"relics_obtained":["Golden Idol"],"max_hp_gain":0,"max_hp_loss":0,"event_name":"Golden Idol","floor":2,"gold_loss":0}],"is_beta":false,"boss_relics":[],"items_purged_floors":[],"is_endless":false,"potions_floor_spawned":[1,4,7,14],"killed_by":"Hexaghost","ascension_level":8}