{"gold_per_floor":[110,121,140,215,31,96,96,125,151,163,175,187,199,229,241,253],"floor_reached":16,"playtime":827,"items_purged":[],"score":146,"play_id":"ee475617-d3d9-4863-a8c0-f90d805b49cc","local_time":"20190505223907","is_ascension_mode":true,"campfire_choices":[{"floor":7,"key":"REST"},{"floor":10,"key":"REST"},{"data":"Fusion","floor":12,"key":"SMITH"},{"floor":15,"key":"REST"}],"neow_cost":"NONE","seed_source_timestamp":360691575274877,"circlet_count":0,"master_deck":["Strike_B","Strike_B","Strike_B","Strike_B","Defend_B","Defend_B","Defend_B","Defend_B","Zap","Dualcast","White Noise+1","Force Field+1","Fusion+1","Heatsinks","Reboot","Tempest"],"relics":["Cracked Core","Lantern","PreservedInsect","Tiny Chest","War Paint","MawBank","Unceasing Top"],"potions_floor_usage":[6,16],"damage_taken":[{"damage":7,"enemies":"Jaw Worm","floor":1,"turns":3},{"damage":12,"enemies":"Small Slimes","floor":2,"turns":2},{"damage":7,"enemies":"2 Louse","floor":3,"turns":2},{"damage":15,"enemies":"3 Sentries","floor":6,"turns":3},{"damage":23,"enemies":"Lagavulin","floor":8,"turns":6},{"damage":0,"enemies":"Large Slime","floor":14,"turns":7},{"damage":61,"enemies":"Hexaghost","floor":16,"turns":11}],"seed_played":"724431209019107175","potions_obtained":[{"floor":2,"key":"Explosive Potion"},{"floor":3,"key":"AttackPotion"},{"floor":8,"key":"SteroidPotion"}],"is_trial":false,"path_per_floor":["M","M","M","?","$","E","R","E","T","R","?","R","$","M","R","B"],"character_chosen":"DEFECT","items_purchased":["PreservedInsect","Heatsinks"],"campfire_rested":3,"item_purchase_floors":[5,5],"current_hp_per_floor":[61,49,42,31,31,16,38,15,15,37,37,37,37,37,59,0],"gold":253,"neow_bonus":"RANDOM_COMMON_RELIC","is_prod":false,"is_daily":false,"chose_seed":false,"campfire_upgraded":1,"win_rate":0,"timestamp":1557121147,"path_taken":["M","M","M","?","$","E","R","E","T","R","?","R","$","M","R","BOSS"],"build_version":"2019-01-23","purchased_purges":0,"victory":false,"max_hp_per_floor":[75,75,75,75,75,75,75,75,75,75,75,75,75,75,75,75],"card_choices":[{"not_picked":["Go for the Eyes","Gash"],"picked":"White Noise","floor":1},{"not_picked":["Cold Snap","Gash"],"picked":"Force Field","floor":2},{"not_picked":["Rebound","Scrape"],"picked":"Fusion","floor":3},{"not_picked":["Ball Lightning","Glacier","Blizzard"],"picked":"SKIP","floor":6},{"not_picked":["Ball Lightning","Go for the Eyes"],"picked":"Reboot","floor":8},{"not_picked":["Steam","Rebound"],"picked":"Tempest","floor":14}],"player_experience":1335952,"relics_obtained":[{"floor":6,"key":"Tiny Chest"},{"floor":8,"key":"War Paint"},{"floor":9,"key":"MawBank"}],"event_choices":[{"damage_healed":0,"gold_gain":75,"player_choice":"Gather Gold","damage_taken":11,"max_hp_gain":0,"max_hp_loss":0,"event_name":"World of Goop","floor":4,"gold_loss":0},{"damage_healed":0,"gold_gain":0,"player_choice":"Searched \u00272\u0027 times","damage_taken":0,"relics_obtained":["Unceasing Top"],"max_hp_gain":0,"max_hp_loss":0,"event_name":"Dead Adventurer","floor":11,"gold_loss":0}],"is_beta":false,"boss_relics":[],"items_purged_floors":[],"is_endless":false,"potions_floor_spawned":[2,3,8],"killed_by":"Hexaghost","ascension_level":7}