{"gold_per_floor":[110,110,123,123,11,11,38,38,38,38,68,116,43,61,61,162,162,135,135,210,210,236,264,276,288,300,330,0,10,21,21,21,118,118,138,138,156,156,156,156,31,31,31,31,44,62,82,32,32,32],"floor_reached":51,"playtime":8354,"items_purged":["Strike_G","Strike_G","Defend_G"],"score":784,"play_id":"1e335459-3d44-4515-9c2f-8cdeda3ab31f","local_time":"20190603182351","is_ascension_mode":false,"campfire_choices":[{"data":"Infinite Blades","floor":6.0,"key":"SMITH"},{"data":"Neutralize","floor":8.0,"key":"SMITH"},{"data":"Survivor","floor":10.0,"key":"SMITH"},{"data":"Noxious Fumes","floor":15.0,"key":"SMITH"},{"data":"After Image","floor":24.0,"key":"SMITH"},{"data":"After Image","floor":32,"key":"SMITH"},{"data":"Apotheosis","floor":40,"key":"SMITH"},{"data":"Tools of the Trade","floor":42,"key":"SMITH"},{"floor":49,"key":"REST"}],"neow_cost":"NONE","seed_source_timestamp":757508431652189,"circlet_count":0,"master_deck":["Defend_G+1","Defend_G+1","Survivor+1","Neutralize+1","Escape Plan+1","Iron Wave+1","Backflip+1","Infinite Blades+1","Dodge and Roll+1","Noxious Fumes+1","Adrenaline+1","Acrobatics+1","After Image+1","Noxious Fumes+1","Well Laid Plans+1","Acrobatics+1","After Image+1","Tools of the Trade+1","All Out Attack+1","Slice+1","Blade Dance+1","Distraction+1","Apotheosis+1","Backflip+1","Dash+1","PiercingWail+1"],"special_seed":0,"relics":["Ring of the Snake","NeowsBlessing","Odd Mushroom","Snake Skull","Meat on the Bone","Omamori","HoveringKite","Necronomicon","Question Card","Oddly Smooth Stone","MawBank","Mummified Hand","Medical Kit","Astrolabe","Bottled Tornado","Mark of the Bloom"],"potions_floor_usage":[45,50,50],"damage_taken":[{"damage":0.0,"enemies":"Small Slimes","floor":1.0,"turns":1.0},{"damage":0.0,"enemies":"Cultist","floor":3.0,"turns":1.0},{"damage":1.0,"enemies":"The Mushroom Lair","floor":7.0,"turns":2.0},{"damage":14.0,"enemies":"Lagavulin","floor":11.0,"turns":12.0},{"damage":0.0,"enemies":"Jaw Worm","floor":14.0,"turns":4.0},{"damage":6.0,"enemies":"The Guardian","floor":16.0,"turns":10.0},{"damage":0.0,"enemies":"2 Thieves","floor":18.0,"turns":5.0},{"damage":4.0,"enemies":"Colosseum Slavers","floor":21.0,"turns":6.0},{"damage":0.0,"enemies":"Book of Stabbing","floor":23.0,"turns":9.0},{"damage":0.0,"enemies":"3 Byrds","floor":27.0,"turns":5.0},{"damage":3.0,"enemies":"Centurion and Healer","floor":29.0,"turns":7.0},{"damage":5.0,"enemies":"Cultist and Chosen","floor":30.0,"turns":7.0},{"damage":0,"enemies":"Automaton","floor":33,"turns":11},{"damage":1,"enemies":"3 Darklings","floor":35,"turns":4},{"damage":0,"enemies":"Orb Walker","floor":37,"turns":5},{"damage":0,"enemies":"Jaw Worm Horde","floor":45,"turns":3},{"damage":0,"enemies":"Maw","floor":46,"turns":6},{"damage":4,"enemies":"3 Darklings","floor":47,"turns":3},{"damage":0,"enemies":"Awakened One","floor":50,"turns":13}],"seed_played":"-4941401286733884545","potions_obtained":[{"floor":1.0,"key":"FearPotion"},{"floor":11.0,"key":"Explosive Potion"},{"floor":14.0,"key":"Weak Potion"},{"floor":23.0,"key":"Weak Potion"},{"floor":30.0,"key":"Swift Potion"},{"floor":33,"key":"EssenceOfSteel"},{"floor":37,"key":"FearPotion"},{"floor":46,"key":"Energy Potion"}],"is_trial":false,"path_per_floor":["M","?","M","?","$","R","?","R","T","R","E","T","$","M","R","B",null,"M","?","T","?","T","E","R","?","T","M","$","M","M","?","R","B",null,"M","?","M","?","?","R","$","R","T","?","M","M","M","$","R","B",null],"character_chosen":"THE_SILENT","items_purchased":["Infinite Blades","Noxious Fumes","Medical Kit","Acrobatics","SpeedPotion"],"campfire_rested":1,"item_purchase_floors":[5,13,28,28,48],"current_hp_per_floor":[70,70,70,75,75,75,74,74,74,74,60,60,60,60,60,54,75,75,59,59,55,55,55,55,55,55,55,55,52,47,47,47,47,75,74,74,74,74,71,71,71,71,71,71,71,71,67,67,67,67],"gold":32,"neow_bonus":"THREE_ENEMY_KILL","is_prod":false,"is_daily":false,"chose_seed":false,"campfire_upgraded":8,"win_rate":0.0,"timestamp":1559600631,"path_taken":["M","?","?","?","?","R","?","R","T","R","E","?","$","M","R","BOSS","M","?","?","?","?","E","R","?","T","M","$","M","?","?","R","BOSS","M","?","M","?","?","R","?","R","T","?","M","M","M","$","R","BOSS"],"build_version":"2019-01-23","purchased_purges":3,"victory":true,"max_hp_per_floor":[70,70,70,75,75,75,75,75,75,75,75,75,75,75,75,75,75,75,75,75,75,75,75,75,75,75,75,75,75,75,75,75,75,75,75,75,75,75,71,71,71,71,71,71,71,71,71,71,71,71],"card_choices":[{"not_picked":["Tactician","Heel Hook"],"picked":"Escape Plan","floor":1.0},{"not_picked":["Blade Dance","Skewer"],"picked":"Backflip","floor":3.0},{"not_picked":["Quick Slash","Dagger Spray"],"picked":"Dodge and Roll","floor":11.0},{"not_picked":["Reflex","Glass Knife","Terror"],"picked":"SKIP","floor":14.0},{"not_picked":["Night Terror","Envenom"],"picked":"Adrenaline","floor":16.0},{"not_picked":["Deadly Poison","Flying Knee"],"picked":"Acrobatics","floor":18.0},{"not_picked":["Outmaneuver","Slice","Prepared"],"picked":"After Image","floor":23.0},{"not_picked":["Skewer","Distraction","Poisoned Stab"],"picked":"Well Laid Plans","floor":27.0},{"not_picked":["Dagger Throw+1","Outmaneuver","All Out Attack","Deflect"],"picked":"SKIP","floor":29.0},{"not_picked":["Dagger Throw","Deflect","Escape Plan"],"picked":"After Image","floor":30.0},{"not_picked":["Doppelganger","Glass Knife","Venomology"],"picked":"Tools of the Trade","floor":33},{"not_picked":["Acrobatics+1","Underhanded Strike+1","Dagger Throw"],"picked":"Distraction+1","floor":35},{"not_picked":["Enlightenment","PanicButton","Finesse"],"picked":"Apotheosis","floor":36},{"not_picked":["Dodge and Roll","PiercingWail+1","Choke"],"picked":"Backflip+1","floor":37},{"not_picked":["Bouncing Flask+1","Expertise+1","Eviscerate+1"],"picked":"Dash+1","floor":45},{"not_picked":["Slice+1","Skewer+1","Leg Sweep"],"picked":"PiercingWail+1","floor":46},{"not_picked":["Quick Slash+1","Flying Knee+1","Outmaneuver+1","Slice+1"],"picked":"SKIP","floor":47}],"player_experience":58268,"relics_obtained":[{"floor":7.0,"key":"Odd Mushroom"},{"floor":9.0,"key":"Snake Skull"},{"floor":11.0,"key":"Meat on the Bone"},{"floor":12.0,"key":"Omamori"},{"floor":19.0,"key":"Necronomicon"},{"floor":20.0,"key":"Question Card"},{"floor":22.0,"key":"Oddly Smooth Stone"},{"floor":23.0,"key":"MawBank"},{"floor":26.0,"key":"Mummified Hand"},{"floor":43,"key":"Bottled Tornado"}],"event_choices":[{"cards_removed":["Strike_G"],"damage_healed":0.0,"max_hp_gain":0.0,"max_hp_loss":0.0,"gold_gain":0.0,"event_name":"NoteForYourself","player_choice":"Took Card","floor":2.0,"gold_loss":0.0,"damage_taken":0.0,"cards_obtained":["Iron Wave"]},{"damage_healed":0.0,"max_hp_gain":5.0,"max_hp_loss":0.0,"gold_gain":0.0,"event_name":"Big Fish","player_choice":"Donut","floor":4.0,"gold_loss":0.0,"damage_taken":0.0},{"damage_healed":0.0,"max_hp_gain":0.0,"max_hp_loss":0.0,"gold_gain":0.0,"event_name":"Mushrooms","player_choice":"Fought Mushrooms","floor":7.0,"gold_loss":0.0,"damage_taken":0.0},{"damage_healed":0.0,"max_hp_gain":0.0,"max_hp_loss":0.0,"gold_gain":0.0,"event_name":"Cursed Tome","player_choice":"Obtained Book","floor":19.0,"gold_loss":0.0,"damage_taken":16.0},{"damage_healed":0.0,"max_hp_gain":0.0,"max_hp_loss":0.0,"gold_gain":0.0,"event_name":"Colosseum","player_choice":"Fight","floor":21.0,"gold_loss":0.0,"damage_taken":0.0},{"damage_healed":0.0,"max_hp_gain":0.0,"max_hp_loss":0.0,"gold_gain":0.0,"event_name":"Colosseum","player_choice":"Fled From Nobs","floor":21.0,"gold_loss":0.0,"damage_taken":0.0},{"damage_healed":0.0,"max_hp_gain":0.0,"max_hp_loss":0.0,"gold_gain":0.0,"event_name":"Duplicator","player_choice":"Copied","floor":25.0,"gold_loss":0.0,"damage_taken":0.0,"cards_obtained":["Noxious Fumes"]},{"damage_healed":0,"gold_gain":0,"player_choice":"Smashed Altar","damage_taken":0,"max_hp_gain":0,"max_hp_loss":0,"event_name":"Forgotten Altar","floor":31,"gold_loss":0,"cards_obtained":["Decay"]},{"damage_healed":0,"gold_gain":0,"player_choice":"Memory 1","damage_taken":0,"max_hp_gain":0,"max_hp_loss":0,"event_name":"SensoryStone","floor":36,"gold_loss":0},{"cards_removed":["Defend_G"],"damage_healed":0,"gold_gain":0,"player_choice":"Removed Skill","damage_taken":0,"max_hp_gain":0,"max_hp_loss":0,"event_name":"Falling","floor":38,"gold_loss":0},{"damage_healed":0,"gold_gain":0,"player_choice":"Max HP","damage_taken":0,"max_hp_gain":0,"max_hp_loss":4,"event_name":"Winding Halls","floor":39,"gold_loss":0},{"damage_healed":0,"gold_gain":0,"player_choice":"Upgrade","damage_taken":0,"relics_obtained":["Mark of the Bloom"],"max_hp_gain":0,"max_hp_loss":0,"event_name":"MindBloom","floor":44,"gold_loss":0,"cards_upgraded":["Defend_G","Defend_G","Escape Plan","Iron Wave","Backflip","Dodge and Roll","Adrenaline","Acrobatics","Well Laid Plans","Acrobatics"]}],"is_beta":false,"boss_relics":[{"not_picked":["Philosopher\u0027s Stone","Fusion Hammer"],"picked":"HoveringKite"},{"not_picked":["Snecko Eye","Eternal Feather"],"picked":"Astrolabe"}],"items_purged_floors":[5,28,41],"is_endless":false,"potions_floor_spawned":[1,11,14,23,30,33,37,46],"ascension_level":0}