{"gold_per_floor":[115,132,82,82,82,113,113,143,167,167,185,110,110,120,120,224,224,236,236,236,248,97,97,127,141,141,159,159,34,134,151,151,251,251,270,270,280,280,300,327,342,342,342,354,366,31,48,76,76,76],"floor_reached":51,"playtime":4019,"items_purged":["Strike_R","Strike_R","Strike_R","Strike_R"],"score":941,"play_id":"4c03b272-2fed-43a9-abde-73ec38466a24","local_time":"20190605212554","is_ascension_mode":true,"campfire_choices":[{"data":"Bash","floor":7.0,"key":"SMITH"},{"floor":10.0,"key":"REST"},{"data":"Flame Barrier","floor":13.0,"key":"SMITH"},{"data":"Pommel Strike","floor":15.0,"key":"SMITH"},{"data":"Immolate","floor":23.0,"key":"SMITH"},{"data":"Pommel Strike","floor":28,"key":"SMITH"},{"data":"Flex","floor":32,"key":"SMITH"},{"data":"Demon Form","floor":42,"key":"SMITH"},{"data":"Flame Barrier","floor":44,"key":"SMITH"},{"floor":49,"key":"REST"}],"neow_cost":"NONE","seed_source_timestamp":945552737073493,"circlet_count":0,"master_deck":["Defend_R+1","Defend_R","Defend_R+1","Defend_R+1","Bash+1","Inflame+1","Pommel Strike+1","Flame Barrier+1","Pommel Strike+1","Immolate+1","Evolve+1","Shrug It Off","Intimidate+1","Pommel Strike+1","Flex+1","Thunderclap+1","Demon Form+1","Flame Barrier+1","Immolate+1","Inflame+1","Madness+1","Madness+1","Shrug It Off+1","Shrug It Off+1","Shrug It Off+1"],"special_seed":0,"relics":["Black Blood","NeowsBlessing","Strawberry","Regal Pillow","Darkstone Periapt","Art of War","Velvet Choker","Matryoshka","Gremlin Horn","War Paint","FossilizedHelix","Meat on the Bone","CultistMask","Charon\u0027s Ashes","Toxic Egg 2","MawBank","Ancient Tea Set","Boot"],"potions_floor_usage":[30,30,47,48,48],"damage_taken":[{"damage":0.0,"enemies":"Jaw Worm","floor":1.0,"turns":1.0},{"damage":0.0,"enemies":"Small Slimes","floor":2.0,"turns":1.0},{"damage":0.0,"enemies":"Gremlin Nob","floor":6.0,"turns":1.0},{"damage":35.0,"enemies":"Lagavulin","floor":8.0,"turns":6.0},{"damage":0.0,"enemies":"Cultist","floor":11.0,"turns":3.0},{"damage":4.0,"enemies":"Exordium Thugs","floor":14.0,"turns":3.0},{"damage":36.0,"enemies":"The Guardian","floor":16.0,"turns":11.0},{"damage":14.0,"enemies":"2 Thieves","floor":18.0,"turns":3.0},{"damage":22.0,"enemies":"Spheric Guardian","floor":21.0,"turns":4.0},{"damage":21.0,"enemies":"Slavers","floor":24.0,"turns":3.0},{"damage":5.0,"enemies":"Snecko","floor":25.0,"turns":3.0},{"damage":0,"enemies":"Centurion and Healer","floor":27,"turns":4},{"damage":3,"enemies":"Colosseum Slavers","floor":30,"turns":4},{"damage":0,"enemies":"Colosseum Nobs","floor":30,"turns":3},{"damage":0,"enemies":"3 Cultists","floor":31,"turns":2},{"damage":4,"enemies":"Collector","floor":33,"turns":5},{"damage":4,"enemies":"3 Shapes","floor":35,"turns":2},{"damage":6,"enemies":"3 Darklings","floor":37,"turns":3},{"damage":0,"enemies":"Jaw Worm Horde","floor":39,"turns":3},{"damage":0,"enemies":"Reptomancer","floor":40,"turns":3},{"damage":0,"enemies":"Maw","floor":41,"turns":6},{"damage":7,"enemies":"Sphere and 2 Shapes","floor":47,"turns":3},{"damage":32,"enemies":"Giant Head","floor":48,"turns":7},{"damage":65,"enemies":"Donu and Deca","floor":50,"turns":7}],"seed_played":"-5672255705159677075","potions_obtained":[{"floor":1.0,"key":"Ancient Potion"},{"floor":2.0,"key":"Strength Potion"},{"floor":11.0,"key":"GamblersBrew"},{"floor":18.0,"key":"FearPotion"},{"floor":33,"key":"SkillPotion"},{"floor":37,"key":"AttackPotion"},{"floor":39,"key":"Poison Potion"},{"floor":40,"key":"Fire Potion"}],"is_trial":false,"path_per_floor":["M","M","?","?","?","E","R","E","T","R","M","$","R","M","R","B",null,"M","?","?","M","$","R","E","M","T","M","R","$","?","M","R","B",null,"M","?","M","?","M","E","M","R","T","R","?","$","M","E","R","B",null],"character_chosen":"IRONCLAD","items_purchased":["Shrug It Off","Shrug It Off+1","Ancient Tea Set"],"campfire_rested":2,"item_purchase_floors":[22,46,46],"current_hp_per_floor":[80,80,80,64,53,59,59,30,30,71,77,77,77,79,79,49,78,70,76,76,60,60,60,45,46,46,52,52,52,61,67,67,69,87,93,93,93,93,93,93,93,93,93,93,81,81,84,62,93,50],"gold":76,"neow_bonus":"THREE_ENEMY_KILL","is_prod":false,"is_daily":false,"chose_seed":false,"campfire_upgraded":8,"win_rate":0,"timestamp":1559784354,"path_taken":["M","M","?","?","?","E","R","E","T","R","?","$","R","M","R","BOSS","M","?","?","M","$","R","E","M","T","M","R","?","?","M","R","BOSS","M","?","?","?","M","E","?","R","T","R","?","$","M","E","R","BOSS"],"build_version":"2019-01-23","purchased_purges":4,"victory":true,"max_hp_per_floor":[80,80,80,80,87,87,87,87,87,87,87,87,87,87,87,87,87,87,93,93,93,93,93,93,93,93,93,93,93,93,93,93,93,93,93,93,93,93,93,93,93,93,93,93,93,93,93,93,93,93],"card_choices":[{"not_picked":["Infernal Blade","Twin Strike","Hemokinesis"],"picked":"SKIP","floor":1.0},{"not_picked":["Bloodletting","Sword Boomerang"],"picked":"Inflame","floor":2.0},{"not_picked":["Anger","Rage","Seeing Red"],"picked":"SKIP","floor":6.0},{"not_picked":["Fire Breathing","Wild Strike"],"picked":"Pommel Strike","floor":8.0},{"not_picked":["Headbutt","Inflame"],"picked":"Flame Barrier","floor":11.0},{"not_picked":["Havoc","Blood for Blood"],"picked":"Pommel Strike","floor":14.0},{"not_picked":["Berserk","Exhume"],"picked":"Immolate","floor":16.0},{"not_picked":["Sword Boomerang+1","Clothesline","Blood for Blood"],"picked":"SKIP","floor":18.0},{"not_picked":["Headbutt","Clothesline+1"],"picked":"Evolve+1","floor":21.0},{"not_picked":["Clash","Bloodletting+1"],"picked":"Intimidate+1","floor":24.0},{"not_picked":["Twin Strike","Rampage+1","Entrench"],"picked":"SKIP","floor":25.0},{"not_picked":["Warcry","Twin Strike"],"picked":"Pommel Strike+1","floor":27},{"not_picked":["Sword Boomerang","Pummel"],"picked":"Flex","floor":30},{"not_picked":["Evolve","Dark Embrace"],"picked":"Thunderclap+1","floor":31},{"not_picked":["Feed","Berserk"],"picked":"Demon Form","floor":33},{"not_picked":["True Grit","Ghostly Armor"],"picked":"Flame Barrier","floor":35},{"not_picked":["Thunderclap","Power Through+1","Clothesline+1"],"picked":"SKIP","floor":37},{"not_picked":["Twin Strike+1","Iron Wave+1","Rampage+1"],"picked":"SKIP","floor":39},{"not_picked":["Cleave","Brutality","Dual Wield"],"picked":"SKIP","floor":40},{"not_picked":["Uppercut+1","Body Slam+1"],"picked":"Inflame+1","floor":41},{"not_picked":["Clothesline+1","Pommel Strike"],"picked":"Shrug It Off+1","floor":47},{"not_picked":["Feed","Anger+1"],"picked":"Shrug It Off+1","floor":48}],"player_experience":103773,"relics_obtained":[{"floor":6.0,"key":"Regal Pillow"},{"floor":8.0,"key":"Darkstone Periapt"},{"floor":9.0,"key":"Art of War"},{"floor":24.0,"key":"Matryoshka"},{"floor":26.0,"key":"Gremlin Horn"},{"floor":26.0,"key":"War Paint"},{"floor":30,"key":"FossilizedHelix"},{"floor":30,"key":"Meat on the Bone"},{"floor":40,"key":"Charon\u0027s Ashes"},{"floor":43,"key":"Toxic Egg 2"},{"floor":43,"key":"MawBank"},{"floor":48,"key":"Boot"}],"event_choices":[{"cards_removed":["Strike_R"],"damage_healed":0.0,"max_hp_gain":0.0,"max_hp_loss":0.0,"gold_gain":0.0,"event_name":"The Cleric","player_choice":"Card Removal","floor":3.0,"gold_loss":50.0,"damage_taken":0.0},{"damage_healed":0.0,"max_hp_gain":0.0,"max_hp_loss":0.0,"gold_gain":0.0,"event_name":"Shining Light","player_choice":"Entered Light","floor":4.0,"gold_loss":0.0,"damage_taken":16.0,"cards_upgraded":["Inflame","Defend_R"]},{"damage_healed":0.0,"max_hp_gain":0.0,"max_hp_loss":0.0,"gold_gain":0.0,"event_name":"Scrap Ooze","player_choice":"Success","floor":5.0,"gold_loss":0.0,"damage_taken":18.0,"relics_obtained":["Strawberry"]},{"damage_healed":0.0,"max_hp_gain":0.0,"max_hp_loss":0.0,"gold_gain":0.0,"event_name":"Forgotten Altar","player_choice":"Smashed Altar","floor":19.0,"gold_loss":0.0,"damage_taken":0.0,"cards_obtained":["Decay"]},{"cards_removed":["Decay"],"damage_healed":0.0,"max_hp_gain":0.0,"max_hp_loss":0.0,"gold_gain":0.0,"event_name":"Back to Basics","player_choice":"Elegance","floor":20.0,"gold_loss":0.0,"damage_taken":0.0},{"damage_healed":0,"gold_gain":0,"player_choice":"Fight","damage_taken":0,"max_hp_gain":0,"max_hp_loss":0,"event_name":"Colosseum","floor":30,"gold_loss":0},{"damage_healed":0,"gold_gain":0,"player_choice":"Fought Nobs","damage_taken":0,"max_hp_gain":0,"max_hp_loss":0,"event_name":"Colosseum","floor":30,"gold_loss":0},{"damage_healed":0,"gold_gain":0,"player_choice":"Trade","damage_taken":0,"relics_obtained":["CultistMask"],"max_hp_gain":0,"max_hp_loss":0,"event_name":"FaceTrader","floor":36,"gold_loss":0},{"damage_healed":0,"gold_gain":0,"player_choice":"Copied","damage_taken":0,"max_hp_gain":0,"max_hp_loss":0,"event_name":"Duplicator","floor":38,"gold_loss":0,"cards_obtained":["Immolate"]},{"damage_healed":0,"gold_gain":0,"player_choice":"Embrace Madness","damage_taken":12,"max_hp_gain":0,"max_hp_loss":0,"event_name":"Winding Halls","floor":45,"gold_loss":0,"cards_obtained":["Madness","Madness"]}],"is_beta":false,"boss_relics":[{"not_picked":["Runic Pyramid","Astrolabe"],"picked":"Velvet Choker"},{"not_picked":["Black Star","Runic Cube"],"picked":"Black Blood"}],"items_purged_floors":[12,22,29,46],"is_endless":false,"potions_floor_spawned":[1,2,11,16,18,33,37,39,40,41],"ascension_level":5}