{"gold_per_floor":[113,113,113,128,128,128,154,174,174,191,204,204,218,243,243,339,339,352,363,382,400,418,418,444,444,518,533,543,573,583,601,601,703,703,721,821,821,158,138,138,165,90,117,117,137,137,155,155,155,155],"floor_reached":50,"playtime":2040,"items_purged":["Seeing Red+1"],"score":553,"play_id":"f139896a-7ecc-4fbd-9313-59574a29fa94","local_time":"20190806194223","is_ascension_mode":false,"campfire_choices":[{"data":"Thunderclap","floor":6,"key":"SMITH"},{"data":"1","floor":12,"key":"LIFT"},{"data":"2","floor":15,"key":"LIFT"},{"data":"3","floor":23,"key":"LIFT"},{"floor":25,"key":"REST"},{"floor":32,"key":"REST"},{"floor":40,"key":"REST"},{"floor":44,"key":"REST"},{"data":"Limit Break","floor":46,"key":"SMITH"},{"data":"Decay","floor":49,"key":"PURGE"}],"neow_cost":"NONE","seed_source_timestamp":592915697391700,"circlet_count":0,"master_deck":["Strike_R","Strike_R+1","Strike_R+1","Strike_R","Strike_R","Defend_R","Defend_R","Defend_R","Bash","Thunderclap+1","Iron Wave","Pommel Strike","Twin Strike","Limit Break","Inflame","Fire Breathing","Limit Break+1","Heavy Blade","Injury","Battle Trance+1","Infernal Blade+1"],"relics":["Burning Blood","NeowsBlessing","Ornamental Fan","Girya","Mummified Hand","Cursed Key","Pantograph","Toxic Egg 2","Dodecahedron","Velvet Choker","Peace Pipe","Bag of Marbles","HandDrill","Prayer Wheel","Sundial","Ancient Tea Set"],"potions_floor_usage":[20,21,28,28,29,30,48,50,50],"damage_taken":[{"damage":0,"enemies":"Jaw Worm","floor":1,"turns":1},{"damage":0,"enemies":"Small Slimes","floor":4,"turns":1},{"damage":0,"enemies":"Gremlin Nob","floor":7,"turns":1},{"damage":0,"enemies":"Cultist","floor":8,"turns":3},{"damage":5,"enemies":"2 Fungi Beasts","floor":10,"turns":2},{"damage":9,"enemies":"Blue Slaver","floor":11,"turns":3},{"damage":6,"enemies":"Exordium Wildlife","floor":13,"turns":3},{"damage":13,"enemies":"3 Sentries","floor":14,"turns":6},{"damage":40,"enemies":"Hexaghost","floor":16,"turns":6},{"damage":5,"enemies":"Chosen","floor":18,"turns":2},{"damage":4,"enemies":"Shell Parasite","floor":19,"turns":3},{"damage":5,"enemies":"Snake Plant","floor":20,"turns":2},{"damage":0,"enemies":"Snecko","floor":21,"turns":2},{"damage":17,"enemies":"Centurion and Healer","floor":22,"turns":3},{"damage":55,"enemies":"Gremlin Leader","floor":24,"turns":3},{"damage":3,"enemies":"Cultist and Chosen","floor":27,"turns":4},{"damage":20,"enemies":"Shelled Parasite and Fungi","floor":28,"turns":3},{"damage":31,"enemies":"Slavers","floor":29,"turns":3},{"damage":5,"enemies":"Sentry and Sphere","floor":30,"turns":3},{"damage":12,"enemies":"Centurion and Healer","floor":31,"turns":2},{"damage":53,"enemies":"Automaton","floor":33,"turns":5},{"damage":19,"enemies":"3 Shapes","floor":35,"turns":2},{"damage":29,"enemies":"Mind Bloom Boss Battle","floor":36,"turns":4},{"damage":26,"enemies":"Reptomancer","floor":41,"turns":4},{"damage":0,"enemies":"3 Darklings","floor":45,"turns":3},{"damage":1,"enemies":"Maw","floor":47,"turns":4},{"damage":0,"enemies":"Sphere and 2 Shapes","floor":48,"turns":1},{"damage":86,"enemies":"Donu and Deca","floor":50,"turns":4}],"seed_played":"2785086642490262791","potions_obtained":[{"floor":7,"key":"FearPotion"},{"floor":8,"key":"Block Potion"},{"floor":14,"key":"Fire Potion"},{"floor":16,"key":"AttackPotion"},{"floor":21,"key":"BloodPotion"},{"floor":24,"key":"Weak Potion"},{"floor":27,"key":"Fire Potion"},{"floor":28,"key":"Regen Potion"},{"floor":35,"key":"LiquidBronze"},{"floor":36,"key":"SmokeBomb"},{"floor":39,"key":"SmokeBomb"},{"floor":47,"key":"Swift Potion"}],"is_trial":false,"path_per_floor":["M","?","$","M","?","R","E","M","T","M","M","R","M","E","R","B",null,"M","M","M","M","M","R","E","R","T","M","M","E","M","M","R","B",null,"M","?","?","$","?","R","E","$","T","R","M","R","M","M","R","B"],"character_chosen":"IRONCLAD","items_purchased":["Bag of Marbles","HandDrill","Prayer Wheel"],"campfire_rested":4,"item_purchase_floors":[38,38,38],"current_hp_per_floor":[80,64,64,70,70,70,76,80,80,80,77,77,77,70,70,36,80,80,80,80,80,69,69,20,44,44,47,53,37,38,32,56,33,80,67,57,57,57,57,80,60,60,60,80,80,80,80,80,80,0],"gold":155,"neow_bonus":"THREE_ENEMY_KILL","is_prod":false,"is_daily":false,"chose_seed":false,"campfire_upgraded":2,"win_rate":0.0,"timestamp":1565084543,"path_taken":["M","?","$","M","?","R","E","M","T","M","M","R","M","E","R","BOSS","M","?","M","M","M","R","E","R","T","M","M","E","M","M","R","BOSS","M","?","?","?","?","R","E","$","T","R","M","R","M","M","R","BOSS"],"build_version":"2019-07-17","purchased_purges":1,"victory":false,"max_hp_per_floor":[80,80,80,80,80,80,80,80,80,80,80,80,80,80,80,80,80,80,80,80,80,80,80,80,80,80,80,80,80,80,80,80,80,80,80,80,80,80,80,80,80,80,80,80,80,80,80,80,80,80],"card_choices":[{"not_picked":["Rupture","Armaments"],"picked":"Thunderclap","floor":1},{"not_picked":["Warcry","Power Through","Heavy Blade"],"picked":"SKIP","floor":4},{"not_picked":["Limit Break","Disarm"],"picked":"Pommel Strike","floor":7},{"not_picked":["Flex","Body Slam"],"picked":"Twin Strike","floor":8},{"not_picked":["Body Slam","Heavy Blade"],"picked":"Limit Break","floor":10},{"not_picked":["Headbutt","Perfected Strike"],"picked":"Inflame","floor":11},{"not_picked":["Dropkick","Flex","Body Slam"],"picked":"SKIP","floor":13},{"not_picked":["Brutality","Second Wind"],"picked":"Fire Breathing","floor":14},{"not_picked":["Double Tap","Offering"],"picked":"Limit Break","floor":16},{"not_picked":["Spot Weakness","Shockwave","Shrug It Off+1"],"picked":"SKIP","floor":18},{"not_picked":["Rampage","Flex","Clothesline"],"picked":"SKIP","floor":19},{"not_picked":["True Grit","Rupture+1"],"picked":"Heavy Blade","floor":20},{"not_picked":["Rampage+1","True Grit","Iron Wave"],"picked":"SKIP","floor":21},{"not_picked":["Headbutt+1","Anger","Pommel Strike+1"],"picked":"SKIP","floor":22},{"not_picked":["Iron Wave","Thunderclap+1","Combust"],"picked":"SKIP","floor":24},{"not_picked":["Warcry+1","Rage+1","Metallicize+1"],"picked":"SKIP","floor":27},{"not_picked":["Bloodletting+1","Anger"],"picked":"Battle Trance+1","floor":28},{"not_picked":["Pummel","Shockwave+1","Heavy Blade"],"picked":"SKIP","floor":29},{"not_picked":["Burning Pact+1","Rupture","Bloodletting+1"],"picked":"SKIP","floor":30},{"not_picked":["Perfected Strike","Shrug It Off+1","Reaper"],"picked":"SKIP","floor":31},{"not_picked":["Iron Wave","Anger+1","Pummel"],"picked":"SKIP","floor":35},{"not_picked":["Iron Wave","Anger+1","Pummel"],"picked":"SKIP","floor":35},{"not_picked":["Dual Wield+1","Flex+1"],"picked":"Seeing Red+1","floor":41},{"not_picked":["Blood for Blood","Armaments+1"],"picked":"Infernal Blade+1","floor":45},{"not_picked":["Iron Wave+1","Metallicize+1","Clash+1"],"picked":"SKIP","floor":45},{"not_picked":["Armaments+1","Pummel+1","Hemokinesis+1"],"picked":"SKIP","floor":47},{"not_picked":["Shrug It Off+1","Blood for Blood","Bludgeon"],"picked":"SKIP","floor":47}],"player_experience":11967,"relics_obtained":[{"floor":7,"key":"Ornamental Fan"},{"floor":9,"key":"Girya"},{"floor":14,"key":"Mummified Hand"},{"floor":24,"key":"Pantograph"},{"floor":26,"key":"Toxic Egg 2"},{"floor":29,"key":"Dodecahedron"},{"floor":36,"key":"Peace Pipe"},{"floor":41,"key":"Sundial"},{"floor":43,"key":"Ancient Tea Set"}],"event_choices":[{"damage_healed":0,"gold_gain":0,"player_choice":"Entered Light","damage_taken":16,"max_hp_gain":0,"max_hp_loss":0,"event_name":"Shining Light","floor":2,"gold_loss":0,"cards_upgraded":["Strike_R","Strike_R"]},{"cards_removed":["Defend_R"],"damage_healed":0,"gold_gain":0,"player_choice":"Took Card","damage_taken":0,"max_hp_gain":0,"max_hp_loss":0,"event_name":"NoteForYourself","floor":5,"gold_loss":0,"cards_obtained":["Iron Wave"]},{"damage_healed":0,"gold_gain":0,"player_choice":"Fight","damage_taken":0,"max_hp_gain":0,"max_hp_loss":0,"event_name":"MindBloom","floor":36,"gold_loss":0},{"damage_healed":0,"gold_gain":0,"player_choice":"Ignored","damage_taken":0,"max_hp_gain":0,"max_hp_loss":0,"event_name":"Mysterious Sphere","floor":37,"gold_loss":0},{"damage_healed":0,"gold_gain":0,"player_choice":"Bought 1 Potion","damage_taken":0,"max_hp_gain":0,"max_hp_loss":0,"event_name":"The Woman in Blue","floor":39,"gold_loss":0}],"is_beta":false,"boss_relics":[{"not_picked":["Orrery","Eternal Feather"],"picked":"Cursed Key"},{"not_picked":["Lizard Tail","Snecko Eye"],"picked":"Velvet Choker"}],"items_purged_floors":[42],"is_endless":false,"potions_floor_spawned":[7,8,14,16,19,21,24,27,28,30,35,36,47],"killed_by":"Donu and Deca","ascension_level":0}