{"gold_per_floor":[115,34,209,284,284,284,303,320,320,320,320,340,370,387,387,488,488,508,508,519,255,170,170,35,35,35,66,66,66,66,92,92,191,191,202,202,202,213,230,264,264,297,321,353,377,406,418,446,458,470,482,494,9,34,34],"floor_reached":56,"playtime":7214,"items_purged":["Pain","Strike_G","Defend_G"],"score":1732,"play_id":"68e1a88f-1dff-4b8d-8b42-68bb06a15dbf","local_time":"20190802011509","is_ascension_mode":true,"campfire_choices":[{"data":"Noxious Fumes","floor":6.0,"key":"SMITH"},{"data":"Bouncing Flask","floor":15.0,"key":"SMITH"},{"data":"Well Laid Plans","floor":23,"key":"SMITH"},{"data":"Well Laid Plans","floor":25,"key":"SMITH"},{"data":"Adrenaline","floor":28,"key":"SMITH"},{"floor":32,"key":"RECALL"},{"data":"Adrenaline","floor":41,"key":"SMITH"},{"data":"A Thousand Cuts","floor":47,"key":"SMITH"},{"data":"Malaise","floor":49,"key":"SMITH"},{"data":"After Image","floor":52,"key":"SMITH"}],"neow_cost":"TEN_PERCENT_HP_LOSS","seed_source_timestamp":0,"circlet_count":0,"master_deck":["Defend_G","Defend_G","Defend_G","Survivor","PiercingWail","Noxious Fumes+1","Poisoned Stab","Bouncing Flask+1","Escape Plan","Adrenaline+1","Well Laid Plans+1","Well Laid Plans+1","Acrobatics","Malaise+1","Ghostly","Ghostly","Ghostly","Ghostly","Ghostly","Flechettes+1","After Image+1","Escape Plan+1","All Out Attack+1","Glass Knife+1","Deadly Poison+1","Adrenaline+1","After Image","A Thousand Cuts+1","Backstab+1","Panache","Dark Shackles","Calculated Gamble","Venomology"],"special_seed":0,"relics":["Ring of the Snake","Question Card","Art of War","WarpedTongs","Mummified Hand","Coffee Dripper","Nilry\u0027s Codex","Bag of Preparation","Thread and Needle","Darkstone Periapt","Singing Bowl","Astrolabe","Ninja Scroll","Unceasing Top","Mercury Hourglass","Dream Catcher","MawBank","Membership Card","Happy Flower","Oddly Smooth Stone"],"potions_floor_usage":[18,18,55,55],"damage_taken":[{"damage":0.0,"enemies":"2 Louse","floor":1.0,"turns":4.0},{"damage":0.0,"enemies":"Small Slimes","floor":7.0,"turns":5.0},{"damage":2.0,"enemies":"Jaw Worm","floor":8.0,"turns":6.0},{"damage":2.0,"enemies":"2 Fungi Beasts","floor":12.0,"turns":4.0},{"damage":1.0,"enemies":"Lagavulin","floor":13.0,"turns":6.0},{"damage":1.0,"enemies":"3 Louse","floor":14.0,"turns":5.0},{"damage":8.0,"enemies":"Hexaghost","floor":16.0,"turns":8.0},{"damage":6,"enemies":"3 Byrds","floor":18,"turns":6},{"damage":6,"enemies":"Chosen","floor":20,"turns":4},{"damage":5,"enemies":"Slavers","floor":27,"turns":5},{"damage":0,"enemies":"Book of Stabbing","floor":31,"turns":6},{"damage":0,"enemies":"Champ","floor":33,"turns":9},{"damage":0,"enemies":"3 Shapes","floor":35,"turns":4},{"damage":0,"enemies":"3 Darklings","floor":38,"turns":3},{"damage":0,"enemies":"Spire Growth","floor":39,"turns":5},{"damage":0,"enemies":"Nemesis","floor":40,"turns":5},{"damage":0,"enemies":"Giant Head","floor":42,"turns":7},{"damage":0,"enemies":"Nemesis","floor":44,"turns":7},{"damage":0,"enemies":"Jaw Worm Horde","floor":45,"turns":3},{"damage":0,"enemies":"Transient","floor":46,"turns":5},{"damage":0,"enemies":"Maw","floor":48,"turns":7},{"damage":29,"enemies":"Time Eater","floor":50,"turns":11},{"damage":0,"enemies":"Shield and Spear","floor":54,"turns":3},{"damage":1,"enemies":"The Heart","floor":55,"turns":12}],"seed_played":"6408620989329472919","potions_obtained":[{"floor":1.0,"key":"AttackPotion"},{"floor":7.0,"key":"GhostInAJar"},{"floor":12.0,"key":"GhostInAJar"},{"floor":14.0,"key":"FearPotion"},{"floor":16.0,"key":"EssenceOfSteel"},{"floor":20,"key":"SkillPotion"},{"floor":27,"key":"Dexterity Potion"},{"floor":48,"key":"Ancient Potion"}],"is_trial":false,"path_per_floor":["M","$","?","?","?","R","M","M","T","?","?","M","E","M","R","B",null,"M","?","M","$","?","R","$","R","T","E","R","?","?","E","R","B",null,"M","?","T","M","M","E","R","E","T","E","M","M","R","M","R","B",null,"R","$","E","B",null],"character_chosen":"THE_SILENT","items_purchased":["Noxious Fumes","Well Laid Plans","Bag of Preparation","Well Laid Plans","Membership Card","Happy Flower","Panache","Dark Shackles","Calculated Gamble"],"campfire_rested":0,"item_purchase_floors":[2,21,21,24,53,53,53,53,53],"current_hp_per_floor":[63,63,63,52,52,52,52,50,50,47,47,45,44,43,43,35,56,50,34,28,28,28,28,28,28,28,23,23,23,23,23,23,23,29,31,31,31,31,31,31,31,31,31,33,33,35,35,37,37,8,30,30,30,30,29],"gold":34,"neow_bonus":"REMOVE_TWO","is_prod":false,"is_daily":false,"chose_seed":false,"campfire_upgraded":9,"win_rate":0,"timestamp":1564722909,"path_taken":["M","$","?","?","?","R","M","?","T","?","?","M","E","?","R","BOSS","M","?","M","$","?","R","$","R","T","E","R","?","?","E","R","BOSS","M","?","?","M","?","E","R","E","T","E","M","M","R","M","R","BOSS","R","$","E","BOSS"],"build_version":"2019-07-17","purchased_purges":3,"victory":true,"max_hp_per_floor":[63,63,63,63,63,63,63,63,63,63,63,63,63,63,63,63,63,63,63,63,63,63,63,63,63,63,63,63,63,31,31,31,31,31,33,31,31,31,31,31,31,31,31,33,33,35,35,37,37,37,37,37,37,37,37],"card_choices":[{"not_picked":["Outmaneuver","Bouncing Flask"],"picked":"PiercingWail","floor":1.0},{"not_picked":["Expertise","Dagger Throw","Bane"],"picked":"SKIP","floor":7.0},{"not_picked":["Masterful Stab","Flying Knee"],"picked":"Poisoned Stab","floor":8.0},{"not_picked":["Bane","Choke","Infinite Blades"],"picked":"Bouncing Flask","floor":12.0},{"not_picked":["Unload","Caltrops","Distraction"],"picked":"Escape Plan","floor":13.0},{"not_picked":["Blade Dance","Eviscerate","Concentrate","Underhanded Strike"],"picked":"SKIP","floor":14.0},{"not_picked":["Tools of the Trade","Glass Knife","Bullet Time"],"picked":"Adrenaline","floor":16.0},{"not_picked":["Prepared","Concentrate","Finisher","Acrobatics"],"picked":"SKIP","floor":18},{"not_picked":["Endless Agony","Tactician","Calculated Gamble","Quick Slash"],"picked":"SKIP","floor":20},{"not_picked":["Dagger Throw","Caltrops","Die Die Die"],"picked":"Acrobatics","floor":27},{"not_picked":["Skewer","Poisoned Stab","Dagger Spray"],"picked":"Flechettes+1","floor":31},{"not_picked":["Grand Finale","Malaise","Bullet Time"],"picked":"After Image","floor":33},{"not_picked":["Deadly Poison","Underhanded Strike","All Out Attack","PiercingWail+1"],"picked":"Singing Bowl","floor":35},{"not_picked":["Distraction+1","Backflip","Bane+1"],"picked":"Deadly Poison+1","floor":38},{"not_picked":["Underhanded Strike","Finisher","Outmaneuver+1"],"picked":"Adrenaline","floor":39},{"not_picked":["Choke+1","Dodge and Roll+1","Heel Hook"],"picked":"After Image","floor":40},{"not_picked":["Eviscerate","Distraction+1","Blade Dance"],"picked":"A Thousand Cuts","floor":42},{"not_picked":["PiercingWail","Choke+1","Tactician+1","Prepared"],"picked":"Singing Bowl","floor":44},{"not_picked":["Sucker Punch","Distraction","Blade Dance"],"picked":"Backstab+1","floor":45},{"not_picked":["All Out Attack","Sucker Punch","Poisoned Stab","Predator+1"],"picked":"Singing Bowl","floor":46},{"not_picked":["Underhanded Strike","All Out Attack","PiercingWail","Prepared+1"],"picked":"Singing Bowl","floor":48},{"not_picked":["Backstab","Concentrate+1","Predator+1"],"picked":"Venomology","floor":54}],"player_experience":325609,"relics_obtained":[{"floor":9.0,"key":"Question Card"},{"floor":13.0,"key":"Mummified Hand"},{"floor":19,"key":"Nilry\u0027s Codex"},{"floor":27,"key":"Darkstone Periapt"},{"floor":31,"key":"Singing Bowl"},{"floor":37,"key":"Ninja Scroll"},{"floor":40,"key":"Unceasing Top"},{"floor":42,"key":"Mercury Hourglass"},{"floor":43,"key":"Dream Catcher"},{"floor":44,"key":"MawBank"},{"floor":54,"key":"Oddly Smooth Stone"}],"event_choices":[{"damage_healed":0.0,"max_hp_gain":0.0,"max_hp_loss":0.0,"gold_gain":175.0,"event_name":"Liars Game","player_choice":"AGREE","floor":3.0,"gold_loss":0.0,"damage_taken":0.0,"cards_obtained":["Doubt"]},{"damage_healed":0.0,"max_hp_gain":0.0,"max_hp_loss":0.0,"gold_gain":75.0,"event_name":"World of Goop","player_choice":"Gather Gold","floor":4.0,"gold_loss":0.0,"damage_taken":11.0},{"cards_removed":["Doubt"],"damage_healed":0.0,"max_hp_gain":0.0,"max_hp_loss":0.0,"gold_gain":0.0,"event_name":"Living Wall","player_choice":"Forget","floor":5.0,"gold_loss":0.0,"damage_taken":0.0},{"damage_healed":0.0,"max_hp_gain":0.0,"max_hp_loss":0.0,"gold_gain":0.0,"event_name":"Scrap Ooze","player_choice":"Success","floor":10.0,"gold_loss":0.0,"damage_taken":3.0,"relics_obtained":["Art of War"]},{"damage_healed":0.0,"max_hp_gain":0.0,"max_hp_loss":0.0,"gold_gain":0.0,"event_name":"Accursed Blacksmith","player_choice":"Rummage","floor":11.0,"gold_loss":0.0,"damage_taken":0.0,"relics_obtained":["WarpedTongs"],"cards_obtained":["Pain"]},{"damage_healed":0,"gold_gain":0,"player_choice":"Obtained Book","damage_taken":16,"max_hp_gain":0,"max_hp_loss":0,"event_name":"Cursed Tome","floor":19,"gold_loss":0},{"damage_healed":0,"gold_gain":0,"player_choice":"Obtained Relic","damage_taken":0,"relics_obtained":["Thread and Needle"],"max_hp_gain":0,"max_hp_loss":0,"event_name":"Addict","floor":22,"gold_loss":85},{"damage_healed":0,"gold_gain":0,"cards_transformed":["Strike_G","Strike_G"],"player_choice":"Became Test Subject","damage_taken":0,"max_hp_gain":0,"max_hp_loss":0,"event_name":"Drug Dealer","floor":29,"gold_loss":0,"cards_obtained":["Malaise","Terror"]},{"damage_healed":0,"gold_gain":0,"player_choice":"Became a Ghost","damage_taken":0,"max_hp_gain":0,"max_hp_loss":32,"event_name":"Ghosts","floor":30,"gold_loss":0,"cards_obtained":["Ghostly","Ghostly","Ghostly","Ghostly","Ghostly"]},{"damage_healed":0,"gold_gain":0,"player_choice":"Max HP","damage_taken":0,"max_hp_gain":0,"max_hp_loss":2,"event_name":"Winding Halls","floor":36,"gold_loss":0}],"is_beta":false,"boss_relics":[{"not_picked":["White Beast Statue","Snecko Eye"],"picked":"Coffee Dripper"},{"not_picked":["Eternal Feather","Philosopher\u0027s Stone"],"picked":"Astrolabe"}],"items_purged_floors":[21,24,53],"is_endless":false,"potions_floor_spawned":[1,7,12,14,16,20,27,31,39,40,46,48,54],"ascension_level":6}