{"gold_per_floor":[116,116,116,126,126,126,160,160,183,211,211,237,250,94,94,199,199,210,110,110,110,126,126],"floor_reached":23,"playtime":1426,"items_purged":["Strike_R","Strike_R"],"score":265,"play_id":"0c1753ca-6509-4f99-8d62-67231c7a7c18","local_time":"20190602220006","is_ascension_mode":true,"campfire_choices":[{"data":"Defend_R","floor":6,"key":"SMITH"},{"data":"Defend_R","floor":8,"key":"SMITH"},{"data":"Corruption","floor":15,"key":"SMITH"}],"neow_cost":"NONE","seed_source_timestamp":691057479403614,"circlet_count":0,"master_deck":["Strike_R+1","Defend_R","Defend_R","Defend_R+1","Defend_R+1","Bash+1","Corruption+1","Dropkick"],"relics":["Burning Blood","NeowsBlessing","Meat on the Bone","Bronze Scales","Sundial","Ornamental Fan","Sozu","Bag of Preparation"],"potions_floor_usage":[12,16,23],"damage_taken":[{"damage":0,"enemies":"2 Louse","floor":1,"turns":1},{"damage":0,"enemies":"Jaw Worm","floor":4,"turns":1},{"damage":0,"enemies":"Lagavulin","floor":7,"turns":1},{"damage":16,"enemies":"Gremlin Nob","floor":10,"turns":4},{"damage":26,"enemies":"3 Sentries","floor":12,"turns":9},{"damage":0,"enemies":"Small Slimes","floor":13,"turns":3},{"damage":43,"enemies":"Hexaghost","floor":16,"turns":9},{"damage":23,"enemies":"2 Thieves","floor":18,"turns":4},{"damage":0,"enemies":"Chosen","floor":22,"turns":3},{"damage":75,"enemies":"Slavers","floor":23,"turns":6}],"seed_played":"4617040909724503859","potions_obtained":[{"floor":7,"key":"Dexterity Potion"},{"floor":10,"key":"SpeedPotion"},{"floor":13,"key":"Weak Potion"},{"floor":16,"key":"Weak Potion"}],"is_trial":false,"path_per_floor":["M","?","?","M","?","R","E","R","T","E","?","E","M","$","R","B",null,"M","$","?","?","M","E"],"character_chosen":"IRONCLAD","items_purchased":["Corruption"],"campfire_rested":0,"item_purchase_floors":[14],"current_hp_per_floor":[80,80,80,80,64,64,70,70,70,60,60,52,58,58,58,33,80,63,63,63,63,69,0],"gold":126,"neow_bonus":"THREE_ENEMY_KILL","is_prod":false,"is_daily":false,"chose_seed":false,"campfire_upgraded":3,"win_rate":0,"timestamp":1559527206,"path_taken":["M","?","?","?","?","R","E","R","T","E","?","E","?","$","R","BOSS","M","?","?","?","M","E"],"build_version":"2019-01-23","purchased_purges":2,"victory":false,"max_hp_per_floor":[80,80,80,80,80,80,80,80,80,80,80,80,80,80,80,80,80,80,80,80,80,80,80],"card_choices":[{"not_picked":["Flex","Body Slam","Bloodletting"],"picked":"SKIP","floor":1},{"not_picked":["Evolve","Sword Boomerang","Inflame"],"picked":"SKIP","floor":4},{"not_picked":["Sword Boomerang","Juggernaut","Wild Strike"],"picked":"SKIP","floor":7},{"not_picked":["Combust","Ghostly Armor","Burning Pact"],"picked":"SKIP","floor":10},{"not_picked":["Sentinel","Armaments","True Grit"],"picked":"SKIP","floor":12},{"not_picked":["Power Through","Warcry","Wild Strike"],"picked":"SKIP","floor":13},{"not_picked":["Rampage","Thunderclap+1"],"picked":"Dropkick","floor":18},{"not_picked":["Havoc","Clothesline+1","Metallicize+1"],"picked":"SKIP","floor":22},{"not_picked":["Havoc","Clothesline+1","Metallicize+1"],"picked":"SKIP","floor":22}],"player_experience":43181,"relics_obtained":[{"floor":7,"key":"Meat on the Bone"},{"floor":9,"key":"Bronze Scales"},{"floor":10,"key":"Sundial"},{"floor":12,"key":"Ornamental Fan"}],"event_choices":[{"damage_healed":0,"gold_gain":0,"player_choice":"Ignored","damage_taken":0,"max_hp_gain":0,"max_hp_loss":0,"event_name":"Liars Game","floor":2,"gold_loss":0},{"cards_removed":["Strike_R"],"damage_healed":0,"gold_gain":0,"player_choice":"Forget","damage_taken":0,"max_hp_gain":0,"max_hp_loss":0,"event_name":"Living Wall","floor":3,"gold_loss":0},{"damage_healed":0,"gold_gain":0,"player_choice":"Entered Light","damage_taken":16,"max_hp_gain":0,"max_hp_loss":0,"event_name":"Shining Light","floor":5,"gold_loss":0,"cards_upgraded":["Bash","Strike_R"]},{"cards_removed":["Strike_R"],"damage_healed":0,"gold_gain":0,"player_choice":"Offered Basic","damage_taken":0,"max_hp_gain":0,"max_hp_loss":0,"event_name":"Bonfire Elementals","floor":11,"gold_loss":0},{"damage_healed":0,"gold_gain":0,"player_choice":"Ignored","damage_taken":0,"max_hp_gain":0,"max_hp_loss":0,"event_name":"Vampires","floor":20,"gold_loss":0},{"damage_healed":0,"gold_gain":0,"player_choice":"Opened","damage_taken":0,"relics_obtained":["Bag of Preparation"],"max_hp_gain":0,"max_hp_loss":0,"event_name":"The Mausoleum","floor":21,"gold_loss":0}],"is_beta":false,"boss_relics":[{"not_picked":["White Beast Statue","Black Blood"],"picked":"Sozu"}],"items_purged_floors":[14,19],"is_endless":false,"potions_floor_spawned":[7,10,13,16,18],"killed_by":"Slavers","ascension_level":3}