{"gold_per_floor":[114,114,114,114,138,138,171,171,252,293,60,94,94,117,117,237,237,258,258,271,291,306,345,345,378,402,402,441,566,600,619,619,749,749,770,770,190,215,31,67,67,103,103,134,158,219,243,2,2,2],"floor_reached":51,"playtime":7457,"items_purged":["Defend_R","Defend_R"],"score":965,"play_id":"4e055c39-b3a0-48ce-9acb-ee3344197a3d","local_time":"20190602011003","is_ascension_mode":true,"campfire_choices":[{"data":"Seeing Red","floor":6.0,"key":"SMITH"},{"floor":13.0,"key":"REST"},{"floor":15.0,"key":"REST"},{"data":"Evolve","floor":24.0,"key":"SMITH"},{"floor":27.0,"key":"REST"},{"floor":32.0,"key":"REST"},{"floor":41.0,"key":"REST"},{"floor":49,"key":"REST"}],"neow_cost":"NONE","seed_source_timestamp":609710926491197,"circlet_count":0,"master_deck":["Strike_R","Strike_R","Strike_R+1","Strike_R","Strike_R","Bash+1","Metallicize+1","Seeing Red+1","Wild Strike","Spot Weakness+1","Apotheosis+1","Rage+1","Immolate","Sentinel+1","Flex+1","Evolve+1","Double Tap+1","Ghostly Armor+1","RitualDagger","Warcry+1","Pommel Strike","Flex+1","Shockwave+1","Exhume+1","Carnage","Burning Pact+1","Warcry+1","Pommel Strike","Double Tap+1","Cleave+1","Reaper","Battle Trance+1","Warcry+1","Spot Weakness+1","Blood for Blood","Impatience+1","Secret Technique+1","Flex+1","Warcry+1","Pommel Strike+1","Shrug It Off+1","Feed","PanicButton+1"],"special_seed":0,"relics":["Burning Blood","NeowsBlessing","Golden Idol","Dream Catcher","Toxic Egg 2","Bottled Flame","Red Skull","Mark of Pain","Pen Nib","Bronze Scales","Vajra","Pantograph","Ginger","Matryoshka","Red Mask","Lizard Tail","Ornamental Fan","Paper Frog","Darkstone Periapt","Potion Belt","Shuriken","Blood Vial","StoneCalendar"],"potions_floor_usage":[44,50,50],"damage_taken":[{"damage":0.0,"enemies":"Small Slimes","floor":1.0,"turns":1.0},{"damage":0.0,"enemies":"2 Louse","floor":5.0,"turns":1.0},{"damage":0.0,"enemies":"Gremlin Nob","floor":7.0,"turns":1.0},{"damage":46.0,"enemies":"Lagavulin","floor":10.0,"turns":6.0},{"damage":1.0,"enemies":"3 Sentries","floor":12.0,"turns":6.0},{"damage":0.0,"enemies":"Cultist","floor":14.0,"turns":2.0},{"damage":21.0,"enemies":"Hexaghost","floor":16.0,"turns":7.0},{"damage":12.0,"enemies":"3 Byrds","floor":18.0,"turns":4.0},{"damage":2.0,"enemies":"Shell Parasite","floor":20.0,"turns":5.0},{"damage":28.0,"enemies":"Centurion and Healer","floor":21.0,"turns":5.0},{"damage":8.0,"enemies":"Cultist and Chosen","floor":22.0,"turns":5.0},{"damage":15.0,"enemies":"Book of Stabbing","floor":23.0,"turns":4.0},{"damage":19.0,"enemies":"Gremlin Leader","floor":25.0,"turns":5.0},{"damage":38.0,"enemies":"Slavers","floor":28.0,"turns":5.0},{"damage":0.0,"enemies":"Colosseum Slavers","floor":29.0,"turns":2.0},{"damage":3.0,"enemies":"Colosseum Nobs","floor":29.0,"turns":3.0},{"damage":0.0,"enemies":"Masked Bandits","floor":30.0,"turns":1.0},{"damage":13.0,"enemies":"Snecko","floor":31.0,"turns":3.0},{"damage":10.0,"enemies":"Champ","floor":33.0,"turns":7.0},{"damage":53.0,"enemies":"3 Shapes","floor":35.0,"turns":3.0},{"damage":8.0,"enemies":"Orb Walker","floor":38.0,"turns":2.0},{"damage":53.0,"enemies":"Nemesis","floor":40.0,"turns":3.0},{"damage":15.0,"enemies":"Reptomancer","floor":42.0,"turns":3.0},{"damage":20,"enemies":"Nemesis","floor":44,"turns":5},{"damage":24,"enemies":"Jaw Worm Horde","floor":45,"turns":2},{"damage":33,"enemies":"2 Orb Walkers","floor":46,"turns":3},{"damage":0,"enemies":"3 Darklings","floor":47,"turns":1},{"damage":75,"enemies":"Time Eater","floor":50,"turns":7}],"seed_played":"-7983367967455558832","potions_obtained":[{"floor":1.0,"key":"EssenceOfSteel"},{"floor":10.0,"key":"Block Potion"},{"floor":14.0,"key":"SkillPotion"},{"floor":25.0,"key":"LiquidBronze"},{"floor":28.0,"key":"Swift Potion"},{"floor":30.0,"key":"EssenceOfSteel"},{"floor":33.0,"key":"SteroidPotion"},{"floor":40.0,"key":"SkillPotion"},{"floor":42.0,"key":"SkillPotion"},{"floor":46,"key":"EssenceOfSteel"}],"is_trial":false,"path_per_floor":["M","?","?","?","M","R","E","?","T","E","$","E","R","M","R","B",null,"M","?","M","M","M","E","R","E","T","R","E","?","?","M","R","B",null,"M","?","$","M","$","E","R","E","T","E","M","?","M","$","R","B",null],"character_chosen":"IRONCLAD","items_purchased":["Apotheosis+1","Rage+1","Ornamental Fan","Warcry+1","Spot Weakness+1","Blood for Blood","Impatience+1","Secret Technique+1","PanicButton+1","Swift Potion"],"campfire_rested":6,"item_purchase_floors":[11,11,37,37,37,37,37,39,48,48],"current_hp_per_floor":[80,60,44,44,50,50,56,49,49,9,9,14,38,44,68,53,80,74,68,72,50,48,39,39,26,26,50,18,27,33,26,50,71,80,33,33,33,31,31,65,80,71,71,65,62,37,45,45,69,48],"gold":2,"neow_bonus":"THREE_ENEMY_KILL","is_prod":false,"is_daily":false,"chose_seed":false,"campfire_upgraded":2,"win_rate":0,"timestamp":1559452203,"path_taken":["M","?","?","?","?","R","E","?","T","E","$","E","R","M","R","BOSS","M","?","M","M","M","E","R","E","T","R","E","?","?","?","R","BOSS","M","?","$","M","?","E","R","E","T","E","M","?","M","$","R","BOSS"],"build_version":"2019-01-23","purchased_purges":2,"victory":true,"max_hp_per_floor":[80,80,80,80,80,80,80,80,80,80,80,80,80,80,80,80,80,80,80,80,80,80,80,80,80,80,80,80,80,80,80,80,80,80,80,80,80,80,80,80,80,80,80,80,80,80,80,80,80,84],"card_choices":[{"not_picked":["Burning Pact","Twin Strike"],"picked":"Metallicize","floor":1.0},{"not_picked":["Sword Boomerang","Havoc"],"picked":"Seeing Red","floor":5.0},{"not_picked":["Rage","Havoc"],"picked":"Wild Strike","floor":7.0},{"not_picked":["Havoc+1","Warcry+1"],"picked":"Spot Weakness+1","floor":10.0},{"not_picked":["Anger","Clash"],"picked":"Immolate","floor":12.0},{"not_picked":["Body Slam","Thunderclap"],"picked":"Sentinel+1","floor":13.0},{"not_picked":["Combust","Havoc+1"],"picked":"Flex+1","floor":14.0},{"not_picked":["Twin Strike","Bloodletting+1"],"picked":"Evolve","floor":15.0},{"not_picked":["Demon Form","Limit Break+1"],"picked":"Double Tap+1","floor":16.0},{"not_picked":["Body Slam","Perfected Strike"],"picked":"Ghostly Armor+1","floor":18.0},{"not_picked":["Burning Pact+1","Thunderclap+1"],"picked":"Warcry+1","floor":20.0},{"not_picked":["Sever Soul","Anger+1"],"picked":"Pommel Strike","floor":21.0},{"not_picked":["Twin Strike","Hemokinesis"],"picked":"Flex+1","floor":22.0},{"not_picked":["Uppercut","Seeing Red+1"],"picked":"Shockwave+1","floor":23.0},{"not_picked":["Havoc+1","Twin Strike"],"picked":"Exhume+1","floor":25.0},{"not_picked":["Flame Barrier+1","Uppercut"],"picked":"Carnage","floor":27.0},{"not_picked":["Disarm+1","Iron Wave"],"picked":"Burning Pact+1","floor":28.0},{"not_picked":["Sword Boomerang","Thunderclap"],"picked":"Warcry+1","floor":29.0},{"not_picked":["Combust","Rupture"],"picked":"Pommel Strike","floor":30.0},{"not_picked":["Inflame","Flex+1"],"picked":"Double Tap+1","floor":31.0},{"not_picked":["Headbutt","Ghostly Armor+1"],"picked":"Cleave+1","floor":32.0},{"not_picked":["Impervious+1","Brutality"],"picked":"Reaper","floor":33.0},{"not_picked":["Headbutt+1","Clash"],"picked":"Battle Trance+1","floor":35.0},{"not_picked":["Combust+1","Iron Wave","Rampage+1"],"picked":"SKIP","floor":38.0},{"not_picked":["Feel No Pain","Perfected Strike+1","Clash+1"],"picked":"SKIP","floor":40.0},{"not_picked":["Havoc+1","Body Slam"],"picked":"Flex+1","floor":41.0},{"not_picked":["Infernal Blade+1","Havoc+1"],"picked":"Warcry+1","floor":42.0},{"not_picked":["Havoc+1","Evolve+1"],"picked":"Pommel Strike+1","floor":44},{"not_picked":["Headbutt+1","Fire Breathing"],"picked":"Shrug It Off+1","floor":45},{"not_picked":["Headbutt","Armaments+1"],"picked":"Feed","floor":47}],"player_experience":25854,"relics_obtained":[{"floor":7.0,"key":"Dream Catcher"},{"floor":9.0,"key":"Toxic Egg 2"},{"floor":10.0,"key":"Bottled Flame"},{"floor":12.0,"key":"Red Skull"},{"floor":23.0,"key":"Pen Nib"},{"floor":25.0,"key":"Bronze Scales"},{"floor":26.0,"key":"Vajra"},{"floor":28.0,"key":"Pantograph"},{"floor":29.0,"key":"Ginger"},{"floor":29.0,"key":"Matryoshka"},{"floor":30.0,"key":"Red Mask"},{"floor":40.0,"key":"Paper Frog"},{"floor":42.0,"key":"Darkstone Periapt"},{"floor":43.0,"key":"Potion Belt"},{"floor":43.0,"key":"Shuriken"},{"floor":44,"key":"Blood Vial"},{"floor":46,"key":"StoneCalendar"}],"event_choices":[{"damage_healed":0.0,"max_hp_gain":0.0,"max_hp_loss":0.0,"gold_gain":0.0,"event_name":"Golden Idol","player_choice":"Take Damage","floor":2.0,"gold_loss":0.0,"damage_taken":20.0,"relics_obtained":["Golden Idol"]},{"damage_healed":0.0,"max_hp_gain":0.0,"max_hp_loss":0.0,"gold_gain":0.0,"event_name":"Shining Light","player_choice":"Entered Light","floor":3.0,"gold_loss":0.0,"damage_taken":16.0,"cards_upgraded":["Metallicize","Strike_R"]},{"damage_healed":0.0,"max_hp_gain":0.0,"max_hp_loss":0.0,"gold_gain":0.0,"event_name":"Accursed Blacksmith","player_choice":"Forge","floor":4.0,"gold_loss":0.0,"damage_taken":0.0,"cards_upgraded":["Bash"]},{"cards_removed":["Defend_R"],"damage_healed":0.0,"max_hp_gain":0.0,"max_hp_loss":0.0,"gold_gain":0.0,"event_name":"Golden Wing","player_choice":"Card Removal","floor":8.0,"gold_loss":0.0,"damage_taken":7.0},{"damage_healed":0.0,"max_hp_gain":0.0,"max_hp_loss":0.0,"gold_gain":0.0,"event_name":"Nest","player_choice":"Joined the Cult","floor":19.0,"gold_loss":0.0,"damage_taken":6.0,"cards_obtained":["RitualDagger"]},{"damage_healed":0.0,"max_hp_gain":0.0,"max_hp_loss":0.0,"gold_gain":0.0,"event_name":"Colosseum","player_choice":"Fight","floor":29.0,"gold_loss":0.0,"damage_taken":0.0},{"damage_healed":0.0,"max_hp_gain":0.0,"max_hp_loss":0.0,"gold_gain":0.0,"event_name":"Colosseum","player_choice":"Fought Nobs","floor":29.0,"gold_loss":0.0,"damage_taken":0.0},{"damage_healed":0.0,"max_hp_gain":0.0,"max_hp_loss":0.0,"gold_gain":0.0,"event_name":"Masked Bandits","player_choice":"Fought Bandits","floor":30.0,"gold_loss":0.0,"damage_taken":0.0},{"cards_removed":["Defend_R"],"damage_healed":0.0,"max_hp_gain":0.0,"max_hp_loss":0.0,"gold_gain":0.0,"event_name":"Bonfire Elementals","player_choice":"Offered Basic","floor":36.0,"gold_loss":0.0,"damage_taken":0.0},{"damage_healed":0,"gold_gain":0,"player_choice":"Fight","damage_taken":0,"max_hp_gain":0,"max_hp_loss":0,"event_name":"Mysterious Sphere","floor":46,"gold_loss":0}],"is_beta":false,"boss_relics":[{"not_picked":["Black Star","Philosopher\u0027s Stone"],"picked":"Mark of Pain"},{"not_picked":["Calling Bell","Busted Crown"],"picked":"Lizard Tail"}],"items_purged_floors":[37,48],"is_endless":false,"potions_floor_spawned":[1,10,14,25,28,29,30,33,40,42,46],"ascension_level":2}