{"gold_per_floor":[113,133,308,36,47,47,75,75,127,157,157,188,275,297,309,417,429,467,49,68,68,68,127,127,127,152,163,195,10,10,38,38,137,137,149,149,168,220,5,31,31,84,108,140,140,91,120,131,131,131],"floor_reached":51,"playtime":3115,"items_purged":[],"score":1077,"play_id":"874588de-5b94-4db9-8cd4-4c36074832c8","local_time":"20190814234230","is_ascension_mode":true,"campfire_choices":[{"data":"Envenom","floor":6.0,"key":"SMITH"},{"data":"Bouncing Flask","floor":15.0,"key":"SMITH"},{"floor":25.0,"key":"REST"},{"floor":30.0,"key":"RECALL"},{"floor":32.0,"key":"REST"},{"floor":45,"key":"REST"},{"floor":49,"key":"REST"}],"neow_cost":"NONE","seed_source_timestamp":78304004492100,"circlet_count":0,"master_deck":["Survivor+1","Neutralize+1","Blade Dance+1","Backstab+1","Envenom+1","Bouncing Flask+1","Dash+1","Backstab+1","Backstab+1","Dagger Throw+1","Deadly Poison+1","Dagger Spray+1","Adrenaline+1","Blade Dance+1","A Thousand Cuts+1","Cloak And Dagger+1","Endless Agony+1","PiercingWail+1","Poisoned Stab+1","Malaise+1","Infinite Blades+1","Flying Knee+1","PiercingWail+1","Night Terror+1","Predator+1","Unload+1","Die Die Die+1","Bane+1","Riddle With Holes+1","Finisher+1","Finisher+1","Dash+1","Catalyst+1","Dodge and Roll+1","Noxious Fumes+1","Well Laid Plans+1","After Image+1","Setup+1","Blur+1","Dodge and Roll+1","Noxious Fumes+1","Catalyst","Backflip"],"special_seed":0,"relics":["Ring of the Snake","Dream Catcher","Happy Flower","Vajra","Unceasing Top","MawBank","Fusion Hammer","PreservedInsect","Bronze Scales","Strawberry","Tiny Chest","Lantern","FossilizedHelix","Meat on the Bone","Pandora\u0027s Box","Potion Belt","Bottled Flame","Mark of the Bloom","Prayer Wheel","Bag of Marbles","War Paint"],"potions_floor_usage":[42,44,48,50],"damage_taken":[{"damage":1.0,"enemies":"2 Louse","floor":1.0,"turns":4.0},{"damage":2.0,"enemies":"Small Slimes","floor":2.0,"turns":3.0},{"damage":0.0,"enemies":"Jaw Worm","floor":5.0,"turns":3.0},{"damage":8.0,"enemies":"3 Sentries","floor":7.0,"turns":9.0},{"damage":13.0,"enemies":"Lagavulin","floor":10.0,"turns":3.0},{"damage":1.0,"enemies":"3 Sentries","floor":12.0,"turns":5.0},{"damage":0.0,"enemies":"Large Slime","floor":14.0,"turns":2.0},{"damage":29.0,"enemies":"The Guardian","floor":16.0,"turns":8.0},{"damage":2.0,"enemies":"2 Thieves","floor":18.0,"turns":3.0},{"damage":0.0,"enemies":"3 Byrds","floor":20.0,"turns":3.0},{"damage":0.0,"enemies":"Gremlin Leader","floor":23.0,"turns":4.0},{"damage":0.0,"enemies":"Cultist and Chosen","floor":27.0,"turns":4.0},{"damage":0.0,"enemies":"Book of Stabbing","floor":28.0,"turns":2.0},{"damage":0.0,"enemies":"Slavers","floor":31.0,"turns":3.0},{"damage":18.0,"enemies":"Champ","floor":33.0,"turns":10.0},{"damage":0.0,"enemies":"3 Shapes","floor":35.0,"turns":6.0},{"damage":0.0,"enemies":"Orb Walker","floor":37.0,"turns":2.0},{"damage":0,"enemies":"Giant Head","floor":40,"turns":6},{"damage":0,"enemies":"2 Orb Walkers","floor":42,"turns":2},{"damage":0,"enemies":"Nemesis","floor":44,"turns":3},{"damage":0,"enemies":"Giant Head","floor":47,"turns":4},{"damage":0,"enemies":"Writhing Mass","floor":48,"turns":2},{"damage":20,"enemies":"Time Eater","floor":50,"turns":7}],"seed_played":"487906144437903149","potions_obtained":[{"floor":5.0,"key":"SteroidPotion"},{"floor":7.0,"key":"Strength Potion"},{"floor":10.0,"key":"Fire Potion"},{"floor":14.0,"key":"FearPotion"},{"floor":16.0,"key":"Energy Potion"},{"floor":27.0,"key":"Explosive Potion"},{"floor":31.0,"key":"Energy Potion"},{"floor":40,"key":"FearPotion"},{"floor":42,"key":"Block Potion"},{"floor":44,"key":"PowerPotion"}],"is_trial":false,"path_per_floor":["M","M","?","$","M","R","E","?","T","E","?","E","?","M","R","B",null,"M","$","M","?","?","E","?","R","T","M","E","$","R","E","R","B",null,"M","?","M","T","$","E","?","?","T","E","R","$","E","M","R","B",null],"character_chosen":"THE_SILENT","items_purchased":["Envenom","Bouncing Flask","Dash","A Thousand Cuts","PreservedInsect","Cloak And Dagger","Bronze Scales","Malaise","Infinite Blades","Well Laid Plans","Potion Belt","Dodge and Roll"],"campfire_rested":4,"item_purchase_floors":[4,4,4,19,19,19,19,29,29,39,39,46],"current_hp_per_floor":[69,67,67,67,67,67,59,64,64,51,51,50,39,39,39,10,75,73,73,73,59,66,66,66,87,87,87,87,87,87,87,87,69,87,87,87,87,87,87,87,87,87,87,87,87,87,87,87,87,67],"gold":131,"neow_bonus":"RANDOM_COMMON_RELIC","is_prod":false,"is_daily":false,"chose_seed":false,"campfire_upgraded":2,"win_rate":0,"timestamp":1565851350,"path_taken":["M","M","?","$","M","R","E","?","T","E","?","E","?","M","R","BOSS","M","$","M","?","?","E","?","R","T","M","E","$","R","E","R","BOSS","M","?","?","?","$","E","?","?","T","E","R","?","E","M","R","BOSS"],"build_version":"2019-07-17","purchased_purges":0,"victory":true,"max_hp_per_floor":[70,70,70,70,70,70,70,75,75,75,75,75,75,75,75,75,75,75,75,75,80,87,87,87,87,87,87,87,87,87,87,87,87,87,87,87,87,87,87,87,87,87,87,87,87,87,87,87,87,87],"card_choices":[{"not_picked":["Deadly Poison","Outmaneuver"],"picked":"Blade Dance","floor":1.0},{"not_picked":["Sucker Punch","Dagger Throw"],"picked":"Backstab","floor":2.0},{"not_picked":["Blade Dance","Masterful Stab"],"picked":"Backstab","floor":5.0},{"not_picked":["Setup","Dodge and Roll"],"picked":"Backstab","floor":7.0},{"not_picked":["Grand Finale","Prepared"],"picked":"Dagger Throw","floor":10.0},{"not_picked":["Expertise","Eviscerate"],"picked":"Deadly Poison","floor":12.0},{"not_picked":["Accuracy","Quick Slash"],"picked":"Dagger Spray","floor":14.0},{"not_picked":["Wraith Form v2","Glass Knife"],"picked":"Adrenaline","floor":16.0},{"not_picked":["Backflip","Flying Knee"],"picked":"Blade Dance+1","floor":18.0},{"not_picked":["Bouncing Flask","Deadly Poison+1"],"picked":"Endless Agony","floor":20.0},{"not_picked":["Eviscerate","Outmaneuver"],"picked":"PiercingWail+1","floor":23.0},{"not_picked":["Underhanded Strike","Bane"],"picked":"Poisoned Stab+1","floor":25.0},{"not_picked":["Outmaneuver","Masterful Stab+1","Underhanded Strike"],"picked":"SKIP","floor":27.0},{"not_picked":["Sucker Punch","Outmaneuver","Grand Finale"],"picked":"SKIP","floor":28.0},{"not_picked":["Poisoned Stab","Dagger Throw"],"picked":"Flying Knee+1","floor":31.0},{"not_picked":["Slice","Tactician"],"picked":"PiercingWail+1","floor":32.0},{"not_picked":["A Thousand Cuts","Bullet Time"],"picked":"Night Terror","floor":33.0},{"not_picked":["Cloak And Dagger+1","Leg Sweep"],"picked":"Dodge and Roll+1","floor":35.0},{"not_picked":["Backstab+1","Underhanded Strike"],"picked":"Noxious Fumes+1","floor":37.0},{"not_picked":["Blur","Tactician+1"],"picked":"After Image","floor":40},{"not_picked":["Blade Dance","All Out Attack+1"],"picked":"Setup+1","floor":42},{"not_picked":["Bane","Sucker Punch+1","Eviscerate"],"picked":"SKIP","floor":44},{"not_picked":["Endless Agony+1","Distraction+1"],"picked":"Blur","floor":45},{"not_picked":["Quick Slash+1","Blade Dance+1"],"picked":"Noxious Fumes+1","floor":47},{"not_picked":["Backstab","Sucker Punch"],"picked":"Catalyst","floor":48},{"not_picked":["Sucker Punch+1","Choke+1","Bouncing Flask+1"],"picked":"SKIP","floor":48},{"not_picked":["Well Laid Plans","Masterful Stab+1"],"picked":"Backflip","floor":49}],"player_experience":1028153,"relics_obtained":[{"floor":7.0,"key":"Happy Flower"},{"floor":9.0,"key":"Vajra"},{"floor":10.0,"key":"Unceasing Top"},{"floor":12.0,"key":"MawBank"},{"floor":23.0,"key":"Tiny Chest"},{"floor":26.0,"key":"Lantern"},{"floor":28.0,"key":"FossilizedHelix"},{"floor":31.0,"key":"Meat on the Bone"},{"floor":40,"key":"Bottled Flame"},{"floor":42,"key":"Prayer Wheel"},{"floor":44,"key":"Bag of Marbles"},{"floor":47,"key":"War Paint"}],"event_choices":[{"damage_healed":0.0,"max_hp_gain":0.0,"max_hp_loss":0.0,"gold_gain":175.0,"event_name":"Liars Game","player_choice":"AGREE","floor":3.0,"gold_loss":0.0,"damage_taken":0.0,"cards_obtained":["Doubt"]},{"damage_healed":0.0,"max_hp_gain":5.0,"max_hp_loss":0.0,"gold_gain":0.0,"event_name":"Big Fish","player_choice":"Donut","floor":8.0,"gold_loss":0.0,"damage_taken":0.0},{"cards_removed":["Doubt"],"damage_healed":0.0,"max_hp_gain":0.0,"max_hp_loss":0.0,"gold_gain":0.0,"event_name":"Living Wall","player_choice":"Forget","floor":11.0,"gold_loss":0.0,"damage_taken":0.0},{"damage_healed":0.0,"max_hp_gain":0.0,"max_hp_loss":0.0,"gold_gain":75.0,"event_name":"World of Goop","player_choice":"Gather Gold","floor":13.0,"gold_loss":0.0,"damage_taken":11.0},{"damage_healed":0.0,"max_hp_gain":5.0,"max_hp_loss":0.0,"gold_gain":0.0,"event_name":"Forgotten Altar","player_choice":"Shed Blood","floor":21.0,"gold_loss":0.0,"damage_taken":19.0},{"damage_healed":0.0,"max_hp_gain":0.0,"max_hp_loss":0.0,"gold_gain":0.0,"event_name":"The Mausoleum","player_choice":"Opened","floor":22.0,"gold_loss":0.0,"damage_taken":0.0,"relics_obtained":["Strawberry"]},{"damage_healed":0.0,"max_hp_gain":0.0,"max_hp_loss":0.0,"gold_gain":0.0,"event_name":"Vampires","player_choice":"Ignored","floor":24.0,"gold_loss":0.0,"damage_taken":0.0},{"cards_removed":["Reflex"],"damage_healed":0.0,"max_hp_gain":0.0,"max_hp_loss":0.0,"gold_gain":0.0,"event_name":"Purifier","player_choice":"Purged","floor":36.0,"gold_loss":0.0,"damage_taken":0.0},{"damage_healed":0,"gold_gain":0,"player_choice":"Upgrade","damage_taken":0,"relics_obtained":["Mark of the Bloom"],"max_hp_gain":0,"max_hp_loss":0,"event_name":"MindBloom","floor":41,"gold_loss":0,"cards_upgraded":["Survivor","Neutralize","Blade Dance","Backstab","Dash","Backstab","Backstab","Dagger Throw","Deadly Poison","Dagger Spray","Adrenaline","A Thousand Cuts","Cloak And Dagger","Endless Agony","Malaise","Infinite Blades","Night Terror","Predator","Unload","Die Die Die","Bane","Riddle With Holes","Finisher","Finisher","Dash","Catalyst","Well Laid Plans","After Image"]},{"damage_healed":0,"gold_gain":0,"player_choice":"Fight","damage_taken":0,"max_hp_gain":0,"max_hp_loss":0,"event_name":"Mysterious Sphere","floor":42,"gold_loss":0}],"is_beta":false,"boss_relics":[{"not_picked":["HoveringKite","White Beast Statue"],"picked":"Fusion Hammer"},{"not_picked":["Black Star","Empty Cage"],"picked":"Pandora\u0027s Box"}],"items_purged_floors":[],"is_endless":false,"potions_floor_spawned":[5,7,10,14,16,27,31,33,40,42,44],"ascension_level":1}