{"gold_per_floor":[111,111,131,9,19,19,33,33,114,114,64,14,14,14,14,116,116,128,227,238,163,163,163,175,190,190,190,204,204,221,237,237,335,335,352,364,379,231,231,231,106,106,106,106,122,122,122,51,51,51],"floor_reached":50,"playtime":1021,"items_purged":["Defend_R","Strike_R","Strike_R"],"score":530,"play_id":"e8129c69-65c4-4756-8ed6-ab5c7cee74ff","local_time":"20190719193316","is_ascension_mode":false,"campfire_choices":[{"data":"Flex","floor":6,"key":"SMITH"},{"data":"Demon Form","floor":10,"key":"SMITH"},{"data":"Heavy Blade","floor":13,"key":"SMITH"},{"data":"Flex","floor":15,"key":"SMITH"},{"floor":23,"key":"REST"},{"floor":27,"key":"REST"},{"floor":29,"key":"REST"},{"floor":32,"key":"REST"},{"floor":40,"key":"REST"},{"floor":42,"key":"REST"},{"data":"Flex","floor":47,"key":"SMITH"},{"data":"Flex","floor":49,"key":"SMITH"}],"neow_cost":"TEN_PERCENT_HP_LOSS","seed_source_timestamp":1811636784834566,"circlet_count":0,"master_deck":["Strike_R+1","Strike_R","Strike_R+1","Bash","Clash","Flex+1","Heavy Blade+1","Demon Form+1","Flex+1","Offering","Sword Boomerang","Thunderclap","Headbutt","Sword Boomerang","Pommel Strike+1","Whirlwind","Flex+1","Twin Strike+1","Limit Break+1","Warcry+1","Inflame+1","Heavy Blade+1","Flex+1","Madness","Madness+1","Heavy Blade+1","Battle Trance","Parasite","Headbutt","Shrug It Off"],"relics":["Burning Blood","Sundial","Dream Catcher","Sozu","Boot","Lizard Tail","War Paint"],"potions_floor_usage":[16],"damage_taken":[{"damage":2,"enemies":"2 Louse","floor":1,"turns":3},{"damage":8,"enemies":"Jaw Worm","floor":3,"turns":3},{"damage":0,"enemies":"Small Slimes","floor":5,"turns":2},{"damage":2,"enemies":"Blue Slaver","floor":7,"turns":2},{"damage":4,"enemies":"Slime Boss","floor":16,"turns":6},{"damage":35,"enemies":"3 Byrds","floor":18,"turns":4},{"damage":17,"enemies":"Shell Parasite","floor":20,"turns":2},{"damage":12,"enemies":"Shelled Parasite and Fungi","floor":24,"turns":2},{"damage":15,"enemies":"Snecko","floor":25,"turns":3},{"damage":21,"enemies":"Snake Plant","floor":28,"turns":2},{"damage":32,"enemies":"Centurion and Healer","floor":30,"turns":3},{"damage":0,"enemies":"Snecko","floor":31,"turns":2},{"damage":24,"enemies":"Collector","floor":33,"turns":4},{"damage":36,"enemies":"3 Shapes","floor":35,"turns":2},{"damage":10,"enemies":"3 Darklings","floor":36,"turns":2},{"damage":15,"enemies":"Transient","floor":37,"turns":5},{"damage":6,"enemies":"Writhing Mass","floor":45,"turns":2},{"damage":110,"enemies":"Awakened One","floor":50,"turns":5}],"seed_played":"-4164717371125109516","potions_obtained":[{"floor":7,"key":"PowerPotion"}],"is_trial":false,"path_per_floor":["M","?","M","$","M","R","M","$","T","R","$","?","R","?","R","B",null,"M","?","M","?","?","R","M","M","T","R","M","R","M","M","R","B",null,"M","M","M","$","?","R","$","R","T","?","M","$","R","$","R","B"],"character_chosen":"IRONCLAD","items_purchased":["Heavy Blade","Flex","Flex","Headbutt","Shrug It Off"],"campfire_rested":6,"item_purchase_floors":[4,11,38,48,48],"current_hp_per_floor":[72,58,56,56,62,62,66,66,66,66,66,66,66,66,66,68,72,43,43,32,32,19,42,36,27,27,50,35,58,32,38,61,43,77,47,43,34,34,24,47,47,70,70,70,70,70,70,70,70,0],"gold":51,"neow_bonus":"REMOVE_TWO","is_prod":false,"is_daily":false,"chose_seed":false,"campfire_upgraded":6,"win_rate":0,"timestamp":1563589996,"path_taken":["M","?","M","$","M","R","M","?","T","R","$","?","R","?","R","BOSS","M","?","M","?","?","R","M","M","T","R","M","R","M","M","R","BOSS","M","M","M","$","?","R","$","R","T","?","M","?","R","$","R","BOSS"],"build_version":"2019-07-17","purchased_purges":3,"victory":false,"max_hp_per_floor":[72,72,72,72,72,72,72,72,72,72,72,72,72,72,72,72,72,72,72,72,72,77,77,77,77,77,77,77,77,77,77,77,77,77,77,77,77,77,77,77,77,77,77,77,77,77,77,77,77,77],"card_choices":[{"not_picked":["Headbutt","Clothesline"],"picked":"Clash","floor":1},{"not_picked":["Havoc","Rage"],"picked":"Flex","floor":3},{"not_picked":["Sever Soul","Bloodletting"],"picked":"Demon Form","floor":5},{"not_picked":["Fire Breathing","Evolve","Cleave"],"picked":"SKIP","floor":7},{"not_picked":["Exhume","Fiend Fire"],"picked":"Offering","floor":16},{"not_picked":["Warcry+1","Uppercut"],"picked":"Sword Boomerang","floor":18},{"not_picked":["Cleave","True Grit","Metallicize"],"picked":"SKIP","floor":20},{"not_picked":["Shrug It Off+1","Armaments+1"],"picked":"Thunderclap","floor":24},{"not_picked":["Thunderclap","Seeing Red"],"picked":"Headbutt","floor":25},{"not_picked":["Wild Strike","Twin Strike"],"picked":"Sword Boomerang","floor":27},{"not_picked":["Power Through","Anger"],"picked":"Pommel Strike+1","floor":28},{"not_picked":["Clothesline","Carnage"],"picked":"Whirlwind","floor":29},{"not_picked":["Rampage","Corruption+1","Anger+1"],"picked":"SKIP","floor":30},{"not_picked":["Entrench+1","Fiend Fire"],"picked":"Flex","floor":31},{"not_picked":["True Grit","Armaments"],"picked":"Twin Strike+1","floor":32},{"not_picked":["Offering","Brutality"],"picked":"Limit Break","floor":33},{"not_picked":["Wild Strike","Body Slam+1"],"picked":"Warcry+1","floor":35},{"not_picked":["Bloodletting","Rupture+1"],"picked":"Inflame+1","floor":36},{"not_picked":["True Grit+1","Dark Embrace"],"picked":"Heavy Blade+1","floor":37},{"not_picked":["Twin Strike","Pommel Strike+1"],"picked":"Heavy Blade+1","floor":40},{"not_picked":["Sword Boomerang","Body Slam+1"],"picked":"Battle Trance","floor":42},{"not_picked":["Rage+1","Perfected Strike","Clothesline"],"picked":"SKIP","floor":45}],"player_experience":1444034,"relics_obtained":[{"floor":9,"key":"Sundial"},{"floor":26,"key":"Boot"},{"floor":43,"key":"War Paint"}],"event_choices":[{"damage_healed":0,"gold_gain":0,"player_choice":"Entered Light","damage_taken":14,"max_hp_gain":0,"max_hp_loss":0,"event_name":"Shining Light","floor":2,"gold_loss":0,"cards_upgraded":["Strike_R","Strike_R"]},{"cards_removed":["Defend_R"],"damage_healed":0,"gold_gain":0,"player_choice":"Card Removal","damage_taken":0,"max_hp_gain":0,"max_hp_loss":0,"event_name":"The Cleric","floor":12,"gold_loss":50},{"damage_healed":0,"gold_gain":0,"player_choice":"Box","damage_taken":0,"relics_obtained":["Dream Catcher"],"max_hp_gain":0,"max_hp_loss":0,"event_name":"Big Fish","floor":14,"gold_loss":0,"cards_obtained":["Regret"]},{"damage_healed":0,"gold_gain":99,"player_choice":"Stole From Cult","damage_taken":0,"max_hp_gain":0,"max_hp_loss":0,"event_name":"Nest","floor":19,"gold_loss":0},{"cards_removed":["Regret"],"damage_healed":0,"gold_gain":0,"player_choice":"Gave Gold","damage_taken":0,"max_hp_gain":0,"max_hp_loss":0,"event_name":"Beggar","floor":21,"gold_loss":75},{"damage_healed":0,"gold_gain":0,"player_choice":"Shed Blood","damage_taken":18,"max_hp_gain":5,"max_hp_loss":0,"event_name":"Forgotten Altar","floor":22,"gold_loss":0},{"damage_healed":0,"gold_gain":0,"player_choice":"Embrace Madness","damage_taken":10,"max_hp_gain":0,"max_hp_loss":0,"event_name":"Winding Halls","floor":39,"gold_loss":0,"cards_obtained":["Madness","Madness"]},{"damage_healed":0,"gold_gain":0,"player_choice":"Ignored","damage_taken":0,"max_hp_gain":0,"max_hp_loss":0,"event_name":"Tomb of Lord Red Mask","floor":44,"gold_loss":0}],"is_beta":false,"boss_relics":[{"not_picked":["Calling Bell","Pandora\u0027s Box"],"picked":"Sozu"},{"not_picked":["Astrolabe","Fusion Hammer"],"picked":"Lizard Tail"}],"items_purged_floors":[4,38,41],"is_endless":false,"potions_floor_spawned":[7,20,25,33,35,45],"killed_by":"Awakened One","ascension_level":0}