{"gold_per_floor":[19,19,19,38,38,38,63,63,89,107,137,137,152,164,164,262,262,279,194,212,212,212,212],"floor_reached":23,"playtime":1557,"items_purged":[],"score":244,"play_id":"3e256bfc-3088-4725-8cb8-191471d955cd","local_time":"20190407091632","is_ascension_mode":true,"campfire_choices":[{"data":"Zap","floor":6.0,"key":"SMITH"},{"data":"Undo","floor":8.0,"key":"SMITH"},{"data":"Streamline","floor":15.0,"key":"SMITH"}],"neow_cost":"NO_GOLD","seed_source_timestamp":0,"circlet_count":0,"master_deck":["Defend_B","Defend_B+1","Defend_B","Defend_B","Zap+1","Dualcast+1","Skim","Fusion","Undo+1","Ball Lightning","Streamline+1","Genetic Algorithm","Meteor Strike","Hologram","Coolheaded+1","Bite","Bite","Bite","Bite","Bite"],"special_seed":0,"relics":["Cracked Core","Ice Cream","Singing Bowl","Strawberry","Inserter","Ornamental Fan"],"potions_floor_usage":[22,23],"damage_taken":[{"damage":1.0,"enemies":"2 Louse","floor":1.0,"turns":2.0},{"damage":0.0,"enemies":"Cultist","floor":4.0,"turns":3.0},{"damage":15.0,"enemies":"Gremlin Nob","floor":7.0,"turns":5.0},{"damage":5.0,"enemies":"Small Slimes","floor":10.0,"turns":3.0},{"damage":21.0,"enemies":"3 Sentries","floor":11.0,"turns":7.0},{"damage":3.0,"enemies":"Blue Slaver","floor":13.0,"turns":3.0},{"damage":0.0,"enemies":"Large Slime","floor":14.0,"turns":4.0},{"damage":46.0,"enemies":"Hexaghost","floor":16.0,"turns":9.0},{"damage":22.0,"enemies":"Shell Parasite","floor":18.0,"turns":5.0},{"damage":27.0,"enemies":"Chosen","floor":20.0,"turns":5.0},{"damage":32,"enemies":"Colosseum Slavers","floor":22,"turns":5},{"damage":22,"enemies":"Book of Stabbing","floor":23,"turns":4}],"seed_played":"4642940430548978280","potions_obtained":[{"floor":1.0,"key":"Weak Potion"},{"floor":7.0,"key":"FocusPotion"},{"floor":11.0,"key":"Block Potion"},{"floor":16.0,"key":"Poison Potion"},{"floor":20,"key":"Swift Potion"}],"is_trial":false,"path_per_floor":["M","?","?","M","?","R","E","R","T","M","E","?","M","M","R","B",null,"M","?","M","?","?","E"],"character_chosen":"DEFECT","items_purchased":[],"campfire_rested":0,"item_purchase_floors":[],"current_hp_per_floor":[74,74,59,59,52,52,37,37,37,34,22,82,79,81,81,36,82,60,60,35,35,13,0],"gold":212,"neow_bonus":"ONE_RARE_RELIC","is_prod":false,"is_daily":false,"chose_seed":false,"campfire_upgraded":3,"win_rate":0,"timestamp":1554621392,"path_taken":["M","?","?","M","?","R","E","R","T","M","E","?","M","?","R","BOSS","M","?","M","?","?","E"],"build_version":"2019-04-04","purchased_purges":0,"victory":false,"max_hp_per_floor":[75,75,75,75,75,75,75,75,75,75,82,82,82,82,82,82,82,82,82,82,82,82,82],"card_choices":[{"not_picked":["Capacitor","Rebound"],"picked":"Skim","floor":1.0},{"not_picked":["Glacier","Coolheaded"],"picked":"Fusion","floor":4.0},{"not_picked":["Coolheaded","Core Surge"],"picked":"Undo","floor":7.0},{"not_picked":["White Noise","Skim"],"picked":"Ball Lightning","floor":10.0},{"not_picked":["Hello World","Go for the Eyes"],"picked":"Defragment","floor":11.0},{"not_picked":["Rebound","Conserve Battery"],"picked":"Streamline","floor":13.0},{"not_picked":["Sweeping Beam","Double Energy"],"picked":"Genetic Algorithm","floor":14.0},{"not_picked":["Creative AI","Biased Cognition"],"picked":"Meteor Strike","floor":16.0},{"not_picked":["Gash+1","Redo"],"picked":"Hologram","floor":18.0},{"not_picked":["Melter","Skim"],"picked":"Coolheaded+1","floor":20}],"player_experience":297750,"relics_obtained":[{"floor":7.0,"key":"Singing Bowl"},{"floor":9.0,"key":"Blood Vial"},{"floor":11.0,"key":"Strawberry"}],"event_choices":[{"damage_healed":0.0,"max_hp_gain":0.0,"max_hp_loss":0.0,"gold_gain":0.0,"event_name":"The Cleric","player_choice":"Leave","floor":2.0,"gold_loss":0.0,"damage_taken":0.0},{"damage_healed":0.0,"max_hp_gain":0.0,"max_hp_loss":0.0,"gold_gain":0.0,"event_name":"Shining Light","player_choice":"Entered Light","floor":3.0,"gold_loss":0.0,"damage_taken":15.0,"cards_upgraded":["Defend_B","Dualcast"]},{"cards_removed":["Strike_B"],"damage_healed":0.0,"max_hp_gain":0.0,"max_hp_loss":0.0,"gold_gain":0.0,"event_name":"Golden Wing","player_choice":"Card Removal","floor":5.0,"gold_loss":0.0,"damage_taken":7.0},{"cards_removed":["Defragment"],"damage_healed":60.0,"max_hp_gain":0.0,"max_hp_loss":0.0,"gold_gain":0.0,"event_name":"Bonfire Elementals","player_choice":"Offered Uncommon","floor":12.0,"gold_loss":0.0,"damage_taken":0.0},{"damage_healed":0.0,"max_hp_gain":0.0,"max_hp_loss":0.0,"gold_gain":0.0,"event_name":"Addict","player_choice":"Obtained Relic","floor":19.0,"gold_loss":85.0,"damage_taken":0.0,"relics_obtained":["Ornamental Fan"]},{"damage_healed":0,"gold_gain":0,"player_choice":"Became a vampire (Vial)","damage_taken":0,"max_hp_gain":0,"max_hp_loss":0,"event_name":"Vampires","floor":21,"relics_lost":["Blood Vial"],"gold_loss":0,"cards_obtained":["Bite","Bite","Bite","Bite","Bite"]},{"damage_healed":0,"gold_gain":0,"player_choice":"Fight","damage_taken":0,"max_hp_gain":0,"max_hp_loss":0,"event_name":"Colosseum","floor":22,"gold_loss":0},{"damage_healed":0,"gold_gain":0,"player_choice":"Fled From Nobs","damage_taken":0,"max_hp_gain":0,"max_hp_loss":0,"event_name":"Colosseum","floor":22,"gold_loss":0}],"is_beta":true,"boss_relics":[{"not_picked":["Tiny House","Busted Crown"],"picked":"Inserter"}],"items_purged_floors":[],"is_endless":false,"potions_floor_spawned":[1,7,11,16,20],"killed_by":"Book of Stabbing","ascension_level":2}