{"gold_per_floor":[116,191,246,265,276,276,306,306,306,331,331,5,20,37,37,111,111,124,174,189,189,189],"floor_reached":22,"playtime":1288,"items_purged":[],"score":340,"play_id":"8b79bed2-80da-4611-b234-7c7b893f2783","local_time":"20190815132851","is_ascension_mode":true,"campfire_choices":[{"data":"Hologram","floor":6.0,"key":"SMITH"},{"floor":11.0,"key":"REST"},{"data":"Streamline","floor":15.0,"key":"SMITH"}],"neow_cost":"NONE","seed_source_timestamp":83313086067900,"circlet_count":0,"master_deck":["AscendersBane","Strike_B","Strike_B","Strike_B","Strike_B","Defend_B","Defend_B","Defend_B","Defend_B","Zap","Dualcast","Cold Snap","Streamline+1","Leap","Hologram+1","Compile Driver","Self Repair","Capacitor","Ball Lightning","Reinforced Body","Creative AI"],"special_seed":0,"relics":["Cracked Core","Odd Mushroom","Calipers","Dead Branch","Runic Capacitor","Snecko Eye"],"potions_floor_usage":[22],"damage_taken":[{"damage":0.0,"enemies":"2 Louse","floor":1.0,"turns":3.0},{"damage":3.0,"enemies":"Small Slimes","floor":4.0,"turns":4.0},{"damage":5.0,"enemies":"Jaw Worm","floor":5.0,"turns":3.0},{"damage":23.0,"enemies":"The Mushroom Lair","floor":7.0,"turns":6.0},{"damage":19.0,"enemies":"Lagavulin","floor":10.0,"turns":6.0},{"damage":3.0,"enemies":"3 Louse","floor":13.0,"turns":4.0},{"damage":9.0,"enemies":"Looter","floor":14.0,"turns":4.0},{"damage":7.0,"enemies":"Slime Boss","floor":16.0,"turns":8.0},{"damage":38.0,"enemies":"3 Byrds","floor":18.0,"turns":5.0},{"damage":19.0,"enemies":"Spheric Guardian","floor":20.0,"turns":4.0},{"damage":5,"enemies":"Shelled Parasite and Fungi","floor":22,"turns":1}],"seed_played":"-5593011158920503626","potions_obtained":[{"floor":13.0,"key":"Poison Potion"},{"floor":14.0,"key":"FocusPotion"},{"floor":16.0,"key":"Fire Potion"},{"floor":18.0,"key":"Fire Potion"},{"floor":20.0,"key":"Poison Potion"}],"is_trial":false,"path_per_floor":["M","?","?","M","M","R","?","?","T","E","R","$","M","M","R","B",null,"M","?","M","?","M"],"character_chosen":"DEFECT","items_purchased":["Runic Capacitor","Capacitor","Ball Lightning"],"campfire_rested":1,"item_purchase_floors":[12,12,12],"current_hp_per_floor":[64,53,53,50,45,45,22,22,22,3,24,24,28,26,26,26,60,22,22,3,3,0],"gold":189,"neow_bonus":"THREE_CARDS","is_prod":false,"is_daily":false,"chose_seed":false,"campfire_upgraded":2,"win_rate":0,"timestamp":1565900931,"path_taken":["M","?","?","M","M","R","?","?","T","E","R","$","M","?","R","BOSS","M","?","M","?","M"],"build_version":"2019-07-17","purchased_purges":0,"victory":false,"max_hp_per_floor":[71,71,71,71,71,71,71,71,71,71,71,71,71,71,71,71,71,71,71,71,71,71],"card_choices":[{"not_picked":["Rebound","Barrage"],"picked":"Cold Snap","floor":0.0},{"not_picked":["Redo","Coolheaded"],"picked":"Streamline","floor":1.0},{"not_picked":["Cold Snap","Auto Shields"],"picked":"Leap","floor":4.0},{"not_picked":["Compile Driver","Melter"],"picked":"Hologram","floor":5.0},{"not_picked":["Static Discharge","Double Energy"],"picked":"Compile Driver","floor":7.0},{"not_picked":["All For One","Go for the Eyes"],"picked":"Self Repair","floor":10.0},{"not_picked":["Hologram","Doom and Gloom"],"picked":"Reinforced Body","floor":13.0},{"not_picked":["Hologram","Leap","Gash"],"picked":"SKIP","floor":14.0},{"not_picked":["Echo Form","Machine Learning"],"picked":"Creative AI","floor":16.0},{"not_picked":["Compile Driver+1","Tempest","Ball Lightning"],"picked":"SKIP","floor":18.0},{"not_picked":["Recycle","Gash","Beam Cell"],"picked":"SKIP","floor":20.0}],"player_experience":663165,"relics_obtained":[{"floor":7.0,"key":"Odd Mushroom"},{"floor":9.0,"key":"Calipers"},{"floor":10.0,"key":"Dead Branch"}],"event_choices":[{"damage_healed":0.0,"max_hp_gain":0.0,"max_hp_loss":0.0,"gold_gain":75.0,"event_name":"World of Goop","player_choice":"Gather Gold","floor":2.0,"gold_loss":0.0,"damage_taken":11.0},{"damage_healed":0.0,"max_hp_gain":0.0,"max_hp_loss":0.0,"gold_gain":55.0,"event_name":"Golden Wing","player_choice":"Gained Gold","floor":3.0,"gold_loss":0.0,"damage_taken":0.0},{"damage_healed":0.0,"max_hp_gain":0.0,"max_hp_loss":0.0,"gold_gain":0.0,"event_name":"Mushrooms","player_choice":"Fought Mushrooms","floor":7.0,"gold_loss":0.0,"damage_taken":0.0},{"damage_healed":0.0,"max_hp_gain":0.0,"max_hp_loss":0.0,"gold_gain":0.0,"event_name":"Dead Adventurer","player_choice":"Searched \u00270\u0027 times","floor":8.0,"gold_loss":0.0,"damage_taken":0.0},{"damage_healed":0.0,"max_hp_gain":0.0,"max_hp_loss":0.0,"gold_gain":50.0,"event_name":"Nest","player_choice":"Stole From Cult","floor":19.0,"gold_loss":0.0,"damage_taken":0.0},{"damage_healed":0.0,"max_hp_gain":0.0,"max_hp_loss":0.0,"gold_gain":0.0,"event_name":"Cursed Tome","player_choice":"Ignored","floor":21.0,"gold_loss":0.0,"damage_taken":0.0}],"is_beta":false,"boss_relics":[{"not_picked":["Pandora\u0027s Box","Cursed Key"],"picked":"Snecko Eye"}],"items_purged_floors":[],"is_endless":false,"potions_floor_spawned":[13,14,16,18,20],"killed_by":"Shelled Parasite and Fungi","ascension_level":17}