{"gold_per_floor":[113,38,55,85,100,100,127,202,270,270,281,281,298,198,198,298,298,282,282,282,43,43,43,43],"floor_reached":24,"playtime":1305,"items_purged":["Defend_G","Strike_G"],"score":278,"play_id":"21eee594-2d1b-459e-bd57-a0ae4d0abe6d","local_time":"20190227150958","is_ascension_mode":true,"campfire_choices":[{"floor":6.0,"key":"REST"},{"floor":10,"key":"REST"},{"floor":12,"key":"REST"},{"floor":15,"key":"RECALL"},{"floor":23,"key":"REST"}],"neow_cost":"NONE","seed_source_timestamp":0,"circlet_count":0,"master_deck":["Defend_G","Defend_G","Defend_G","Defend_G","Strike_G","Strike_G","Strike_G","Strike_G","Survivor","Neutralize","Sucker Punch","Cloak And Dagger","Dagger Spray","Dodge and Roll","Footwork","Burst"],"special_seed":0,"relics":["Fusion Hammer","Tiny Chest","Matryoshka","Omamori","Darkstone Periapt","Velvet Choker","Nilry\u0027s Codex","Bottled Flame","Anchor"],"potions_floor_usage":[20,24],"damage_taken":[{"damage":0.0,"enemies":"Cultist","floor":1.0,"turns":4.0},{"damage":7.0,"enemies":"2 Louse","floor":3.0,"turns":3.0},{"damage":4.0,"enemies":"Small Slimes","floor":5.0,"turns":3.0},{"damage":22.0,"enemies":"Lagavulin","floor":7.0,"turns":9.0},{"damage":0,"enemies":"2 Fungi Beasts","floor":11,"turns":3},{"damage":0,"enemies":"Gremlin Gang","floor":13,"turns":5},{"damage":66,"enemies":"The Guardian","floor":16,"turns":25},{"damage":8,"enemies":"2 Thieves","floor":18,"turns":4},{"damage":26,"enemies":"Colosseum Slavers","floor":20,"turns":7},{"damage":25,"enemies":"Slavers","floor":24,"turns":3}],"seed_played":"-3950675689012670367","potions_obtained":[{"floor":1.0,"key":"Block Potion"},{"floor":5.0,"key":"Weak Potion"},{"floor":13,"key":"Energy Potion"}],"is_trial":false,"path_per_floor":["M","$","M","?","M","R","E","?","T","R","M","R","M","$","R","B",null,"M","?","?","$","?","R","E"],"character_chosen":"THE_SILENT","items_purchased":["Bottled Flame"],"campfire_rested":4,"item_purchase_floors":[21],"current_hp_per_floor":[63,63,56,38,34,55,33,26,26,47,47,68,68,68,68,2,53,45,29,3,3,3,24,0],"gold":43,"neow_bonus":"BOSS_RELIC","is_prod":false,"is_daily":false,"chose_seed":false,"campfire_upgraded":0,"win_rate":0,"timestamp":1551308998,"path_taken":["M","$","M","?","M","R","E","?","T","R","?","R","M","$","R","BOSS","M","?","?","$","?","R","E"],"build_version":"2019-01-23","purchased_purges":2,"victory":false,"max_hp_per_floor":[70,70,70,70,70,70,70,70,70,70,70,70,70,70,70,70,70,70,70,70,70,70,70,70],"card_choices":[{"not_picked":["Deflect","Acrobatics"],"picked":"Sucker Punch","floor":1.0},{"not_picked":["Outmaneuver","Setup"],"picked":"Cloak And Dagger","floor":3.0},{"not_picked":["Tactician","Dagger Throw"],"picked":"Dagger Spray","floor":5.0},{"not_picked":["Concentrate","Wraith Form v2"],"picked":"Dodge and Roll","floor":7.0},{"not_picked":["Prepared","Deflect"],"picked":"Footwork","floor":11},{"not_picked":["Blade Dance","Calculated Gamble","Quick Slash"],"picked":"SKIP","floor":13},{"not_picked":["Bullet Time","Wraith Form v2"],"picked":"Burst","floor":16},{"not_picked":["Blade Dance","Outmaneuver","Prepared"],"picked":"SKIP","floor":18}],"player_experience":1199831,"relics_obtained":[{"floor":7.0,"key":"Matryoshka"},{"floor":9,"key":"Omamori"},{"floor":9,"key":"Darkstone Periapt"},{"floor":19,"key":"Nilry\u0027s Codex"},{"floor":22,"key":"Anchor"}],"event_choices":[{"damage_healed":0.0,"max_hp_gain":0.0,"max_hp_loss":0.0,"gold_gain":0.0,"event_name":"Scrap Ooze","player_choice":"Success","floor":4.0,"gold_loss":0.0,"damage_taken":18.0,"relics_obtained":["Tiny Chest"]},{"damage_healed":0,"gold_gain":75,"player_choice":"Touch","damage_taken":7,"max_hp_gain":0,"max_hp_loss":0,"event_name":"FaceTrader","floor":8,"gold_loss":0},{"damage_healed":0,"gold_gain":0,"player_choice":"Obtained Book","damage_taken":16,"max_hp_gain":0,"max_hp_loss":0,"event_name":"Cursed Tome","floor":19,"gold_loss":0},{"damage_healed":0,"gold_gain":0,"player_choice":"Fight","damage_taken":0,"max_hp_gain":0,"max_hp_loss":0,"event_name":"Colosseum","floor":20,"gold_loss":0},{"damage_healed":0,"gold_gain":0,"player_choice":"Fled From Nobs","damage_taken":0,"max_hp_gain":0,"max_hp_loss":0,"event_name":"Colosseum","floor":20,"gold_loss":0},{"damage_healed":0,"gold_gain":0,"player_choice":"Relic","damage_taken":0,"max_hp_gain":0,"max_hp_loss":0,"event_name":"Wheel of Change","floor":22,"gold_loss":0}],"is_beta":false,"boss_relics":[{"not_picked":["HoveringKite","Orrery"],"picked":"Velvet Choker"}],"items_purged_floors":[2,14],"is_endless":false,"potions_floor_spawned":[1,5,13,20],"killed_by":"Slavers","ascension_level":9}