{"gold_per_floor":[12,87,99,117,131,160,160,195,268,268,301,313,330,345,345,444,444,456,381,381,78,89,119,119,119,144,155,168,193,193,208,208,313,313,333,135,149,149,149,149,149,168,168,168,168,195,195,215,215,215],"floor_reached":51,"playtime":3371,"items_purged":["Strike_R","Strike_R","Defend_R"],"score":903,"play_id":"5ef3d63b-f52b-4e2e-b0f4-a85a88c4721b","local_time":"20180810195312","is_ascension_mode":true,"campfire_choices":[{"data":"Bloodletting","floor":7.0,"key":"SMITH"},{"floor":10.0,"key":"REST"},{"data":"Armaments","floor":15.0,"key":"SMITH"},{"data":"Offering","floor":24,"key":"SMITH"},{"floor":30,"key":"REST"},{"data":"Battle Trance","floor":32,"key":"SMITH"},{"floor":40,"key":"REST"},{"floor":45,"key":"REST"},{"floor":47,"key":"REST"},{"floor":49,"key":"REST"}],"neow_cost":"NO_GOLD","seed_source_timestamp":0,"circlet_count":0,"master_deck":["Strike_R","Strike_R","Defend_R","Defend_R","Bash","Limit Break","Bloodletting+1","Battle Trance+1","Double Tap","Whirlwind","Offering+1","Headbutt","Armaments+1","Bloodletting+1","Rupture","Feed","Flex+1","Inflame","Spot Weakness+1","Heavy Blade","Brutality","Flex","Twin Strike","Heavy Blade","Rupture+1","Dual Wield","Flex","Pummel","Battle Trance+1","Twin Strike+1","Pummel","Whirlwind+1","Heavy Blade","Offering","Seeing Red+1"],"special_seed":0,"relics":["Burning Blood","Sundial","Gambling Chip","Bottled Lightning","Dream Catcher","Runic Dome","Enchiridion","Prayer Wheel","Red Skull","War Paint","Fusion Hammer","Calipers","Boot","Ginger"],"potions_floor_usage":[16,16,33,46,46,50],"damage_taken":[{"damage":1.0,"enemies":"Cultist","floor":1.0,"turns":3.0},{"damage":7.0,"enemies":"2 Louse","floor":3.0,"turns":2.0},{"damage":9.0,"enemies":"Small Slimes","floor":4.0,"turns":3.0},{"damage":13.0,"enemies":"2 Fungi Beasts","floor":5.0,"turns":6.0},{"damage":32.0,"enemies":"Lagavulin","floor":6.0,"turns":7.0},{"damage":19.0,"enemies":"Gremlin Nob","floor":8.0,"turns":4.0},{"damage":5.0,"enemies":"3 Sentries","floor":11.0,"turns":1.0},{"damage":5.0,"enemies":"Gremlin Gang","floor":12.0,"turns":1.0},{"damage":5.0,"enemies":"Exordium Wildlife","floor":13.0,"turns":1.0},{"damage":8.0,"enemies":"Red Slaver","floor":14.0,"turns":1.0},{"damage":26,"enemies":"Slime Boss","floor":16,"turns":6},{"damage":13,"enemies":"Chosen","floor":18,"turns":2},{"damage":17,"enemies":"Shell Parasite","floor":22,"turns":3},{"damage":8,"enemies":"Gremlin Leader","floor":23,"turns":2},{"damage":21,"enemies":"Centurion and Healer","floor":27,"turns":3},{"damage":8,"enemies":"Snake Plant","floor":28,"turns":1},{"damage":5,"enemies":"Book of Stabbing","floor":29,"turns":1},{"damage":5,"enemies":"Sentry and Sphere","floor":31,"turns":1},{"damage":25,"enemies":"Automaton","floor":33,"turns":4},{"damage":15,"enemies":"3 Darklings","floor":35,"turns":2},{"damage":5,"enemies":"Orb Walker","floor":37,"turns":1},{"damage":5,"floor":38,"turns":1},{"damage":20,"enemies":"Spire Growth","floor":42,"turns":2},{"damage":11,"enemies":"Giant Head","floor":46,"turns":1},{"damage":9,"enemies":"Transient","floor":48,"turns":5},{"damage":67,"enemies":"Time Eater","floor":50,"turns":3}],"seed_played":"6496372962927791954","potions_obtained":[{"floor":5.0,"key":"Fire Potion"},{"floor":8.0,"key":"SmokeBomb"},{"floor":11.0,"key":"GamblersBrew"},{"floor":12.0,"key":"SpeedPotion"},{"floor":16,"key":"Swift Potion"},{"floor":18,"key":"Regen Potion"},{"floor":31,"key":"AttackPotion"},{"floor":35,"key":"Swift Potion"},{"floor":42,"key":"Swift Potion"}],"is_trial":false,"path_per_floor":["M","?","M","M","M","E","R","E","T","R","E","M","M","M","R","B",null,"M","$","?","$","M","E","R","?","T","M","M","E","R","M","R","B",null,"M","$","M","?","?","R","$","M","T","?","R","E","R","M","R","B"],"character_chosen":"IRONCLAD","items_purchased":["Inflame","Spot Weakness","Heavy Blade","Pummel"],"campfire_rested":6,"item_purchase_floors":[21,21,21,36],"current_hp_per_floor":[80,72,71,68,61,35,35,22,22,46,47,48,49,47,47,27,80,73,73,57,57,46,44,44,44,44,32,30,31,55,56,56,37,83,74,74,79,80,80,87,87,76,76,76,90,85,90,87,90,29],"gold":215,"neow_bonus":"THREE_RARE_CARDS","is_prod":false,"is_daily":false,"chose_seed":false,"campfire_upgraded":4,"win_rate":0,"timestamp":1533955992,"path_taken":["M","?","M","?","M","E","R","E","T","R","E","M","M","M","R","BOSS","M","$","?","$","?","E","R","?","T","?","M","E","R","M","R","BOSS","M","$","M","?","?","R","$","M","T","?","R","E","R","M","R","BOSS"],"build_version":"2018-08-02","purchased_purges":3,"victory":true,"max_hp_per_floor":[80,80,80,80,80,80,80,80,80,80,80,80,80,80,80,80,80,80,80,80,80,80,80,80,80,80,83,83,83,83,83,83,83,83,83,83,87,87,87,87,87,90,90,90,90,90,90,90,90,90],"card_choices":[{"not_picked":["Berserk","Bludgeon"],"picked":"Limit Break","floor":0.0},{"not_picked":["Headbutt","Clothesline"],"picked":"Bloodletting","floor":1.0},{"not_picked":["Warcry","Thunderclap"],"picked":"Battle Trance","floor":3.0},{"not_picked":["Bloodletting","Shrug It Off"],"picked":"Double Tap","floor":4.0},{"not_picked":["Power Through","Havoc"],"picked":"Whirlwind","floor":5.0},{"not_picked":["True Grit","Perfected Strike","Entrench"],"picked":"SKIP","floor":6.0},{"not_picked":["Shockwave","Cleave"],"picked":"Offering","floor":8.0},{"not_picked":["Blood for Blood","Dual Wield"],"picked":"Headbutt","floor":11.0},{"not_picked":["Clash","Heavy Blade"],"picked":"Armaments","floor":12.0},{"not_picked":["Uppercut","Intimidate"],"picked":"Bloodletting","floor":13.0},{"not_picked":["Clothesline","Burning Pact"],"picked":"Rupture","floor":14.0},{"not_picked":["Double Tap","Impervious"],"picked":"Feed","floor":16},{"not_picked":["Perfected Strike+1","Wild Strike+1"],"picked":"Flex+1","floor":18},{"not_picked":["Disarm","Anger"],"picked":"Brutality","floor":22},{"not_picked":["Intimidate","Clash"],"picked":"Flex","floor":23},{"not_picked":["Anger","Hemokinesis"],"picked":"Twin Strike","floor":27},{"not_picked":["Feel No Pain+1","Body Slam","Power Through+1"],"picked":"SKIP","floor":27},{"not_picked":["Anger","Clothesline+1"],"picked":"Heavy Blade","floor":28},{"not_picked":["Anger","Armaments+1","Burning Pact"],"picked":"SKIP","floor":28},{"not_picked":["Shockwave+1","Barricade","Warcry"],"picked":"SKIP","floor":29},{"not_picked":["Shrug It Off","Thunderclap+1"],"picked":"Rupture+1","floor":30},{"not_picked":["Twin Strike","Carnage"],"picked":"Dual Wield","floor":31},{"not_picked":["Disarm","Searing Blow+1","Thunderclap"],"picked":"SKIP","floor":31},{"not_picked":["Iron Wave","Sentinel"],"picked":"Flex","floor":35},{"not_picked":["Rage+1","Hemokinesis","Body Slam"],"picked":"SKIP","floor":35},{"not_picked":["Thunderclap+1","Dropkick"],"picked":"Battle Trance+1","floor":37},{"not_picked":["Disarm","Metallicize+1"],"picked":"Twin Strike+1","floor":37},{"not_picked":["Headbutt","Bludgeon"],"picked":"Pummel","floor":40},{"not_picked":["Warcry","Carnage+1"],"picked":"Whirlwind+1","floor":42},{"not_picked":["Clash+1","Sentinel+1"],"picked":"Heavy Blade","floor":42},{"not_picked":["Battle Trance+1","Sword Boomerang+1"],"picked":"Offering","floor":46},{"not_picked":["Sword Boomerang+1","Entrench","Burning Pact+1"],"picked":"SKIP","floor":48},{"not_picked":["Thunderclap","Iron Wave+1","Seeing Red"],"picked":"SKIP","floor":48},{"not_picked":["Shockwave","Sentinel+1"],"picked":"Seeing Red+1","floor":49}],"player_experience":597825,"relics_obtained":[{"floor":6.0,"key":"Sundial"},{"floor":8.0,"key":"Gambling Chip"},{"floor":9.0,"key":"Bottled Lightning"},{"floor":11.0,"key":"Dream Catcher"},{"floor":20,"key":"Enchiridion"},{"floor":23,"key":"Prayer Wheel"},{"floor":26,"key":"Red Skull"},{"floor":29,"key":"War Paint"},{"floor":38,"key":"Calipers"},{"floor":43,"key":"Boot"},{"floor":46,"key":"Ginger"}],"event_choices":[{"event_name":"FaceTrader","player_choice":"Touch","floor":2.0,"damage_taken":0.0},{"event_name":"Cursed Tome","player_choice":"Obtained Book","floor":20,"damage_taken":0},{"event_name":"Purifier","player_choice":"One Purge","floor":25,"damage_taken":0},{"event_name":"MindBloom","player_choice":"Fight","floor":38,"damage_taken":0},{"event_name":"Tomb of Lord Red Mask","player_choice":"Ignored","floor":39,"damage_taken":0},{"event_name":"Falling","player_choice":"Removed Attack","floor":44,"damage_taken":0}],"is_beta":false,"boss_relics":[{"not_picked":["Empty Cage","Mark of Pain"],"picked":"Runic Dome"},{"not_picked":["Sozu","White Beast Statue"],"picked":"Fusion Hammer"}],"items_purged_floors":[19,21,36],"is_endless":false,"potions_floor_spawned":[5,8,11,12,14,16,18,23,27,31,35,42],"ascension_level":1}