{"gold_per_floor":[118,27,102,116,116,146,146,162,207,223,237,237,249,265,265,368,368,384,109,159,172,185,185,31,43,66,66,86,112,132,144,144,144],"floor_reached":33,"playtime":2003,"items_purged":["Defend_B","Strike_B"],"score":273,"play_id":"1ffde7fa-fce5-4203-ba36-064051fed3d0","local_time":"20181204180854","is_ascension_mode":false,"campfire_choices":[{"floor":7,"key":"REST"},{"floor":12,"key":"REST"},{"floor":15,"key":"RECALL"},{"data":"Seek","floor":23,"key":"SMITH"},{"floor":27,"key":"REST"},{"floor":32,"key":"REST"}],"neow_cost":"NONE","seed_source_timestamp":149430728787381,"circlet_count":0,"master_deck":["Strike_B","Strike_B","Strike_B","Defend_B","Defend_B","Defend_B","Zap","Dualcast","All For One","Gash","Scrape","Streamline","Seek+1","Beam Cell","Steam","Steam","Go for the Eyes","Streamline","Reboot","Beam Cell","Recycle+1","Double Energy+1","Turbo","Gash"],"relics":["Cracked Core","Ancient Tea Set","Symbiotic Virus","Lizard Tail","Medical Kit","Anchor","Bag of Preparation"],"potions_floor_usage":[6,16,25,25,31],"damage_taken":[{"damage":5,"enemies":"2 Louse","floor":1,"turns":2},{"damage":2,"enemies":"Small Slimes","floor":4,"turns":2},{"damage":26,"enemies":"Lagavulin","floor":6,"turns":6},{"damage":6,"enemies":"Jaw Worm","floor":8,"turns":2},{"damage":8,"enemies":"Red Slaver","floor":10,"turns":2},{"damage":11,"enemies":"Lots of Slimes","floor":11,"turns":4},{"damage":6,"enemies":"Exordium Thugs","floor":13,"turns":3},{"damage":0,"enemies":"Gremlin Gang","floor":14,"turns":4},{"damage":10,"enemies":"Hexaghost","floor":16,"turns":7},{"damage":15,"enemies":"2 Thieves","floor":18,"turns":3},{"damage":8,"enemies":"Spheric Guardian","floor":21,"turns":4},{"damage":14,"enemies":"Snake Plant","floor":22,"turns":3},{"damage":16,"enemies":"Centurion and Healer","floor":25,"turns":3},{"damage":21,"enemies":"Shelled Parasite and Fungi","floor":28,"turns":3},{"damage":11,"enemies":"Gremlin Leader","floor":29,"turns":7},{"damage":5,"enemies":"Snake Plant","floor":30,"turns":3},{"damage":25,"enemies":"Sentry and Sphere","floor":31,"turns":4},{"damage":79,"enemies":"Automaton","floor":33,"turns":6}],"seed_played":"7830234391651887038","potions_obtained":[{"floor":1,"key":"AttackPotion"},{"floor":8,"key":"Swift Potion"},{"floor":10,"key":"Strength Potion"},{"floor":16,"key":"Fire Potion"},{"floor":21,"key":"Fire Potion"}],"is_trial":false,"path_per_floor":["M","$","?","M","?","E","R","M","T","M","M","R","M","M","R","B",null,"M","$","?","M","M","R","$","M","T","R","M","E","M","M","R","B"],"character_chosen":"DEFECT","items_purchased":["Gash","Scrape","Medical Kit","Turbo"],"campfire_rested":4,"item_purchase_floors":[2,2,19,24],"current_hp_per_floor":[70,70,59,57,39,13,35,29,29,21,10,32,26,26,26,16,75,60,60,60,52,38,38,38,22,22,44,23,12,7,27,49,0],"gold":144,"neow_bonus":"ONE_RANDOM_RARE_CARD","is_prod":false,"is_daily":false,"chose_seed":false,"campfire_upgraded":1,"win_rate":0,"timestamp":1543975734,"path_taken":["M","$","?","M","?","E","R","M","T","M","M","R","M","M","R","BOSS","M","$","?","M","M","R","$","?","T","R","M","E","M","?","R","BOSS"],"build_version":"2018-11-15","purchased_purges":2,"victory":false,"max_hp_per_floor":[75,75,75,75,75,75,75,75,75,75,75,75,75,75,75,75,75,75,75,75,75,75,75,75,75,75,75,75,75,75,75,75,75],"card_choices":[{"not_picked":["Hello World","Rip and Tear","Conserve Battery"],"picked":"SKIP","floor":1},{"not_picked":["Reinforced Body","Ball Lightning"],"picked":"Streamline","floor":4},{"not_picked":["Beam Cell","Streamline"],"picked":"Seek","floor":6},{"not_picked":["Hologram","Ball Lightning"],"picked":"Beam Cell","floor":8},{"not_picked":["Glacier","Ball Lightning"],"picked":"Steam","floor":10},{"not_picked":["Darkness","Heatsinks"],"picked":"Steam","floor":11},{"not_picked":["Storm","Redo"],"picked":"Go for the Eyes","floor":13},{"not_picked":["Melter","Hello World"],"picked":"Streamline","floor":14},{"not_picked":["Buffer","Multi-Cast"],"picked":"Reboot","floor":16},{"not_picked":["Sunder+1","Skim"],"picked":"Beam Cell","floor":18},{"not_picked":["Streamline","Rebound"],"picked":"Recycle+1","floor":21},{"not_picked":["Chill","Rip and Tear"],"picked":"Double Energy+1","floor":22},{"not_picked":["Chaos","Leap","Conserve Battery"],"picked":"SKIP","floor":25},{"not_picked":["Fusion","Coolheaded","Cold Snap"],"picked":"SKIP","floor":28},{"not_picked":["Hello World","Tempest+1","Skim+1"],"picked":"SKIP","floor":29},{"not_picked":["Sweeping Beam+1","Hologram"],"picked":"Gash","floor":30},{"not_picked":["Sweeping Beam","Leap","Amplify"],"picked":"SKIP","floor":31}],"player_experience":1035750,"relics_obtained":[{"floor":6,"key":"Symbiotic Virus"},{"floor":26,"key":"Anchor"},{"floor":29,"key":"Bag of Preparation"}],"event_choices":[{"damage_healed":0,"gold_gain":75,"player_choice":"Gather Gold","damage_taken":11,"max_hp_gain":0,"max_hp_loss":0,"event_name":"World of Goop","floor":3,"gold_loss":0},{"damage_healed":0,"gold_gain":0,"player_choice":"Success","damage_taken":18,"relics_obtained":["Ancient Tea Set"],"max_hp_gain":0,"max_hp_loss":0,"event_name":"Scrap Ooze","floor":5,"gold_loss":0},{"damage_healed":0,"gold_gain":100,"player_choice":"Bet on Murderer","damage_taken":0,"max_hp_gain":0,"max_hp_loss":0,"event_name":"The Joust","floor":20,"gold_loss":50}],"is_beta":false,"boss_relics":[{"not_picked":["White Beast Statue","FrozenCore"],"picked":"Lizard Tail"}],"items_purged_floors":[19,24],"is_endless":false,"potions_floor_spawned":[1,8,10,16,21,22],"killed_by":"Automaton","ascension_level":0}