{"gold_per_floor":[360,374,228,178,192,219,119,139,139,139,151,151,151,162,162,260,290,305,315,315,331,175,175,175],"floor_reached":24,"playtime":1535,"items_purged":["Pain","Strike_R"],"score":198,"play_id":"162aca51-1a93-456f-b0f8-e64dbed5447f","local_time":"20180714085552","is_ascension_mode":false,"campfire_choices":[{"data":"Corruption","floor":12,"key":"SMITH"},{"data":"Bash","floor":15,"key":"SMITH"},{"floor":23,"key":"REST"}],"neow_cost":"CURSE","seed_source_timestamp":0,"circlet_count":0,"master_deck":["Strike_R","Strike_R","Defend_R","Defend_R","Defend_R","Defend_R+1","Bash+1","Corruption+1","Sentinel","Clash","Shrug It Off","Reaper","Flex","Reaper"],"special_seed":0,"relics":["Burning Blood","Regal Pillow","Blood Vial","Tiny House","Omamori"],"potions_floor_usage":[16,19,19,24,24,24],"damage_taken":[{"damage":14.0,"enemies":"Jaw Worm","floor":1.0,"turns":5.0},{"damage":6.0,"enemies":"2 Louse","floor":2.0,"turns":3.0},{"damage":5.0,"enemies":"Small Slimes","floor":5.0,"turns":4.0},{"damage":48.0,"enemies":"Gremlin Nob","floor":6.0,"turns":5.0},{"damage":0.0,"enemies":"Looter","floor":8.0,"turns":3.0},{"damage":1.0,"enemies":"Exordium Wildlife","floor":11.0,"turns":3.0},{"damage":0,"enemies":"Blue Slaver","floor":14,"turns":4},{"damage":63,"enemies":"The Guardian","floor":16,"turns":8},{"damage":23,"enemies":"2 Thieves","floor":18,"turns":4},{"damage":37,"enemies":"3 Byrds","floor":19,"turns":6},{"damage":66,"enemies":"3 Cultists","floor":21,"turns":7},{"damage":113,"enemies":"Slavers","floor":24,"turns":8}],"seed_played":"4915709601966116155","potions_obtained":[{"floor":1.0,"key":"Ancient Potion"},{"floor":5.0,"key":"PowerPotion"},{"floor":6.0,"key":"GamblersBrew"},{"floor":14,"key":"Regen Potion"},{"floor":17,"key":"Dexterity Potion"},{"floor":18,"key":"PowerPotion"},{"floor":19,"key":"GamblersBrew"},{"floor":21,"key":"SteroidPotion"}],"is_trial":false,"path_per_floor":["M","M","$","?","M","E","$","M","T","?","M","R","?","M","R","B",null,"M","M","?","M","$","R"],"character_chosen":"IRONCLAD","items_purchased":["Corruption","Omamori"],"campfire_rested":1,"item_purchase_floors":[3,22],"current_hp_per_floor":[72,72,72,72,73,31,31,37,37,37,44,44,49,57,57,17,90,80,58,58,14,14,56,0],"gold":175,"neow_bonus":"TWO_FIFTY_GOLD","is_prod":false,"is_daily":false,"chose_seed":false,"campfire_upgraded":2,"win_rate":0,"timestamp":1531583752,"path_taken":["M","M","$","?","M","E","$","M","T","?","M","R","?","M","R","BOSS","M","M","?","M","$","R","E"],"build_version":"2018-07-12","purchased_purges":2,"victory":false,"max_hp_per_floor":[80,80,80,80,80,80,80,80,80,80,80,80,85,85,85,85,90,90,90,90,90,90,90,90],"card_choices":[{"not_picked":["Heavy Blade","True Grit","Headbutt"],"picked":"SKIP","floor":1.0},{"not_picked":["Burning Pact","Whirlwind","Second Wind"],"picked":"SKIP","floor":2.0},{"not_picked":["Perfected Strike","Corruption","Cleave"],"picked":"SKIP","floor":5.0},{"not_picked":["Body Slam","Uppercut"],"picked":"Sentinel","floor":6.0},{"not_picked":["Body Slam","Blood for Blood"],"picked":"Clash","floor":8.0},{"not_picked":["Battle Trance","Twin Strike"],"picked":"Shrug It Off","floor":11},{"not_picked":["Fiend Fire","Carnage","Searing Blow"],"picked":"SKIP","floor":14},{"not_picked":["Exhume","Double Tap"],"picked":"Reaper","floor":16},{"not_picked":["Cleave","Thunderclap","Hemokinesis+1"],"picked":"SKIP","floor":18},{"not_picked":["Impervious","Pommel Strike"],"picked":"Flex","floor":19},{"not_picked":["Heavy Blade","Flex"],"picked":"Reaper","floor":21}],"player_experience":484515,"relics_obtained":[{"floor":6.0,"key":"Regal Pillow"},{"floor":9.0,"key":"Blood Vial"}],"event_choices":[{"event_name":"The Cleric","player_choice":"Card Removal","floor":4.0,"damage_taken":0.0},{"event_name":"Living Wall","player_choice":"Forget","floor":10.0,"damage_taken":0.0},{"event_name":"Big Fish","player_choice":"Donut","floor":13,"damage_taken":0},{"event_name":"Match and Keep!","player_choice":"0 cards matched","floor":20,"damage_taken":0}],"boss_relics":[{"not_picked":["Pandora\u0027s Box","Ectoplasm"],"picked":"Tiny House"}],"items_purged_floors":[3,7],"is_endless":false,"potions_floor_spawned":[1,5,6,14,18,19,21],"killed_by":"Slavers","ascension_level":0}