{"gold_per_floor":[117,292,303,5,5,5,25,60,131,146,146,205,31,50,50,147,147,160,85,45,65,12,43,43,43,91,91,91,103,53,64,64,163,163,175,1,16,0,0,0,18,18,18,18,33,33,52,52,52,52],"floor_reached":51,"playtime":5683,"items_purged":["Doubt","Strike_G","Injury"],"score":688,"play_id":"9a8f8fa9-0e37-4a9e-aa67-71a2224e310b","local_time":"20190812081717","is_ascension_mode":false,"campfire_choices":[{"data":"Infinite Blades","floor":6.0,"key":"SMITH"},{"data":"Footwork","floor":11.0,"key":"SMITH"},{"floor":15.0,"key":"REST"},{"data":"Noxious Fumes","floor":24.0,"key":"SMITH"},{"floor":32.0,"key":"REST"},{"floor":40.0,"key":"REST"},{"floor":42.0,"key":"REST"},{"floor":44.0,"key":"REST"},{"floor":46,"key":"REST"},{"floor":49,"key":"REST"}],"neow_cost":"NONE","seed_source_timestamp":0,"circlet_count":0,"master_deck":["Defend_G","Defend_G","Defend_G","Defend_G","Defend_G","Survivor","Neutralize","Impatience","Accuracy","Backflip","Infinite Blades+1","Backflip+1","Purity","Venomology","Footwork+1","Corpse Explosion","Bouncing Flask","Dodge and Roll","Blur","After Image+1","PiercingWail","Dodge and Roll","Noxious Fumes+1","Blur","Envenom+1","Crippling Poison+1","Blade Dance+1","Malaise+1","Tactician+1","Cloak And Dagger+1","Clumsy","Blur+1","Dagger Throw+1","Blur+1"],"special_seed":0,"relics":["Ring of the Snake","Vajra","Kunai","Matryoshka","Cursed Key","Centennial Puzzle","Toxic Egg 2","Orichalcum","Lizard Tail","Red Mask","Ornamental Fan","Dodecahedron"],"potions_floor_usage":[50,50,50],"damage_taken":[{"damage":0.0,"enemies":"Small Slimes","floor":1.0,"turns":4.0},{"damage":7.0,"enemies":"Jaw Worm","floor":3.0,"turns":8.0},{"damage":0.0,"enemies":"Cultist","floor":7.0,"turns":4.0},{"damage":0.0,"enemies":"Lagavulin","floor":8.0,"turns":10.0},{"damage":1.0,"enemies":"Large Slime","floor":10.0,"turns":9.0},{"damage":30.0,"enemies":"Lagavulin Event","floor":12.0,"turns":7.0},{"damage":0.0,"enemies":"3 Louse","floor":14.0,"turns":4.0},{"damage":2.0,"enemies":"Hexaghost","floor":16.0,"turns":11.0},{"damage":0.0,"enemies":"Shell Parasite","floor":18.0,"turns":6.0},{"damage":6.0,"enemies":"3 Byrds","floor":21.0,"turns":4.0},{"damage":15.0,"enemies":"Book of Stabbing","floor":23.0,"turns":6.0},{"damage":0.0,"enemies":"Cultist and Chosen","floor":29.0,"turns":6.0},{"damage":4.0,"enemies":"Centurion and Healer","floor":31.0,"turns":6.0},{"damage":10.0,"enemies":"Champ","floor":33.0,"turns":15.0},{"damage":44.0,"enemies":"3 Darklings","floor":35.0,"turns":5.0},{"damage":0.0,"enemies":"Orb Walker","floor":37.0,"turns":5.0},{"damage":40.0,"enemies":"4 Shapes","floor":41.0,"turns":7.0},{"damage":9.0,"enemies":"Writhing Mass","floor":45.0,"turns":8.0},{"damage":12,"enemies":"Spire Growth","floor":47,"turns":7},{"damage":1,"enemies":"Time Eater","floor":50,"turns":17}],"seed_played":"-7391870272278230860","potions_obtained":[{"floor":3.0,"key":"Strength Potion"},{"floor":7.0,"key":"SkillPotion"},{"floor":12.0,"key":"Explosive Potion"},{"floor":21.0,"key":"AttackPotion"},{"floor":23.0,"key":"Fire Potion"},{"floor":31.0,"key":"Block Potion"},{"floor":47,"key":"EssenceOfSteel"}],"is_trial":false,"path_per_floor":["M","?","M","$","?","R","M","E","T","M","R","?","$","M","R","B",null,"M","?","?","M","$","E","R","?","T","?","?","M","$","M","R","B",null,"M","$","M","?","?","R","M","R","T","R","M","R","M","?","R","B",null],"character_chosen":"THE_SILENT","items_purchased":["Infinite Blades","Backflip","Purity","GhostInAJar","Dodge and Roll","Blade Dance+1","Cloak And Dagger+1"],"campfire_rested":7,"item_purchase_floors":[4,4,4,13,22,30,36],"current_hp_per_floor":[70,70,63,63,63,63,63,63,63,62,62,32,32,32,53,51,70,70,70,70,64,64,49,49,49,49,49,49,49,49,45,66,56,70,26,26,26,26,26,47,7,28,28,49,40,61,49,49,70,70],"gold":52,"neow_bonus":"RANDOM_COLORLESS","is_prod":false,"is_daily":false,"chose_seed":false,"campfire_upgraded":3,"win_rate":0,"timestamp":1565569037,"path_taken":["M","?","M","$","?","R","M","E","T","?","R","?","$","M","R","BOSS","M","?","?","?","$","E","R","?","T","?","?","M","?","M","R","BOSS","M","$","M","?","?","R","M","R","T","R","?","R","M","?","R","BOSS"],"build_version":"2019-07-17","purchased_purges":3,"victory":true,"max_hp_per_floor":[70,70,70,70,70,70,70,70,70,70,70,70,70,70,70,70,70,70,70,70,70,70,70,70,70,70,70,70,70,70,70,70,70,70,70,70,70,70,70,70,70,70,70,70,70,70,70,70,70,70],"card_choices":[{"not_picked":["Flying Knee","Underhanded Strike"],"picked":"Accuracy","floor":1.0},{"not_picked":["Outmaneuver","PiercingWail"],"picked":"Backflip","floor":3.0},{"not_picked":["Bane","Dodge and Roll"],"picked":"Footwork","floor":7.0},{"not_picked":["Escape Plan","Reflex"],"picked":"Corpse Explosion","floor":8.0},{"not_picked":["Calculated Gamble","Leg Sweep"],"picked":"Bouncing Flask","floor":10.0},{"not_picked":["Prepared","PiercingWail"],"picked":"Dodge and Roll","floor":12.0},{"not_picked":["Backstab","Terror"],"picked":"Blur","floor":14.0},{"not_picked":["Tools of the Trade","Adrenaline"],"picked":"After Image","floor":16.0},{"not_picked":["Infinite Blades","Prepared","Sucker Punch"],"picked":"SKIP","floor":18.0},{"not_picked":["Endless Agony+1","Slice"],"picked":"PiercingWail","floor":21.0},{"not_picked":["Riddle With Holes+1","Reflex"],"picked":"Noxious Fumes","floor":23.0},{"not_picked":["Quick Slash","Infinite Blades+1"],"picked":"Crippling Poison+1","floor":29.0},{"not_picked":["Endless Agony","Poisoned Stab","Slice"],"picked":"SKIP","floor":31.0},{"not_picked":["Glass Knife","Phantasmal Killer+1"],"picked":"Malaise+1","floor":33.0},{"not_picked":["Leg Sweep+1","Sucker Punch"],"picked":"Tactician+1","floor":35.0},{"not_picked":["Backflip+1","Reflex+1","Quick Slash"],"picked":"SKIP","floor":37.0},{"not_picked":["Outmaneuver+1","Poisoned Stab","Cloak And Dagger+1"],"picked":"SKIP","floor":41.0},{"not_picked":["Malaise+1","Choke"],"picked":"Blur+1","floor":45.0},{"not_picked":["Riddle With Holes+1","Backflip+1"],"picked":"Dagger Throw+1","floor":47}],"player_experience":66976,"relics_obtained":[{"floor":8.0,"key":"Vajra"},{"floor":9.0,"key":"Kunai"},{"floor":12.0,"key":"Matryoshka"},{"floor":23.0,"key":"Centennial Puzzle"},{"floor":26.0,"key":"Toxic Egg 2"},{"floor":26.0,"key":"Orichalcum"},{"floor":43.0,"key":"Ornamental Fan"},{"floor":43.0,"key":"Dodecahedron"}],"event_choices":[{"damage_healed":0.0,"max_hp_gain":0.0,"max_hp_loss":0.0,"gold_gain":175.0,"event_name":"Liars Game","player_choice":"AGREE","floor":2.0,"gold_loss":0.0,"damage_taken":0.0,"cards_obtained":["Doubt"]},{"damage_healed":0.0,"max_hp_gain":0.0,"max_hp_loss":0.0,"gold_gain":0.0,"cards_transformed":["Strike_G"],"event_name":"Transmorgrifier","player_choice":"Transformed","floor":5.0,"gold_loss":0.0,"damage_taken":0.0,"cards_obtained":["Venomology"]},{"damage_healed":0.0,"max_hp_gain":0.0,"max_hp_loss":0.0,"gold_gain":0.0,"event_name":"Dead Adventurer","player_choice":"Searched \u00271\u0027 times","floor":12.0,"gold_loss":0.0,"damage_taken":0.0},{"cards_removed":["Strike_G"],"damage_healed":0.0,"max_hp_gain":0.0,"max_hp_loss":0.0,"gold_gain":0.0,"event_name":"Beggar","player_choice":"Gave Gold","floor":19.0,"gold_loss":75.0,"damage_taken":0.0},{"damage_healed":0.0,"max_hp_gain":0.0,"max_hp_loss":0.0,"gold_gain":0.0,"event_name":"Designer","player_choice":"Upgraded Two","floor":20.0,"gold_loss":40.0,"damage_taken":0.0,"cards_upgraded":["Backflip","After Image"]},{"damage_healed":0.0,"max_hp_gain":0.0,"max_hp_loss":0.0,"gold_gain":0.0,"cards_transformed":["Strike_G","Strike_G"],"event_name":"Drug Dealer","player_choice":"Became Test Subject","floor":25.0,"gold_loss":0.0,"damage_taken":0.0,"cards_obtained":["Blur","Envenom"]},{"damage_healed":0.0,"max_hp_gain":0.0,"max_hp_loss":0.0,"gold_gain":0.0,"event_name":"Vampires","player_choice":"Ignored","floor":27.0,"gold_loss":0.0,"damage_taken":0.0},{"damage_healed":0.0,"max_hp_gain":0.0,"max_hp_loss":0.0,"gold_gain":0.0,"event_name":"Ghosts","player_choice":"Ignored","floor":28.0,"gold_loss":0.0,"damage_taken":0.0},{"damage_healed":0.0,"max_hp_gain":0.0,"max_hp_loss":0.0,"gold_gain":0.0,"event_name":"Tomb of Lord Red Mask","player_choice":"Paid","floor":38.0,"gold_loss":16.0,"damage_taken":0.0,"relics_obtained":["Red Mask"]},{"damage_healed":0.0,"max_hp_gain":0.0,"max_hp_loss":0.0,"gold_gain":0.0,"event_name":"Upgrade Shrine","player_choice":"Upgraded","floor":39.0,"gold_loss":0.0,"damage_taken":0.0,"cards_upgraded":["Envenom"]},{"damage_healed":0,"gold_gain":0,"player_choice":"Copied","damage_taken":0,"max_hp_gain":0,"max_hp_loss":0,"event_name":"Duplicator","floor":48,"gold_loss":0,"cards_obtained":["Blur"]}],"is_beta":false,"boss_relics":[{"not_picked":["Empty Cage","Tiny House"],"picked":"Cursed Key"},{"not_picked":["Fusion Hammer","Astrolabe"],"picked":"Lizard Tail"}],"items_purged_floors":[4,13,36],"is_endless":false,"potions_floor_spawned":[3,7,12,21,23,31,47],"ascension_level":0}