{"gold_per_floor":[411,427,427,502,502,502,527,548,548,566,566,601,617,317,317,448,448,463,463,363,288,288,322,90,90,90,110,28,28,66,84,84,203,203,217,217,238,238,261,261,261,261,332,607,6,6,49,64,64,64],"floor_reached":51,"playtime":5105,"items_purged":["Strike_R","Strike_R","Regret"],"score":1289,"play_id":"f8d1d21f-1684-430f-9874-324d6f82b978","local_time":"20190701152501","is_ascension_mode":true,"campfire_choices":[{"data":"Pommel Strike","floor":6.0,"key":"SMITH"},{"floor":11.0,"key":"REST"},{"data":"Combust","floor":15.0,"key":"SMITH"},{"data":"Corruption","floor":25,"key":"SMITH"},{"data":"Offering","floor":29,"key":"SMITH"},{"data":"Feel No Pain","floor":32,"key":"SMITH"},{"data":"Whirlwind","floor":40,"key":"SMITH"},{"data":"Jack Of All Trades","floor":42,"key":"SMITH"},{"data":"Apotheosis","floor":46,"key":"SMITH"},{"data":"Inflame","floor":49,"key":"SMITH"}],"neow_cost":"TEN_PERCENT_HP_LOSS","seed_source_timestamp":71132025082957,"circlet_count":0,"master_deck":["AscendersBane","Defend_R","Defend_R","Defend_R","Defend_R","Pommel Strike+1","Whirlwind+1","Combust+1","Impervious","Inflame+1","Offering+1","Ghostly","Ghostly","Ghostly","Ghostly","Ghostly","Rupture+1","Corruption+1","Inflame+1","Feel No Pain+1","Impervious","Disarm","Dark Embrace+1","Flame Barrier+1","Searing Blow+1","Combust+1","Thunderclap+1","Infernal Blade+1","Jack Of All Trades+1","Dark Shackles","Discovery","Apotheosis+1","Headbutt+1","Metallicize","Sword Boomerang+1","Pommel Strike+1"],"special_seed":0,"relics":["Burning Blood","Old Coin","Golden Idol","Red Skull","Shuriken","Happy Flower","Omamori","Cursed Key","Enchiridion","Pear","Bag of Preparation","Meat on the Bone","Blood Vial","Astrolabe","Molten Egg 2","Lee\u0027s Waffle","Boot"],"potions_floor_usage":[16,16,33],"damage_taken":[{"damage":14.0,"enemies":"Jaw Worm","floor":1.0,"turns":5.0},{"damage":0.0,"enemies":"Small Slimes","floor":2.0,"turns":3.0},{"damage":8.0,"enemies":"2 Louse","floor":8.0,"turns":4.0},{"damage":12.0,"enemies":"Looter","floor":10.0,"turns":3.0},{"damage":24.0,"enemies":"3 Sentries","floor":12.0,"turns":4.0},{"damage":11.0,"enemies":"Blue Slaver","floor":13.0,"turns":3.0},{"damage":19,"enemies":"The Guardian","floor":16,"turns":7},{"damage":6,"enemies":"3 Byrds","floor":18,"turns":4},{"damage":5,"enemies":"Gremlin Leader","floor":23,"turns":4},{"damage":4,"enemies":"Spheric Guardian","floor":27,"turns":4},{"damage":0,"enemies":"Book of Stabbing","floor":30,"turns":5},{"damage":12,"enemies":"Snake Plant","floor":31,"turns":4},{"damage":12,"enemies":"Automaton","floor":33,"turns":7},{"damage":3,"enemies":"3 Shapes","floor":35,"turns":6},{"damage":34,"enemies":"3 Darklings","floor":37,"turns":5},{"damage":2,"enemies":"Transient","floor":39,"turns":5},{"damage":8,"enemies":"Reptomancer","floor":47,"turns":6},{"damage":4,"enemies":"Spire Growth","floor":48,"turns":3},{"damage":4,"enemies":"Donu and Deca","floor":50,"turns":6}],"seed_played":"-2067855712167026024","potions_obtained":[{"floor":1.0,"key":"EntropicBrew"},{"floor":13.0,"key":"Weak Potion"},{"floor":18,"key":"Dexterity Potion"},{"floor":23,"key":"FairyPotion"},{"floor":33,"key":"SteroidPotion"}],"is_trial":false,"path_per_floor":["M","M","?","?","?","R","T","M","T","M","R","E","M","$","R","B",null,"M","?","$","?","?","E","$","R","T","M","$","R","E","M","R","B",null,"M","?","M","?","M","R","?","R","T","?","$","R","E","M","R","B",null],"character_chosen":"IRONCLAD","items_purchased":["Omamori","Inflame","Corruption","Bag of Preparation","Feel No Pain","Apotheosis","Lee\u0027s Waffle","Headbutt+1","Metallicize"],"campfire_rested":1,"item_purchase_floors":[14,14,24,24,28,45,45,45,45],"current_hp_per_floor":[64,70,52,41,41,41,41,39,39,33,54,36,31,31,31,18,59,59,36,36,36,20,31,31,31,31,33,33,33,39,35,35,31,42,46,56,40,40,46,46,36,36,36,36,63,63,61,63,63,63],"gold":64,"neow_bonus":"ONE_RARE_RELIC","is_prod":false,"is_daily":false,"chose_seed":false,"campfire_upgraded":9,"win_rate":0,"timestamp":1562009101,"path_taken":["M","M","?","?","?","R","?","?","T","M","R","E","M","$","R","BOSS","M","?","$","?","?","E","$","R","T","M","?","R","E","M","R","BOSS","M","?","?","?","M","R","?","R","T","?","$","R","E","M","R","BOSS"],"build_version":"2019-01-23","purchased_purges":3,"victory":true,"max_hp_per_floor":[72,72,72,72,72,72,72,72,72,72,72,72,72,72,72,72,72,72,36,36,36,36,46,46,46,46,46,46,46,46,46,46,46,46,46,56,56,56,56,56,56,56,56,56,63,63,63,63,63,63],"card_choices":[{"not_picked":["Rage","Twin Strike","Blood for Blood"],"picked":"SKIP","floor":1.0},{"not_picked":["Clash","Armaments"],"picked":"Pommel Strike","floor":2.0},{"not_picked":["Flex","Shrug It Off"],"picked":"Whirlwind","floor":8.0},{"not_picked":["Dual Wield","Armaments"],"picked":"Combust","floor":10.0},{"not_picked":["Sentinel","Warcry"],"picked":"Inflame","floor":12.0},{"not_picked":["Body Slam","Havoc"],"picked":"Impervious","floor":13.0},{"not_picked":["Dark Embrace","Demon Form"],"picked":"Offering","floor":16},{"not_picked":["Cleave","Rampage","Body Slam"],"picked":"SKIP","floor":18},{"not_picked":["Exhume","Cleave"],"picked":"Rupture+1","floor":23},{"not_picked":["Thunderclap","Clash+1"],"picked":"Inflame+1","floor":27},{"not_picked":["Rage+1","Pommel Strike"],"picked":"Impervious","floor":30},{"not_picked":["Headbutt","Dropkick"],"picked":"Disarm","floor":31},{"not_picked":["Immolate","Feed"],"picked":"Reaper","floor":33},{"not_picked":["Anger+1","Warcry"],"picked":"Combust+1","floor":35},{"not_picked":["Havoc+1","Anger+1"],"picked":"Thunderclap+1","floor":37},{"not_picked":["Twin Strike+1","Rampage"],"picked":"Infernal Blade+1","floor":39},{"not_picked":["Forethought","Purity"],"picked":"Jack Of All Trades","floor":41},{"not_picked":["The Bomb","Violence"],"picked":"Dark Shackles","floor":41},{"not_picked":["Sadistic Nature","Blind"],"picked":"Discovery","floor":41},{"not_picked":["Pommel Strike+1","Barricade"],"picked":"Sword Boomerang+1","floor":47},{"not_picked":["Thunderclap+1","Second Wind"],"picked":"Pommel Strike+1","floor":48}],"player_experience":151507,"relics_obtained":[{"floor":7.0,"key":"Red Skull"},{"floor":9.0,"key":"Shuriken"},{"floor":12.0,"key":"Happy Flower"},{"floor":22,"key":"Enchiridion"},{"floor":23,"key":"Pear"},{"floor":26,"key":"Meat on the Bone"},{"floor":30,"key":"Blood Vial"},{"floor":43,"key":"Molten Egg 2"},{"floor":47,"key":"Boot"}],"event_choices":[{"damage_healed":0.0,"max_hp_gain":0.0,"max_hp_loss":0.0,"gold_gain":0.0,"event_name":"Golden Idol","player_choice":"Take Damage","floor":3.0,"gold_loss":0.0,"damage_taken":18.0,"relics_obtained":["Golden Idol"]},{"damage_healed":0.0,"max_hp_gain":0.0,"max_hp_loss":0.0,"gold_gain":75.0,"event_name":"World of Goop","player_choice":"Gather Gold","floor":4.0,"gold_loss":0.0,"damage_taken":11.0},{"damage_healed":0.0,"max_hp_gain":0.0,"max_hp_loss":0.0,"gold_gain":0.0,"event_name":"Liars Game","player_choice":"Ignored","floor":5.0,"gold_loss":0.0,"damage_taken":0.0},{"damage_healed":0,"gold_gain":0,"player_choice":"Became a Ghost","damage_taken":0,"max_hp_gain":0,"max_hp_loss":36,"event_name":"Ghosts","floor":19,"gold_loss":0,"cards_obtained":["Ghostly","Ghostly","Ghostly","Ghostly","Ghostly"]},{"cards_removed":["Strike_R"],"damage_healed":0,"gold_gain":0,"player_choice":"Gave Gold","damage_taken":0,"max_hp_gain":0,"max_hp_loss":0,"event_name":"Beggar","floor":21,"gold_loss":75},{"damage_healed":0,"gold_gain":0,"player_choice":"Obtained Book","damage_taken":16,"max_hp_gain":0,"max_hp_loss":0,"event_name":"Cursed Tome","floor":22,"gold_loss":0},{"cards_removed":["Reaper"],"damage_healed":0,"gold_gain":0,"player_choice":"Offered Rare","damage_taken":0,"max_hp_gain":10,"max_hp_loss":0,"event_name":"Bonfire Elementals","floor":36,"gold_loss":0},{"cards_removed":["Inflame"],"damage_healed":0,"gold_gain":0,"player_choice":"Removed Power","damage_taken":0,"max_hp_gain":0,"max_hp_loss":0,"event_name":"Falling","floor":38,"gold_loss":0},{"damage_healed":0,"gold_gain":0,"player_choice":"Memory 3","damage_taken":10,"max_hp_gain":0,"max_hp_loss":0,"event_name":"SensoryStone","floor":41,"gold_loss":0},{"damage_healed":0,"gold_gain":275,"player_choice":"Desecrate","damage_taken":0,"max_hp_gain":0,"max_hp_loss":0,"event_name":"Golden Shrine","floor":44,"gold_loss":0,"cards_obtained":["Regret"]}],"is_beta":false,"boss_relics":[{"not_picked":["Tiny House","Black Star"],"picked":"Cursed Key"},{"not_picked":["Calling Bell","Coffee Dripper"],"picked":"Astrolabe"}],"items_purged_floors":[14,20,45],"is_endless":false,"potions_floor_spawned":[1,13,18,23,33,39],"ascension_level":10}