{"gold_per_floor":[110,185,205,205,271,281,155,155,155,155,166,178,178,189,189,189],"floor_reached":16,"playtime":277,"items_purged":["Defend_R"],"score":94,"play_id":"4fb802c2-27c1-46a0-b4db-3da992871cd3","local_time":"20181215130437","is_ascension_mode":false,"campfire_choices":[{"data":"Clash","floor":8,"key":"SMITH"},{"data":"Uppercut","floor":10,"key":"SMITH"},{"data":"Offering","floor":13,"key":"SMITH"},{"floor":15,"key":"REST"}],"neow_cost":"NONE","seed_source_timestamp":152529833155410,"circlet_count":0,"master_deck":["Strike_R","Strike_R","Strike_R","Strike_R","Strike_R","Defend_R","Defend_R","Defend_R","Bash","Uppercut+1","Whirlwind","Twin Strike","Clothesline","Clash+1","Flex","Offering+1","Cleave"],"relics":["Burning Blood","NeowsBlessing","SsserpentHead","Blue Candle"],"potions_floor_usage":[],"damage_taken":[{"damage":0,"enemies":"2 Louse","floor":1,"turns":1},{"damage":0,"enemies":"Cultist","floor":3,"turns":1},{"damage":0,"enemies":"Small Slimes","floor":5,"turns":1},{"damage":33,"enemies":"Exordium Thugs","floor":6,"turns":5},{"damage":0,"enemies":"Blue Slaver","floor":11,"turns":1},{"damage":5,"enemies":"3 Louse","floor":12,"turns":2},{"damage":8,"enemies":"Lots of Slimes","floor":14,"turns":2},{"damage":0,"enemies":"Slime Boss","floor":16,"turns":1}],"seed_played":"-8038869520296148448","potions_obtained":[{"floor":1,"key":"Energy Potion"},{"floor":3,"key":"Swift Potion"},{"floor":5,"key":"BloodPotion"},{"floor":6,"key":"Regen Potion"}],"is_trial":false,"path_per_floor":["M","?","M","?","M","M","$","R","T","R","M","M","R","M","R","B"],"character_chosen":"IRONCLAD","items_purchased":["Clash"],"campfire_rested":1,"item_purchase_floors":[7],"current_hp_per_floor":[80,69,75,75,80,53,53,53,53,53,59,60,60,58,80,80],"gold":189,"neow_bonus":"THREE_ENEMY_KILL","is_prod":false,"is_daily":false,"chose_seed":false,"campfire_upgraded":3,"win_rate":0,"timestamp":1544907877,"path_taken":["M","?","M","?","?","M","$","R","T","R","M","M","R","M","R","BOSS"],"build_version":"2018-12-13","purchased_purges":1,"victory":false,"max_hp_per_floor":[80,80,80,80,80,80,80,80,80,80,80,80,80,80,80,80],"card_choices":[{"not_picked":["Armaments","Corruption"],"picked":"Uppercut","floor":1},{"not_picked":["Headbutt","Shrug It Off"],"picked":"Whirlwind","floor":3},{"not_picked":["Shrug It Off","Whirlwind"],"picked":"Twin Strike","floor":5},{"not_picked":["Shrug It Off","Metallicize"],"picked":"Clothesline","floor":6},{"not_picked":["Battle Trance","Anger"],"picked":"Flex","floor":11},{"not_picked":["Perfected Strike","Iron Wave"],"picked":"Offering","floor":12},{"not_picked":["Carnage","Shrug It Off"],"picked":"Cleave","floor":14}],"player_experience":1047515,"relics_obtained":[{"floor":9,"key":"Blue Candle"}],"event_choices":[{"damage_healed":0,"gold_gain":75,"player_choice":"Gather Gold","damage_taken":11,"max_hp_gain":0,"max_hp_loss":0,"event_name":"World of Goop","floor":2,"gold_loss":0},{"damage_healed":0,"gold_gain":0,"player_choice":"Trade","damage_taken":0,"relics_obtained":["SsserpentHead"],"max_hp_gain":0,"max_hp_loss":0,"event_name":"FaceTrader","floor":4,"gold_loss":0}],"is_beta":false,"boss_relics":[],"items_purged_floors":[7],"is_endless":false,"potions_floor_spawned":[1,3,5,6],"killed_by":"Slime Boss","ascension_level":0}