{"gold_per_floor":[111,124,199,216,216,245,245,21,46,80,95,95,124,136,136,232,232,243,143,161,190,204,237,237,251,331,342,265,281,281,281,281,378,378,395,410,410,89,100,100,112,38,38,38,38,64,64,78,78,78],"floor_reached":50,"playtime":7205,"items_purged":["Strike_R","Strike_R","Strike_R"],"score":537,"play_id":"44072eb0-55c8-47bd-b4b7-c74309678282","local_time":"20180726201606","is_ascension_mode":false,"campfire_choices":[{"data":"Corruption","floor":7,"key":"SMITH"},{"data":"Anger","floor":12,"key":"SMITH"},{"data":"Inflame","floor":15,"key":"SMITH"},{"data":"Bash","floor":24,"key":"SMITH"},{"data":"J.A.X.","floor":30,"key":"SMITH"},{"data":"Brutality","floor":32,"key":"SMITH"},{"data":"Anger","floor":40,"key":"SMITH"},{"data":"Hemokinesis","floor":44,"key":"SMITH"},{"floor":47,"key":"DIG"},{"floor":49,"key":"DIG"}],"neow_cost":"","seed_source_timestamp":326964601609892,"circlet_count":0,"master_deck":["Strike_R","Strike_R","Defend_R","Defend_R","Defend_R","Bash+1","Corruption+1","Anger+1","Clash","Reaper","Inflame+1","Limit Break","Shrug It Off+1","Armaments+1","Brutality+1","Combust+1","J.A.X.+1","Seeing Red","Double Tap","Shrug It Off+1","Inflame","Bloodletting","Shrug It Off+1","Anger+1","Pummel","Pommel Strike+1","Hemokinesis+1","Feel No Pain+1","Bloodletting"],"relics":["Burning Blood","Art of War","Lantern","Bag of Preparation","Gremlin Horn","Gambling Chip","Runic Cube","Red Mask","Turnip","Kunai","Orrery","Medical Kit","Darkstone Periapt","Shovel","Juzu Bracelet","Vajra","Pear"],"potions_floor_usage":[16,16,50,50],"damage_taken":[{"damage":6,"enemies":"Cultist","floor":1,"turns":3},{"damage":5,"enemies":"Small Slimes","floor":2,"turns":4},{"damage":11,"enemies":"Jaw Worm","floor":4,"turns":2},{"damage":33,"enemies":"3 Sentries","floor":6,"turns":8},{"damage":6,"enemies":"Gremlin Nob","floor":10,"turns":3},{"damage":7,"enemies":"Blue Slaver","floor":11,"turns":3},{"damage":21,"enemies":"Lagavulin","floor":13,"turns":5},{"damage":0,"enemies":"Exordium Wildlife","floor":14,"turns":2},{"damage":49,"enemies":"The Guardian","floor":16,"turns":6},{"damage":17,"enemies":"Shell Parasite","floor":18,"turns":4},{"damage":0,"enemies":"Spheric Guardian","floor":20,"turns":3},{"damage":0,"floor":21,"turns":2},{"damage":1,"enemies":"Centurion and Healer","floor":22,"turns":3},{"damage":17,"enemies":"Gremlin Leader","floor":23,"turns":4},{"damage":15,"enemies":"3 Cultists","floor":25,"turns":4},{"damage":12,"enemies":"Cultist and Chosen","floor":27,"turns":5},{"damage":7,"enemies":"Snecko","floor":29,"turns":3},{"damage":19,"enemies":"Collector","floor":33,"turns":4},{"damage":10,"enemies":"Flame Bruiser 1 Orb","floor":35,"turns":4},{"damage":11,"enemies":"Orb Walker","floor":36,"turns":2},{"damage":10,"enemies":"4 Shapes","floor":39,"turns":3},{"damage":10,"enemies":"Sphere and 2 Shapes","floor":41,"turns":3},{"damage":10,"floor":45,"turns":4},{"damage":55,"enemies":"2 Orb Walkers","floor":46,"turns":4},{"damage":10,"enemies":"Transient","floor":48,"turns":5},{"damage":94,"enemies":"Awakened One","floor":50,"turns":7}],"seed_played":"6081933666436780185","potions_obtained":[{"floor":1,"key":"LiquidBronze"},{"floor":6,"key":"GamblersBrew"},{"floor":11,"key":"Fire Potion"},{"floor":13,"key":"Poison Potion"},{"floor":20,"key":"SteroidPotion"},{"floor":23,"key":"EssenceOfSteel"},{"floor":36,"key":"Weak Potion"},{"floor":45,"key":"EssenceOfSteel"},{"floor":48,"key":"Energy Potion"}],"is_trial":false,"path_per_floor":["M","M","?","M","?","E","R","$","T","E","M","R","E","M","R","B",null,"M","$","M","?","M","E","R","M","T","M","?","M","R","?","R","B",null,"M","M","?","$","M","R","M","$","T","R","?","E","R","M","R"],"character_chosen":"IRONCLAD","items_purchased":["Lantern","Medical Kit","Hemokinesis"],"campfire_rested":0,"item_purchase_floors":[8,38,42],"current_hp_per_floor":[80,80,69,64,69,42,42,42,42,42,45,45,36,46,46,10,85,81,81,85,85,85,85,85,76,76,79,79,78,78,78,78,72,85,85,80,80,80,85,85,85,85,85,85,85,56,56,76,86,0],"gold":78,"neow_bonus":"","is_prod":false,"is_daily":false,"chose_seed":false,"campfire_upgraded":8,"win_rate":0,"timestamp":1532661366,"path_taken":["M","M","?","M","?","E","R","$","T","E","M","R","E","M","R","BOSS","M","$","M","?","M","E","R","M","T","?","?","M","R","?","R","BOSS","M","M","?","$","M","R","M","$","T","R","?","E","R","M","R","BOSS"],"build_version":"2018-07-26","purchased_purges":3,"victory":false,"max_hp_per_floor":[80,80,80,80,85,85,85,85,85,85,85,85,85,85,85,85,85,85,85,85,85,85,85,85,85,85,85,85,85,85,85,85,85,85,85,85,85,85,85,85,85,85,85,85,85,85,85,85,95,95],"card_choices":[{"not_picked":["Twin Strike","Iron Wave"],"picked":"Corruption","floor":1},{"not_picked":["Pommel Strike","Battle Trance"],"picked":"Anger","floor":2},{"not_picked":["Hemokinesis","Pummel"],"picked":"Clash","floor":4},{"not_picked":["Wild Strike","Heavy Blade","Whirlwind"],"picked":"SKIP","floor":6},{"not_picked":["Warcry","Heavy Blade"],"picked":"Reaper","floor":10},{"not_picked":["Armaments","Dropkick","Infernal Blade"],"picked":"SKIP","floor":11},{"not_picked":["Sword Boomerang","True Grit","Perfected Strike"],"picked":"SKIP","floor":13},{"not_picked":["Rupture","Rage"],"picked":"Inflame","floor":14},{"not_picked":["Impervious","Reaper"],"picked":"Limit Break","floor":16},{"not_picked":["Second Wind+1","Battle Trance+1"],"picked":"Shrug It Off+1","floor":18},{"not_picked":["Headbutt","Flex+1"],"picked":"Armaments+1","floor":20},{"not_picked":["Sword Boomerang+1","True Grit"],"picked":"Brutality","floor":22},{"not_picked":["Headbutt+1","Wild Strike+1","Fiend Fire"],"picked":"SKIP","floor":23},{"not_picked":["Blood for Blood","Wild Strike+1","Heavy Blade"],"picked":"SKIP","floor":25},{"not_picked":["Reckless Charge+1","Perfected Strike"],"picked":"Combust+1","floor":27},{"not_picked":["Combust","Seeing Red","Headbutt"],"picked":"SKIP","floor":29},{"not_picked":["Fiend Fire","Demon Form"],"picked":"Double Tap","floor":33},{"not_picked":["Corruption+1","Wild Strike"],"picked":"Shrug It Off+1","floor":34},{"not_picked":["Power Through+1","Sword Boomerang"],"picked":"Inflame","floor":34},{"not_picked":["Inflame","Perfected Strike"],"picked":"Bloodletting","floor":34},{"not_picked":["Cleave","Flex"],"picked":"Shrug It Off+1","floor":34},{"not_picked":["Dual Wield+1","Clothesline+1"],"picked":"Anger","floor":35},{"not_picked":["Body Slam","Sever Soul+1"],"picked":"Pummel","floor":36},{"not_picked":["Clothesline","Ghostly Armor","Reaper"],"picked":"SKIP","floor":39},{"not_picked":["Flex","Dual Wield"],"picked":"Pommel Strike+1","floor":41},{"not_picked":["Cleave","Clothesline"],"picked":"Feel No Pain+1","floor":45},{"not_picked":["Spot Weakness","Carnage","Headbutt+1"],"picked":"SKIP","floor":46},{"not_picked":["Wild Strike","Seeing Red+1"],"picked":"Bloodletting","floor":48}],"player_experience":546573,"relics_obtained":[{"floor":6,"key":"Art of War"},{"floor":9,"key":"Bag of Preparation"},{"floor":10,"key":"Gremlin Horn"},{"floor":13,"key":"Gambling Chip"},{"floor":21,"key":"Red Mask"},{"floor":23,"key":"Turnip"},{"floor":26,"key":"Kunai"},{"floor":43,"key":"Darkstone Periapt"},{"floor":45,"key":"Shovel"},{"floor":46,"key":"Juzu Bracelet"},{"floor":47,"key":"Vajra"},{"floor":49,"key":"Pear"}],"event_choices":[{"event_name":"World of Goop","player_choice":"Gather Gold","floor":3,"damage_taken":0},{"event_name":"Big Fish","player_choice":"Donut","floor":5,"damage_taken":0},{"event_name":"Masked Bandits","player_choice":"Fought over 161 gold","floor":21,"damage_taken":0},{"event_name":"Drug Dealer","player_choice":"Got JAXXED","floor":28,"damage_taken":0},{"event_name":"Match and Keep!","player_choice":"1 cards matched","floor":31,"damage_taken":0},{"event_name":"Falling","player_choice":"Removed Skill","floor":37,"damage_taken":0},{"event_name":"MindBloom","player_choice":"Fight","floor":45,"damage_taken":0}],"is_beta":false,"boss_relics":[{"not_picked":["Busted Crown","Snecko Eye"],"picked":"Runic Cube"},{"not_picked":["Astrolabe","Tiny House"],"picked":"Orrery"}],"items_purged_floors":[8,19,38],"is_endless":false,"potions_floor_spawned":[1,6,11,13,20,23,25,33,36,39,45,48],"killed_by":"Awakened One","ascension_level":0}