{"gold_per_floor":[116,116,133,143,143,187,199,211,299,311,323,335,357,369,381,393],"floor_reached":16,"playtime":1227,"items_purged":[],"score":147,"play_id":"2d42e262-07e1-45a8-aaee-4a720142e6e8","local_time":"20190701134701","is_ascension_mode":true,"campfire_choices":[{"data":"Inflame","floor":7,"key":"SMITH"},{"data":"Feel No Pain","floor":11,"key":"SMITH"},{"floor":15,"key":"REST"}],"neow_cost":"NONE","seed_source_timestamp":69791039279388,"circlet_count":0,"master_deck":["AscendersBane","Strike_R","Strike_R","Strike_R","Strike_R+1","Defend_R","Defend_R","Defend_R","Defend_R+1","Bash","Feel No Pain+1","True Grit","Inflame+1","Battle Trance"],"special_seed":0,"relics":["Burning Blood","NeowsBlessing","MawBank","Red Skull","The Courier","GremlinMask"],"potions_floor_usage":[6,6,16],"damage_taken":[{"damage":0.0,"enemies":"Jaw Worm","floor":1.0,"turns":1.0},{"damage":0.0,"enemies":"Small Slimes","floor":3.0,"turns":2.0},{"damage":0.0,"enemies":"2 Louse","floor":4.0,"turns":1.0},{"damage":34,"enemies":"Gremlin Nob","floor":6,"turns":5},{"damage":1,"enemies":"Blue Slaver","floor":13,"turns":4},{"damage":70,"enemies":"Hexaghost","floor":16,"turns":14}],"seed_played":"-5379932058329000626","potions_obtained":[{"floor":1.0,"key":"Poison Potion"},{"floor":3.0,"key":"BloodPotion"},{"floor":4.0,"key":"Poison Potion"}],"is_trial":false,"path_per_floor":["M","?","M","M","?","E","R","?","T","$","R","?","M","?","R","B"],"character_chosen":"IRONCLAD","items_purchased":[],"campfire_rested":1,"item_purchase_floors":[],"current_hp_per_floor":[78,78,80,80,73,45,45,29,29,29,29,29,34,34,58,0],"gold":393,"neow_bonus":"THREE_ENEMY_KILL","is_prod":false,"is_daily":false,"chose_seed":false,"campfire_upgraded":2,"win_rate":0,"timestamp":1562003221,"path_taken":["M","?","M","M","?","E","R","?","T","?","R","?","?","?","R","BOSS"],"build_version":"2019-01-23","purchased_purges":0,"victory":false,"max_hp_per_floor":[80,80,80,80,80,80,80,80,80,80,80,80,80,80,80,80],"card_choices":[{"not_picked":["Clash","Power Through","Cleave"],"picked":"SKIP","floor":1.0},{"not_picked":["Reckless Charge","Shrug It Off"],"picked":"Feel No Pain","floor":3.0},{"not_picked":["Cleave","Thunderclap"],"picked":"True Grit","floor":4.0},{"not_picked":["Reckless Charge","Armaments"],"picked":"Inflame","floor":6},{"not_picked":["Uppercut","Power Through"],"picked":"Battle Trance","floor":13}],"player_experience":150280,"relics_obtained":[{"floor":6,"key":"Red Skull"},{"floor":9,"key":"The Courier"}],"event_choices":[{"cards_removed":["Strike_R"],"damage_healed":0.0,"max_hp_gain":0.0,"max_hp_loss":0.0,"gold_gain":0.0,"event_name":"Living Wall","player_choice":"Forget","floor":2.0,"gold_loss":0.0,"damage_taken":0.0},{"damage_healed":0.0,"max_hp_gain":0.0,"max_hp_loss":0.0,"gold_gain":0.0,"event_name":"Scrap Ooze","player_choice":"Success","floor":5.0,"gold_loss":0.0,"damage_taken":7.0,"relics_obtained":["MawBank"]},{"damage_healed":0,"gold_gain":0,"player_choice":"Entered Light","damage_taken":16,"max_hp_gain":0,"max_hp_loss":0,"event_name":"Shining Light","floor":8,"gold_loss":0,"cards_upgraded":["Defend_R","Strike_R"]},{"damage_healed":0,"gold_gain":0,"player_choice":"Trade","damage_taken":0,"relics_obtained":["GremlinMask"],"max_hp_gain":0,"max_hp_loss":0,"event_name":"FaceTrader","floor":12,"gold_loss":0},{"damage_healed":0,"gold_gain":0,"player_choice":"Ignored","damage_taken":0,"max_hp_gain":0,"max_hp_loss":0,"event_name":"Liars Game","floor":14,"gold_loss":0}],"is_beta":false,"boss_relics":[],"items_purged_floors":[],"is_endless":false,"potions_floor_spawned":[1,3,4],"killed_by":"Hexaghost","ascension_level":10}