{"gold_per_floor":[111,111,124,46,0,20,20,20,20,20,49,61,75,103,103,199,199,219,0,0,0,0],"floor_reached":22,"playtime":1075,"items_purged":[],"score":217,"play_id":"d301997d-7a54-4fe8-9611-eed94a5fe9c3","local_time":"20190814141216","is_ascension_mode":false,"campfire_choices":[{"data":"Dualcast","floor":7,"key":"SMITH"},{"floor":15,"key":"REST"}],"neow_cost":"NONE","seed_source_timestamp":13307131166400,"circlet_count":0,"master_deck":["Defend_B","Defend_B","Defend_B","Defend_B","Zap","Dualcast+1","All For One","Defragment","Ball Lightning","Chill","Gash","Beam Cell","White Noise","Turbo","Creative AI","Redo+1","Bite","Bite","Bite","Bite","Bite"],"relics":["Cracked Core","Oddly Smooth Stone","Girya","Pen Nib","Inserter"],"potions_floor_usage":[16,16],"damage_taken":[{"damage":5,"enemies":"Small Slimes","floor":1,"turns":3},{"damage":3,"enemies":"Jaw Worm","floor":3,"turns":3},{"damage":0,"enemies":"2 Louse","floor":6,"turns":3},{"damage":17,"enemies":"Lagavulin","floor":11,"turns":6},{"damage":9,"enemies":"Gremlin Gang","floor":12,"turns":5},{"damage":1,"enemies":"2 Fungi Beasts","floor":13,"turns":3},{"damage":16,"enemies":"Gremlin Nob","floor":14,"turns":3},{"damage":15,"enemies":"Hexaghost","floor":16,"turns":8},{"damage":46,"enemies":"Spheric Guardian","floor":18,"turns":8},{"damage":36,"enemies":"3 Byrds","floor":22,"turns":3}],"seed_played":"-3555519443439597404","potions_obtained":[{"floor":1,"key":"SpeedPotion"},{"floor":11,"key":"Poison Potion"},{"floor":13,"key":"FocusPotion"},{"floor":14,"key":"PowerPotion"},{"floor":16,"key":"FearPotion"},{"floor":18,"key":"SpeedPotion"}],"is_trial":false,"path_per_floor":["M","?","M","$","?","M","R","$","T","?","E","M","M","E","R","B",null,"M","?","?","?","M"],"character_chosen":"DEFECT","items_purchased":["Chill"],"campfire_rested":1,"item_purchase_floors":[4],"current_hp_per_floor":[70,63,60,60,60,60,60,60,60,60,43,34,33,17,39,24,75,29,29,29,29,0],"gold":0,"neow_bonus":"ONE_RANDOM_RARE_CARD","is_prod":false,"is_daily":false,"chose_seed":false,"campfire_upgraded":1,"win_rate":0.0,"timestamp":1565763136,"path_taken":["M","?","M","$","?","M","R","?","T","?","E","M","?","E","R","BOSS","M","?","?","?","?"],"build_version":"2019-07-17","purchased_purges":0,"victory":false,"max_hp_per_floor":[75,75,75,75,75,75,75,75,75,75,75,75,75,75,75,75,75,75,75,75,52,52],"card_choices":[{"not_picked":["Hologram","Cold Snap"],"picked":"Defragment","floor":1},{"not_picked":["Beam Cell","Darkness"],"picked":"Ball Lightning","floor":3},{"not_picked":["Steam","Sunder"],"picked":"Gash","floor":6},{"not_picked":["Darkness","Barrage"],"picked":"Beam Cell","floor":11},{"not_picked":["Beam Cell","Rip and Tear","Aggregate"],"picked":"SKIP","floor":12},{"not_picked":["Multi-Cast","Genetic Algorithm"],"picked":"White Noise","floor":13},{"not_picked":["Stack","Beam Cell"],"picked":"Turbo","floor":14},{"not_picked":["Core Surge","Rainbow"],"picked":"Creative AI","floor":16},{"not_picked":["Streamline","Sweeping Beam+1"],"picked":"Redo+1","floor":18}],"player_experience":128184,"relics_obtained":[{"floor":9,"key":"Oddly Smooth Stone"},{"floor":11,"key":"Girya"},{"floor":14,"key":"Pen Nib"}],"event_choices":[{"cards_removed":["Strike_B"],"damage_healed":0,"gold_gain":0,"player_choice":"Card Removal","damage_taken":7,"max_hp_gain":0,"max_hp_loss":0,"event_name":"Golden Wing","floor":2,"gold_loss":0},{"damage_healed":0,"gold_gain":0,"player_choice":"Left Gold","damage_taken":0,"max_hp_gain":0,"max_hp_loss":0,"event_name":"World of Goop","floor":5,"gold_loss":46},{"damage_healed":0,"gold_gain":0,"player_choice":"Ignored","damage_taken":0,"max_hp_gain":0,"max_hp_loss":0,"event_name":"NoteForYourself","floor":10,"gold_loss":0},{"damage_healed":0,"gold_gain":0,"player_choice":"Paid Fearfully","damage_taken":0,"max_hp_gain":0,"max_hp_loss":0,"event_name":"Masked Bandits","floor":19,"gold_loss":219},{"cards_removed":["Strike_B"],"damage_healed":0,"gold_gain":0,"player_choice":"Elegance","damage_taken":0,"max_hp_gain":0,"max_hp_loss":0,"event_name":"Back to Basics","floor":20,"gold_loss":0},{"damage_healed":0,"gold_gain":0,"player_choice":"Became a vampire","damage_taken":0,"max_hp_gain":0,"max_hp_loss":23,"event_name":"Vampires","floor":21,"gold_loss":0,"cards_obtained":["Bite","Bite","Bite","Bite","Bite"]}],"is_beta":false,"boss_relics":[{"not_picked":["Black Star","Nuclear Battery"],"picked":"Inserter"}],"items_purged_floors":[],"is_endless":false,"potions_floor_spawned":[1,11,13,14,16,18],"killed_by":"3 Byrds","ascension_level":0}