{"gold_per_floor":[119,119,119,8,22,22,22,61,133,133,133,176,176,251,251,382,382,396,396,411,429,447,447,447],"floor_reached":24,"playtime":2396,"items_purged":["Strike_R"],"score":232,"play_id":"d6e7a559-5ad5-475f-a7f6-63f5c199322b","local_time":"20190602205510","is_ascension_mode":true,"campfire_choices":[{"data":"Metallicize","floor":6,"key":"SMITH"},{"data":"Armaments","floor":10,"key":"SMITH"},{"floor":11,"key":"REST"},{"data":"Body Slam","floor":13,"key":"SMITH"},{"data":"Ghostly Armor","floor":15,"key":"SMITH"},{"data":"Armaments","floor":23,"key":"SMITH"}],"neow_cost":"PERCENT_DAMAGE","seed_source_timestamp":686197527021151,"circlet_count":0,"master_deck":["Strike_R","Strike_R","Defend_R","Defend_R","Defend_R","Defend_R","Bash","Juggernaut","Body Slam+1","Metallicize+1","Armaments+1","Ghostly Armor+1","Impervious","Armaments+1","Shrug It Off","Shrug It Off","Dual Wield+1"],"relics":["Burning Blood","Golden Idol","Sundial","WingedGreaves","Gremlin Horn","Lantern","Eternal Feather"],"potions_floor_usage":[12,22,24,24],"damage_taken":[{"damage":10,"enemies":"2 Louse","floor":1,"turns":3},{"damage":0,"enemies":"Jaw Worm","floor":5,"turns":5},{"damage":7,"enemies":"Lagavulin","floor":8,"turns":6},{"damage":12,"enemies":"Gremlin Nob","floor":12,"turns":4},{"damage":12,"enemies":"The Guardian","floor":16,"turns":8},{"damage":0,"enemies":"Shell Parasite","floor":18,"turns":6},{"damage":10,"enemies":"Spheric Guardian","floor":20,"turns":4},{"damage":20,"enemies":"Snake Plant","floor":21,"turns":4},{"damage":6,"enemies":"Shelled Parasite and Fungi","floor":22,"turns":5},{"damage":101,"enemies":"Gremlin Leader","floor":24,"turns":6}],"seed_played":"2694327718424555412","potions_obtained":[{"floor":5,"key":"Energy Potion"},{"floor":16,"key":"Regen Potion"},{"floor":18,"key":"Block Potion"},{"floor":21,"key":"SpeedPotion"}],"is_trial":false,"path_per_floor":["M","?","T","$","M","R","?","E","T","R","R","E","R","?","R","B",null,"M","?","M","M","M","R","E"],"character_chosen":"IRONCLAD","items_purchased":["Metallicize"],"campfire_rested":1,"item_purchase_floors":[4],"current_hp_per_floor":[52,32,32,32,38,38,31,30,30,30,54,48,48,37,37,31,80,80,80,76,62,62,71,0],"gold":447,"neow_bonus":"THREE_RARE_CARDS","is_prod":false,"is_daily":false,"chose_seed":false,"campfire_upgraded":5,"win_rate":0,"timestamp":1559523310,"path_taken":["M","?","?","$","?","R","?","E","T","R","R","E","R","?","R","BOSS","M","?","M","M","?","R","E"],"build_version":"2019-01-23","purchased_purges":1,"victory":false,"max_hp_per_floor":[80,80,80,80,80,80,80,80,80,80,80,80,80,80,80,80,80,80,80,80,80,80,80,80],"card_choices":[{"not_picked":["Dark Embrace","Brutality"],"picked":"Juggernaut","floor":0},{"not_picked":["Shrug It Off","Flame Barrier"],"picked":"Body Slam","floor":1},{"not_picked":["Havoc","Corruption","Cleave"],"picked":"SKIP","floor":5},{"not_picked":["Havoc","Sever Soul"],"picked":"Armaments","floor":8},{"not_picked":["Spot Weakness","Evolve"],"picked":"Ghostly Armor","floor":12},{"not_picked":["Exhume","Feed"],"picked":"Impervious","floor":16},{"not_picked":["Iron Wave","Anger"],"picked":"Armaments","floor":18},{"not_picked":["Clash","Second Wind+1"],"picked":"Shrug It Off","floor":20},{"not_picked":["Second Wind","Perfected Strike"],"picked":"Shrug It Off","floor":21},{"not_picked":["Flex","Bloodletting"],"picked":"Dual Wield+1","floor":22}],"player_experience":38747,"relics_obtained":[{"floor":3,"key":"Sundial"},{"floor":8,"key":"WingedGreaves"},{"floor":9,"key":"Gremlin Horn"},{"floor":12,"key":"Lantern"}],"event_choices":[{"damage_healed":0,"gold_gain":0,"player_choice":"Take Damage","damage_taken":20,"relics_obtained":["Golden Idol"],"max_hp_gain":0,"max_hp_loss":0,"event_name":"Golden Idol","floor":2,"gold_loss":0},{"cards_removed":["Strike_R"],"damage_healed":0,"gold_gain":0,"player_choice":"Card Removal","damage_taken":7,"max_hp_gain":0,"max_hp_loss":0,"event_name":"Golden Wing","floor":7,"gold_loss":0},{"damage_healed":0,"gold_gain":75,"player_choice":"Gather Gold","damage_taken":11,"max_hp_gain":0,"max_hp_loss":0,"event_name":"World of Goop","floor":14,"gold_loss":0},{"cards_removed":["Strike_R"],"damage_healed":0,"gold_gain":0,"player_choice":"Offered Basic","damage_taken":0,"max_hp_gain":0,"max_hp_loss":0,"event_name":"Bonfire Elementals","floor":19,"gold_loss":0}],"is_beta":false,"boss_relics":[{"not_picked":["Fusion Hammer","Runic Cube"],"picked":"Eternal Feather"}],"items_purged_floors":[4],"is_endless":false,"potions_floor_spawned":[5,16,18,21],"killed_by":"Gremlin Leader","ascension_level":3}