{"gold_per_floor":[112,14,14,29,45,45,60,80,107,107,119,130,165,178,178,274,274,293,309,309,321,339,339,264,264,290,290,119,147,147],"floor_reached":30,"playtime":1433,"items_purged":["Strike_R","Defend_R+1"],"score":343,"play_id":"5bc1563f-6186-4a0e-88b5-5f340d5365ae","local_time":"20180807151822","is_ascension_mode":true,"campfire_choices":[{"data":"Demon Form","floor":6,"key":"SMITH"},{"floor":10,"key":"REST"},{"floor":15,"key":"REST"},{"data":"Limit Break","floor":23,"key":"SMITH"},{"data":"Pommel Strike","floor":25,"key":"SMITH"},{"floor":27,"key":"REST"}],"neow_cost":"FIFTY_PERCENT_DAMAGE","seed_source_timestamp":529372841705922,"circlet_count":0,"master_deck":["Strike_R","Strike_R","Strike_R","Defend_R","Defend_R","Defend_R","Bash","Demon Form+1","Sword Boomerang","Pommel Strike+1","Shrug It Off+1","Offering","Limit Break+1","Sword Boomerang","Whirlwind","Twin Strike","Reaper","Rupture+1"],"relics":["Burning Blood","Centennial Puzzle","War Paint","Sozu","Red Skull","Pen Nib","Happy Flower"],"potions_floor_usage":[13,13,13,16],"damage_taken":[{"damage":1,"enemies":"Cultist","floor":1,"turns":4},{"damage":10,"enemies":"Small Slimes","floor":4,"turns":3},{"damage":7,"enemies":"Jaw Worm","floor":5,"turns":4},{"damage":15,"enemies":"Large Slime","floor":7,"turns":8},{"damage":11,"enemies":"Blue Slaver","floor":8,"turns":5},{"damage":22,"enemies":"Gremlin Gang","floor":11,"turns":5},{"damage":15,"enemies":"2 Fungi Beasts","floor":12,"turns":3},{"damage":12,"enemies":"Gremlin Nob","floor":13,"turns":4},{"damage":14,"enemies":"Large Slime","floor":14,"turns":6},{"damage":22,"enemies":"Hexaghost","floor":16,"turns":6},{"damage":5,"enemies":"3 Byrds","floor":18,"turns":5},{"damage":5,"enemies":"Spheric Guardian","floor":19,"turns":2},{"damage":10,"enemies":"3 Cultists","floor":21,"turns":3},{"damage":34,"enemies":"Snake Plant","floor":22,"turns":4},{"damage":72,"enemies":"Slavers","floor":29,"turns":4},{"damage":28,"enemies":"Slaver and Parasite","floor":30,"turns":2}],"seed_played":"-7035258381738885824","potions_obtained":[{"floor":5,"key":"SkillPotion"},{"floor":8,"key":"Weak Potion"},{"floor":11,"key":"Explosive Potion"},{"floor":14,"key":"AttackPotion"}],"is_trial":false,"path_per_floor":["M","$","?","M","M","R","M","M","T","R","M","M","E","M","R","B",null,"M","M","?","M","M","R","?","R","T","R","$","E"],"character_chosen":"IRONCLAD","items_purchased":["Pommel Strike","Reaper"],"campfire_rested":3,"item_purchase_floors":[2,28],"current_hp_per_floor":[41,41,41,37,36,36,27,22,22,46,30,21,15,7,31,15,64,65,66,66,62,34,34,34,34,34,58,58,28,0],"gold":147,"neow_bonus":"THREE_RARE_CARDS","is_prod":false,"is_daily":false,"chose_seed":false,"campfire_upgraded":3,"win_rate":0,"timestamp":1533680302,"path_taken":["M","?","?","M","M","R","M","M","T","R","M","M","E","M","R","BOSS","M","M","?","M","M","R","?","R","T","R","$","E","M"],"build_version":"2018-08-02","purchased_purges":2,"victory":false,"max_hp_per_floor":[80,80,80,80,80,80,80,80,80,80,80,80,80,80,80,80,80,80,80,80,80,80,80,80,80,80,80,80,80,80],"card_choices":[{"not_picked":["Bludgeon","Limit Break"],"picked":"Demon Form","floor":0},{"not_picked":["Perfected Strike","Twin Strike"],"picked":"Sword Boomerang","floor":1},{"not_picked":["Blood for Blood","Body Slam"],"picked":"Shrug It Off","floor":4},{"not_picked":["Evolve","Feel No Pain","Body Slam"],"picked":"SKIP","floor":5},{"not_picked":["Headbutt","Havoc","Fire Breathing"],"picked":"SKIP","floor":7},{"not_picked":["Havoc","Clash","Sever Soul"],"picked":"SKIP","floor":8},{"not_picked":["Corruption","Dual Wield","Blood for Blood"],"picked":"SKIP","floor":11},{"not_picked":["Blood for Blood","Twin Strike"],"picked":"Offering","floor":12},{"not_picked":["Pommel Strike","Headbutt","Clothesline"],"picked":"SKIP","floor":13},{"not_picked":["Thunderclap","Feel No Pain"],"picked":"Twin Strike","floor":14},{"not_picked":["Double Tap","Barricade"],"picked":"Limit Break","floor":16},{"not_picked":["Fire Breathing","Headbutt"],"picked":"Sword Boomerang","floor":18},{"not_picked":["Sever Soul","Ghostly Armor+1"],"picked":"Whirlwind","floor":19},{"not_picked":["Dropkick","True Grit+1","Havoc"],"picked":"SKIP","floor":21},{"not_picked":["Perfected Strike","Reckless Charge"],"picked":"Twin Strike","floor":22},{"not_picked":["Barricade","Twin Strike"],"picked":"Rupture+1","floor":29}],"player_experience":590655,"relics_obtained":[{"floor":9,"key":"Centennial Puzzle"},{"floor":13,"key":"War Paint"},{"floor":26,"key":"Pen Nib"},{"floor":29,"key":"Happy Flower"}],"event_choices":[{"event_name":"Liars Game","player_choice":"disagreed","floor":3,"damage_taken":0},{"event_name":"WeMeetAgain","player_choice":"Card","floor":20,"damage_taken":0},{"event_name":"Beggar","player_choice":"Gave Gold","floor":24,"damage_taken":0}],"is_beta":false,"boss_relics":[{"not_picked":["Black Star","Black Blood"],"picked":"Sozu"}],"items_purged_floors":[2,28],"is_endless":false,"potions_floor_spawned":[5,8,11,14,19],"killed_by":"Slaver and Parasite","ascension_level":7}