{"gold_per_floor":[114,124,124,142,17,17,44,44,44,56,85,59,72,72,72,145,145,157,111,111],"floor_reached":20,"playtime":856,"items_purged":["Strike_B"],"score":350,"play_id":"8106bd22-c1e0-49cc-b6ea-0ca2122f1daa","local_time":"20190504171505","is_ascension_mode":true,"campfire_choices":[{"data":"Genetic Algorithm","floor":6,"key":"SMITH"},{"floor":8,"key":"REST"},{"data":"Blizzard","floor":15,"key":"SMITH"}],"neow_cost":"NONE","seed_source_timestamp":274340617071139,"circlet_count":0,"master_deck":["AscendersBane","Strike_B","Strike_B","Strike_B","Defend_B","Defend_B","Zap","Dualcast","White Noise","Coolheaded","Storm","Genetic Algorithm+1","Cold Snap","Hello World","Streamline","Blizzard+1","Coolheaded","Amplify","Self Repair"],"relics":["FrozenCore","Regal Pillow","Orichalcum","Letter Opener","DataDisk"],"potions_floor_usage":[16,16],"damage_taken":[{"damage":2,"enemies":"Cultist","floor":1,"turns":4},{"damage":20,"enemies":"Small Slimes","floor":2,"turns":4},{"damage":0,"enemies":"2 Louse","floor":4,"turns":3},{"damage":23,"enemies":"Lagavulin","floor":7,"turns":11},{"damage":1,"enemies":"Blue Slaver","floor":10,"turns":2},{"damage":16,"enemies":"3 Sentries","floor":11,"turns":6},{"damage":0,"enemies":"2 Fungi Beasts","floor":13,"turns":3},{"damage":26,"enemies":"Slime Boss","floor":16,"turns":8},{"damage":18,"enemies":"Chosen","floor":18,"turns":6},{"damage":25,"enemies":"2 Thieves","floor":19,"turns":5},{"damage":28,"enemies":"Cultist and Chosen","floor":20,"turns":3}],"seed_played":"7434033229892117028","potions_obtained":[{"floor":4,"key":"Weak Potion"},{"floor":10,"key":"Ancient Potion"},{"floor":13,"key":"Fire Potion"},{"floor":19,"key":"FairyPotion"}],"is_trial":false,"path_per_floor":["M","M","?","M","$","R","E","R","T","M","E","$","M","?","R","B",null,"M","M","M"],"character_chosen":"DEFECT","items_purchased":["Cold Snap","Coolheaded"],"campfire_rested":1,"item_purchase_floors":[5,12],"current_hp_per_floor":[62,42,42,42,42,42,19,55,55,54,38,38,38,38,38,12,56,38,13,0],"gold":111,"neow_bonus":"RANDOM_COMMON_RELIC","is_prod":false,"is_daily":false,"chose_seed":false,"campfire_upgraded":2,"win_rate":0,"timestamp":1557015305,"path_taken":["M","M","?","?","$","R","E","R","T","M","E","$","M","?","R","BOSS","M","?","?"],"build_version":"2019-01-23","purchased_purges":1,"victory":false,"max_hp_per_floor":[71,71,71,71,71,71,71,71,71,71,71,71,71,71,71,71,71,71,71,71],"card_choices":[{"not_picked":["Cold Snap","Redo"],"picked":"White Noise","floor":1},{"not_picked":["Stack","Redo"],"picked":"Coolheaded","floor":2},{"not_picked":["Steam","Scrape"],"picked":"Genetic Algorithm","floor":4},{"not_picked":["FTL","Scrape"],"picked":"Hello World","floor":7},{"not_picked":["Hyperbeam","Lockon"],"picked":"Streamline","floor":10},{"not_picked":["Leap","Lockon"],"picked":"Blizzard","floor":11},{"not_picked":["Steam","Leap","Ball Lightning"],"picked":"SKIP","floor":13},{"not_picked":["Core Surge","Electrodynamics"],"picked":"Amplify","floor":16},{"not_picked":["Conserve Battery","Gash","Reprogram"],"picked":"SKIP","floor":18},{"not_picked":["Sweeping Beam","Storm"],"picked":"Self Repair","floor":19}],"player_experience":1331538,"relics_obtained":[{"floor":7,"key":"Orichalcum"},{"floor":9,"key":"Letter Opener"},{"floor":11,"key":"DataDisk"}],"event_choices":[{"damage_healed":0,"gold_gain":0,"cards_transformed":["Defend_B"],"player_choice":"Transformed","damage_taken":0,"max_hp_gain":0,"max_hp_loss":0,"event_name":"Transmorgrifier","floor":3,"gold_loss":0,"cards_obtained":["Storm"]},{"cards_removed":["Defend_B"],"damage_healed":0,"gold_gain":0,"player_choice":"Purged","damage_taken":0,"max_hp_gain":0,"max_hp_loss":0,"event_name":"Purifier","floor":14,"gold_loss":0}],"is_beta":false,"boss_relics":[{"not_picked":["Coffee Dripper","Runic Pyramid"],"picked":"FrozenCore"}],"items_purged_floors":[5],"is_endless":false,"potions_floor_spawned":[4,10,13,19],"killed_by":"Cultist and Chosen","ascension_level":18}