{"gold_per_floor":[17,17,17,92,112,112,112,37,37,37,53,53,73,113,113,241,241,260,275,200,200,200],"floor_reached":22,"playtime":982,"items_purged":["Injury"],"score":282,"play_id":"b5834b52-9ace-48d3-a158-1ee2cebb1cce","local_time":"20181004135726","is_ascension_mode":true,"campfire_choices":[{"data":"Heavy Blade","floor":6,"key":"SMITH"},{"data":"Flex","floor":10,"key":"SMITH"},{"data":"Fiend Fire","floor":12,"key":"SMITH"},{"data":"Heavy Blade","floor":15,"key":"SMITH"}],"neow_cost":"NO_GOLD","seed_source_timestamp":0,"circlet_count":0,"master_deck":["Strike_R","Strike_R","Strike_R","Strike_R","Defend_R","Defend_R","Defend_R","Defend_R","Bash","AscendersBane","Spot Weakness+1","Combust","Flex+1","Fiend Fire+1","Heavy Blade+1","Headbutt","Flex","Heavy Blade+1","Reaper","True Grit"],"special_seed":0,"relics":["Burning Blood","Bird Faced Urn","Golden Idol","Charon\u0027s Ashes","Question Card","Mark of Pain"],"potions_floor_usage":[4,21,22],"damage_taken":[{"damage":14.0,"enemies":"Jaw Worm","floor":1.0,"turns":6.0},{"damage":4,"enemies":"Small Slimes","floor":5,"turns":3},{"damage":2,"enemies":"Cultist","floor":11,"turns":3},{"damage":4,"enemies":"2 Fungi Beasts","floor":13,"turns":3},{"damage":18,"enemies":"3 Sentries","floor":14,"turns":4},{"damage":63,"enemies":"The Guardian","floor":16,"turns":7},{"damage":8,"enemies":"Chosen","floor":18,"turns":3},{"damage":36,"enemies":"2 Thieves","floor":19,"turns":3},{"damage":31,"enemies":"Colosseum Slavers","floor":21,"turns":3},{"damage":37,"enemies":"Snecko","floor":22,"turns":3}],"seed_played":"-4302660723388583391","potions_obtained":[{"floor":1.0,"key":"Fruit Juice"},{"floor":16,"key":"Strength Potion"},{"floor":19,"key":"FearPotion"}],"is_trial":false,"path_per_floor":["M","?","?","?","M","R","?","$","T","R","M","R","M","E","R","B",null,"M","M","?","?"],"character_chosen":"IRONCLAD","items_purchased":[],"campfire_rested":0,"item_purchase_floors":[],"current_hp_per_floor":[64,64,64,58,62,62,62,62,62,62,68,68,72,62,62,7,66,76,48,48,26,0],"gold":200,"neow_bonus":"ONE_RARE_RELIC","is_prod":false,"is_daily":false,"chose_seed":false,"campfire_upgraded":4,"win_rate":0,"timestamp":1538686646,"path_taken":["M","?","?","?","M","R","?","?","T","R","?","R","M","E","R","BOSS","M","M","?","?","?"],"build_version":"2018-09-27","purchased_purges":1,"victory":false,"max_hp_per_floor":[80,80,80,85,85,85,85,85,85,85,85,85,85,85,85,85,85,85,85,85,85,85],"card_choices":[{"not_picked":["Sword Boomerang","Wild Strike"],"picked":"Spot Weakness","floor":1.0},{"not_picked":["Pommel Strike","Anger"],"picked":"Heavy Blade","floor":5},{"not_picked":["Carnage","Iron Wave"],"picked":"Headbutt","floor":11},{"not_picked":["Havoc","Thunderclap"],"picked":"Flex","floor":13},{"not_picked":["Ghostly Armor","Shockwave"],"picked":"Heavy Blade","floor":14},{"not_picked":["Feed","Barricade","Juggernaut"],"picked":"Reaper","floor":16},{"not_picked":["Cleave","Metallicize","Wild Strike","Entrench"],"picked":"SKIP","floor":18},{"not_picked":["Warcry","Cleave","True Grit","Clothesline"],"picked":"SKIP","floor":19},{"not_picked":["Warcry","Cleave","Clothesline"],"picked":"True Grit","floor":19}],"player_experience":864801,"relics_obtained":[{"floor":9,"key":"Charon\u0027s Ashes"},{"floor":14,"key":"Question Card"}],"event_choices":[{"event_name":"Golden Idol","player_choice":"Take Wound","floor":2.0,"damage_taken":0.0},{"event_name":"Match and Keep!","player_choice":"3 cards matched","floor":3,"damage_taken":0},{"event_name":"World of Goop","player_choice":"Gather Gold","floor":4,"damage_taken":0},{"event_name":"Upgrade Shrine","player_choice":"Upgraded","floor":7,"damage_taken":0},{"event_name":"Beggar","player_choice":"Gave Gold","floor":20,"damage_taken":0},{"event_name":"Colosseum","player_choice":"Fight","floor":21,"damage_taken":0},{"event_name":"Colosseum","player_choice":"Fled From Nobs","floor":21,"damage_taken":0}],"is_beta":false,"boss_relics":[{"not_picked":["Sozu","Philosopher\u0027s Stone"],"picked":"Mark of Pain"}],"items_purged_floors":[8],"is_endless":false,"potions_floor_spawned":[1,16,19],"killed_by":"Snecko","ascension_level":11}