{"gold_per_floor":[111,36,52,52,72,72,72,72,72,83,83,96,106,106,106,106],"floor_reached":16,"playtime":299,"items_purged":["Defend_G"],"score":92,"play_id":"deaba133-ff43-42f3-8c3a-f83ede1c6c7d","local_time":"20181101172126","is_ascension_mode":false,"campfire_choices":[{"data":"Quick Slash","floor":6,"key":"SMITH"},{"data":"Flying Knee","floor":8,"key":"SMITH"},{"data":"Dagger Throw","floor":11,"key":"SMITH"},{"floor":15,"key":"REST"}],"neow_cost":"NONE","seed_source_timestamp":564073445658702,"circlet_count":0,"master_deck":["Defend_G","Defend_G","Defend_G","Strike_G","Strike_G","Strike_G","Strike_G","Strike_G","Survivor","Neutralize","Quick Slash+1","Dagger Throw","Flying Knee+1","Dagger Throw+1","Underhanded Strike","Sucker Punch"],"relics":["Ring of the Snake","NeowsBlessing","Mercury Hourglass"],"potions_floor_usage":[],"damage_taken":[{"damage":0,"enemies":"Small Slimes","floor":1,"turns":1},{"damage":0,"enemies":"Cultist","floor":3,"turns":1},{"damage":0,"enemies":"2 Louse","floor":5,"turns":1},{"damage":0,"enemies":"2 Fungi Beasts","floor":10,"turns":2},{"damage":0,"enemies":"Large Slime","floor":12,"turns":3},{"damage":4,"enemies":"Exordium Thugs","floor":13,"turns":3},{"damage":0,"enemies":"The Guardian","floor":16,"turns":1}],"seed_played":"-1289343918073401724","potions_obtained":[{"floor":13,"key":"Dexterity Potion"}],"is_trial":false,"path_per_floor":["M","$","M","?","M","R","?","R","T","M","R","M","M","$","R","B"],"character_chosen":"THE_SILENT","items_purchased":[],"campfire_rested":1,"item_purchase_floors":[],"current_hp_per_floor":[70,70,70,63,63,63,63,63,63,63,63,63,59,59,70,70],"gold":106,"neow_bonus":"THREE_ENEMY_KILL","is_prod":false,"is_daily":false,"chose_seed":false,"campfire_upgraded":3,"win_rate":0,"timestamp":1541118086,"path_taken":["M","$","M","?","M","R","?","R","T","M","R","M","M","$","R","BOSS"],"build_version":"2018-11-01","purchased_purges":1,"victory":false,"max_hp_per_floor":[70,70,70,70,70,70,70,70,70,70,70,70,70,70,70,70],"card_choices":[{"not_picked":["Outmaneuver","Flying Knee"],"picked":"Quick Slash","floor":1},{"not_picked":["Cloak And Dagger","Bane"],"picked":"Dagger Throw","floor":3},{"not_picked":["Outmaneuver","Calculated Gamble"],"picked":"Flying Knee","floor":5},{"not_picked":["Bane","Sucker Punch"],"picked":"Dagger Throw","floor":10},{"not_picked":["Backflip","Wraith Form v2"],"picked":"Underhanded Strike","floor":12},{"not_picked":["Endless Agony","Catalyst"],"picked":"Sucker Punch","floor":13}],"player_experience":925440,"relics_obtained":[{"floor":9,"key":"Mercury Hourglass"}],"event_choices":[{"cards_removed":["Defend_G"],"damage_healed":0,"gold_gain":0,"player_choice":"Card Removal","damage_taken":7,"max_hp_gain":0,"max_hp_loss":0,"event_name":"Golden Wing","floor":4,"gold_loss":0},{"damage_healed":0,"gold_gain":0,"player_choice":"Ignored","damage_taken":0,"max_hp_gain":0,"max_hp_loss":0,"event_name":"Golden Idol","floor":7,"gold_loss":0}],"is_beta":false,"boss_relics":[],"items_purged_floors":[2],"is_endless":false,"potions_floor_spawned":[13],"killed_by":"The Guardian","ascension_level":0}