{"gold_per_floor":[12,28,28,47,58,93,93,122,122,122,139,158,193,206,206,311,311,321,351,31,31,31,62,62,79,159,159,178,178,208,222,222,326,326,346,361,375,393,445,445,42,368,368,379,414,30,44,64,64,64],"floor_reached":51,"playtime":5332,"items_purged":["Strike_B","Strike_B","Defend_B"],"score":1041,"play_id":"71a288d8-72cc-459c-813f-1cdc0a35997d","local_time":"20190714191802","is_ascension_mode":true,"campfire_choices":[{"data":"Zap","floor":7.0,"key":"SMITH"},{"data":"Dualcast","floor":10.0,"key":"SMITH"},{"data":"Reboot","floor":15.0,"key":"SMITH"},{"data":"Loop","floor":24.0,"key":"SMITH"},{"data":"Static Discharge","floor":29.0,"key":"SMITH"},{"data":"Tempest","floor":32.0,"key":"SMITH"},{"data":"Electrodynamics","floor":40.0,"key":"SMITH"},{"data":"Fission","floor":49.0,"key":"SMITH"}],"neow_cost":"NO_GOLD","seed_source_timestamp":1078314618188171,"circlet_count":0,"master_deck":["Defend_B","Defend_B","Defend_B","Zap+1","Dualcast+1","Gash","Go for the Eyes+1","Tempest+1","Go for the Eyes","Compile Driver","Reboot+1","Gash","Ball Lightning","Hologram","All For One","Loop+1","Gash+1","Static Discharge+1","Gash","Steam Power+1","Undo+1","Rebound","Hologram","Gash","Electrodynamics+1","BootSequence","Loop+1","Gash+1","Gash","All For One","Fission+1","Redo+1","All For One","Static Discharge","Loop","Electrodynamics"],"special_seed":0,"relics":["Cracked Core","Thread and Needle","Mercury Hourglass","Bird Faced Urn","FossilizedHelix","Black Star","Tiny Chest","Strawberry","Meat on the Bone","Bag of Preparation","Mummified Hand","Potion Belt","Pear","Whetstone","Runic Pyramid","Omamori","Bronze Scales","Old Coin","The Courier","Bottled Flame","Ginger","Dream Catcher"],"potions_floor_usage":[50,50,50,50,50],"damage_taken":[{"damage":1.0,"enemies":"Jaw Worm","floor":1.0,"turns":5.0},{"damage":0.0,"enemies":"Cultist","floor":2.0,"turns":4.0},{"damage":0.0,"enemies":"2 Louse","floor":4.0,"turns":2.0},{"damage":0.0,"enemies":"Blue Slaver","floor":5.0,"turns":4.0},{"damage":11.0,"enemies":"Lagavulin","floor":6.0,"turns":5.0},{"damage":0.0,"enemies":"Gremlin Nob","floor":8.0,"turns":2.0},{"damage":0.0,"enemies":"3 Louse","floor":11.0,"turns":2.0},{"damage":0.0,"enemies":"Looter","floor":12.0,"turns":2.0},{"damage":0.0,"enemies":"Lagavulin","floor":13.0,"turns":4.0},{"damage":0.0,"enemies":"Blue Slaver","floor":14.0,"turns":2.0},{"damage":0.0,"enemies":"Slime Boss","floor":16.0,"turns":6.0},{"damage":0.0,"enemies":"Spheric Guardian","floor":18.0,"turns":3.0},{"damage":11.0,"enemies":"Book of Stabbing","floor":23.0,"turns":4.0},{"damage":0.0,"enemies":"Chosen","floor":25.0,"turns":3.0},{"damage":0.0,"enemies":"3 Cultists","floor":28.0,"turns":3.0},{"damage":9.0,"enemies":"Slavers","floor":30.0,"turns":3.0},{"damage":0.0,"enemies":"Sentry and Sphere","floor":31.0,"turns":2.0},{"damage":2.0,"enemies":"Automaton","floor":33.0,"turns":4.0},{"damage":0.0,"enemies":"Orb Walker","floor":35.0,"turns":2.0},{"damage":0.0,"enemies":"3 Shapes","floor":36.0,"turns":3.0},{"damage":0.0,"enemies":"Spire Growth","floor":37.0,"turns":3.0},{"damage":0.0,"enemies":"4 Shapes","floor":38.0,"turns":4.0},{"damage":0.0,"enemies":"Giant Head","floor":42.0,"turns":4.0},{"damage":0.0,"enemies":"Transient","floor":44.0,"turns":5.0},{"damage":0.0,"enemies":"Nemesis","floor":45.0,"turns":3.0},{"damage":0.0,"enemies":"3 Darklings","floor":47.0,"turns":3.0},{"damage":0.0,"enemies":"Maw","floor":48.0,"turns":2.0},{"damage":36,"enemies":"Awakened One","floor":50,"turns":5}],"seed_played":"7545542835987496403","potions_obtained":[{"floor":3.0,"key":"Fire Potion"},{"floor":3.0,"key":"Poison Potion"},{"floor":3.0,"key":"FearPotion"},{"floor":8.0,"key":"FearPotion"},{"floor":11.0,"key":"FocusPotion"},{"floor":12.0,"key":"SkillPotion"},{"floor":16.0,"key":"SpeedPotion"},{"floor":18.0,"key":"Explosive Potion"},{"floor":28.0,"key":"Weak Potion"},{"floor":33.0,"key":"Swift Potion"},{"floor":35.0,"key":"Block Potion"},{"floor":37.0,"key":"LiquidBronze"},{"floor":38.0,"key":"SpeedPotion"},{"floor":42.0,"key":"PowerPotion"},{"floor":47.0,"key":"FearPotion"},{"floor":48.0,"key":"Energy Potion"}],"is_trial":false,"path_per_floor":["M","M","?","M","M","E","R","E","T","R","M","M","E","M","R","B",null,"M","?","$","?","?","E","R","M","T","T","M","R","E","M","R","B",null,"M","M","M","M","T","R","$","E","T","M","E","$","M","M","R","B",null],"character_chosen":"DEFECT","items_purchased":["Gash","Static Discharge","Strawberry","All For One","Bronze Scales","All For One","Static Discharge","Loop","EssenceOfSteel"],"campfire_rested":0,"item_purchase_floors":[20,20,20,41,41,46,46,46,46],"current_hp_per_floor":[74,74,74,74,74,63,63,63,63,63,63,63,63,63,63,63,75,75,75,82,82,82,71,71,73,73,73,77,77,80,82,82,84,92,92,92,92,92,92,92,92,92,92,92,92,92,92,92,92,60],"gold":64,"neow_bonus":"REMOVE_TWO","is_prod":false,"is_daily":false,"chose_seed":false,"campfire_upgraded":8,"win_rate":0,"timestamp":1563146282,"path_taken":["M","M","?","M","M","E","R","E","T","R","?","M","E","M","R","BOSS","M","?","$","?","?","E","R","M","T","?","M","R","E","?","R","BOSS","M","M","?","M","?","R","$","E","T","?","E","$","?","M","R","BOSS"],"build_version":"2019-07-05","purchased_purges":3,"victory":true,"max_hp_per_floor":[75,75,75,75,75,75,75,75,75,75,75,75,75,75,75,75,75,75,75,82,82,82,82,82,82,82,82,82,82,92,92,92,92,92,92,92,92,92,92,92,92,92,92,92,92,92,92,92,92,92],"card_choices":[{"not_picked":["Leap","Consume"],"picked":"Gash","floor":1.0},{"not_picked":["Barrage","Melter"],"picked":"Go for the Eyes","floor":2.0},{"not_picked":["Double Energy","Doom and Gloom"],"picked":"Tempest","floor":4.0},{"not_picked":["Barrage","Lockon","Aggregate"],"picked":"SKIP","floor":5.0},{"not_picked":["Sweeping Beam","Reprogram"],"picked":"Go for the Eyes","floor":6.0},{"not_picked":["Streamline","Melter"],"picked":"Compile Driver","floor":8.0},{"not_picked":["Chaos","Redo"],"picked":"Reboot","floor":11.0},{"not_picked":["Barrage","Conserve Battery"],"picked":"Gash","floor":12.0},{"not_picked":["Redo","Coolheaded"],"picked":"Ball Lightning","floor":13.0},{"not_picked":["Streamline","Redo"],"picked":"Hologram","floor":14.0},{"not_picked":["Echo Form","Rainbow"],"picked":"All For One","floor":16.0},{"not_picked":["Coolheaded","Steam"],"picked":"Loop","floor":18.0},{"not_picked":["Ball Lightning+1","Stack+1"],"picked":"Steam Power+1","floor":23.0},{"not_picked":["Go for the Eyes","Redo"],"picked":"Undo+1","floor":25.0},{"not_picked":["Reinforced Body","Consume"],"picked":"Rebound","floor":28.0},{"not_picked":["Rip and Tear","Hello World"],"picked":"Hologram","floor":30.0},{"not_picked":["Static Discharge","Undo+1"],"picked":"Gash","floor":31.0},{"not_picked":["Reboot","Fission"],"picked":"Electrodynamics","floor":33.0},{"not_picked":["Compile Driver+1","Conserve Battery"],"picked":"BootSequence","floor":35.0},{"not_picked":["Steam+1","Compile Driver+1"],"picked":"Loop+1","floor":36.0},{"not_picked":["Hologram","Conserve Battery"],"picked":"Gash+1","floor":37.0},{"not_picked":["Hologram+1","Undo+1"],"picked":"Gash","floor":38.0},{"not_picked":["Steam","Rainbow"],"picked":"Fission","floor":42.0},{"not_picked":["Go for the Eyes","Reinforced Body+1","Chaos"],"picked":"SKIP","floor":44.0},{"not_picked":["Chill","Glacier"],"picked":"Redo+1","floor":45.0},{"not_picked":["Conserve Battery","Steam+1"],"picked":"Electrodynamics","floor":47.0},{"not_picked":["Doom and Gloom+1","Streamline+1","Steam+1"],"picked":"SKIP","floor":48.0}],"player_experience":244032,"relics_obtained":[{"floor":6.0,"key":"Thread and Needle"},{"floor":8.0,"key":"Mercury Hourglass"},{"floor":9.0,"key":"Bird Faced Urn"},{"floor":13.0,"key":"FossilizedHelix"},{"floor":23.0,"key":"Meat on the Bone"},{"floor":23.0,"key":"Bag of Preparation"},{"floor":26.0,"key":"Mummified Hand"},{"floor":27.0,"key":"Potion Belt"},{"floor":30.0,"key":"Pear"},{"floor":30.0,"key":"Whetstone"},{"floor":39.0,"key":"Omamori"},{"floor":42.0,"key":"Old Coin"},{"floor":42.0,"key":"The Courier"},{"floor":43.0,"key":"Bottled Flame"},{"floor":45.0,"key":"Ginger"},{"floor":45.0,"key":"Dream Catcher"}],"event_choices":[{"damage_healed":0.0,"max_hp_gain":0.0,"max_hp_loss":0.0,"gold_gain":0.0,"event_name":"Lab","player_choice":"Got Potions","floor":3.0,"gold_loss":0.0,"damage_taken":0.0},{"damage_healed":0.0,"max_hp_gain":0.0,"max_hp_loss":0.0,"gold_gain":0.0,"event_name":"The Mausoleum","player_choice":"Opened","floor":19.0,"gold_loss":0.0,"damage_taken":0.0,"relics_obtained":["Tiny Chest"]},{"damage_healed":0.0,"max_hp_gain":0.0,"max_hp_loss":0.0,"gold_gain":0.0,"event_name":"Vampires","player_choice":"Ignored","floor":21.0,"gold_loss":0.0,"damage_taken":0.0},{"damage_healed":0.0,"max_hp_gain":0.0,"max_hp_loss":0.0,"gold_gain":0.0,"event_name":"The Library","player_choice":"Read","floor":22.0,"gold_loss":0.0,"damage_taken":0.0,"cards_obtained":["Gash"]}],"is_beta":false,"boss_relics":[{"not_picked":["Eternal Feather","White Beast Statue"],"picked":"Black Star"},{"not_picked":["Philosopher\u0027s Stone","Sozu"],"picked":"Runic Pyramid"}],"items_purged_floors":[20,41,46],"is_endless":false,"potions_floor_spawned":[8,11,12,16,18,28,33,35,37,38,42,47,48],"ascension_level":1}