{"gold_per_floor":[110,127,202,55,5,35,35,35,115,125,144,164,179,179,179,275,275,294,294,308,508,521,547,563,563,563,576,576],"floor_reached":28,"playtime":1607,"items_purged":[],"score":242,"play_id":"333ed914-929c-4dac-bb7e-70616d89971b","local_time":"20190815135137","is_ascension_mode":false,"campfire_choices":[{"data":"Uppercut","floor":8,"key":"SMITH"},{"data":"Bash","floor":15,"key":"SMITH"},{"floor":25,"key":"REST"}],"neow_cost":"NONE","seed_source_timestamp":59646644252600,"circlet_count":0,"master_deck":["Strike_R","Strike_R","Defend_R","Defend_R","Defend_R","Defend_R","Bash+1","Immolate","Heavy Blade","Headbutt","Evolve","Uppercut+1","Power Through","Iron Wave","Rage","Double Tap","Corruption+1","Shockwave","Havoc+1","Metallicize+1"],"relics":["Burning Blood","Orichalcum","Frozen Egg 2","Matryoshka","Empty Cage","Question Card","Gremlin Horn","Kunai"],"potions_floor_usage":[16,23,23,23,28],"damage_taken":[{"damage":12,"enemies":"Jaw Worm","floor":1,"turns":5},{"damage":6,"enemies":"2 Louse","floor":2,"turns":3},{"damage":27,"enemies":"Gremlin Nob","floor":6,"turns":4},{"damage":0,"enemies":"Small Slimes","floor":10,"turns":3},{"damage":6,"enemies":"Blue Slaver","floor":11,"turns":4},{"damage":1,"enemies":"3 Louse","floor":12,"turns":2},{"damage":3,"enemies":"Exordium Thugs","floor":13,"turns":5},{"damage":21,"enemies":"Slime Boss","floor":16,"turns":7},{"damage":22,"enemies":"2 Thieves","floor":18,"turns":4},{"damage":9,"enemies":"Shell Parasite","floor":20,"turns":6},{"damage":32,"enemies":"3 Cultists","floor":22,"turns":7},{"damage":12,"enemies":"Gremlin Leader","floor":23,"turns":5},{"damage":18,"enemies":"Cultist and Chosen","floor":24,"turns":8},{"damage":16,"enemies":"Snake Plant","floor":27,"turns":4},{"damage":12,"enemies":"Colosseum Slavers","floor":28,"turns":6},{"damage":44,"enemies":"Colosseum Nobs","floor":28,"turns":5}],"seed_played":"-4449363678818034185","potions_obtained":[{"floor":1,"key":"Fire Potion"},{"floor":6,"key":"PowerPotion"},{"floor":10,"key":"LiquidBronze"},{"floor":12,"key":"Weak Potion"},{"floor":18,"key":"Poison Potion"},{"floor":23,"key":"Weak Potion"}],"is_trial":false,"path_per_floor":["M","M","?","$","?","E","?","R","T","M","M","M","M","?","R","B",null,"M","?","M","?","M","E","M","R","T","M","?"],"character_chosen":"IRONCLAD","items_purchased":["Evolve","Uppercut"],"campfire_rested":1,"item_purchase_floors":[4,4],"current_hp_per_floor":[74,74,63,63,63,42,39,39,39,45,45,50,53,58,58,43,85,69,69,66,66,40,34,22,47,47,37,0],"gold":576,"neow_bonus":"ONE_RANDOM_RARE_CARD","is_prod":false,"is_daily":false,"chose_seed":false,"campfire_upgraded":2,"win_rate":0,"timestamp":1565848297,"path_taken":["M","M","?","$","?","E","?","R","T","M","M","M","M","?","R","BOSS","M","?","M","?","M","E","?","R","T","?","?"],"build_version":"2019-07-17","purchased_purges":0,"victory":false,"max_hp_per_floor":[80,80,80,80,80,80,80,80,80,80,80,80,80,85,85,85,85,85,85,85,85,85,85,85,85,85,85,85],"card_choices":[{"not_picked":["Pummel","Anger"],"picked":"Heavy Blade","floor":1},{"not_picked":["Searing Blow","Intimidate"],"picked":"Headbutt","floor":2},{"not_picked":["Havoc","Barricade"],"picked":"Power Through","floor":6},{"not_picked":["Heavy Blade","Pommel Strike"],"picked":"Iron Wave","floor":10},{"not_picked":["Berserk+1","Sword Boomerang","Clash"],"picked":"SKIP","floor":11},{"not_picked":["Heavy Blade","Body Slam"],"picked":"Rage","floor":12},{"not_picked":["Iron Wave","Whirlwind","Headbutt"],"picked":"SKIP","floor":13},{"not_picked":["Fiend Fire","Limit Break"],"picked":"Double Tap","floor":16},{"not_picked":["Sword Boomerang+1","Flex"],"picked":"Corruption+1","floor":18},{"not_picked":["Wild Strike","Body Slam","Searing Blow"],"picked":"SKIP","floor":20},{"not_picked":["Whirlwind","Body Slam"],"picked":"Havoc+1","floor":22},{"not_picked":["Heavy Blade","Perfected Strike+1","Hemokinesis"],"picked":"SKIP","floor":23},{"not_picked":["Iron Wave+1","Armaments","Headbutt","Combust+1"],"picked":"SKIP","floor":24},{"not_picked":["Reckless Charge+1","Warcry+1","True Grit"],"picked":"Metallicize+1","floor":27}],"player_experience":157015,"relics_obtained":[{"floor":6,"key":"Orichalcum"},{"floor":9,"key":"Matryoshka"},{"floor":23,"key":"Question Card"},{"floor":26,"key":"Gremlin Horn"},{"floor":26,"key":"Kunai"}],"event_choices":[{"damage_healed":0,"gold_gain":75,"player_choice":"Gather Gold","damage_taken":11,"max_hp_gain":0,"max_hp_loss":0,"event_name":"World of Goop","floor":3,"gold_loss":0},{"cards_removed":["Strike_R"],"damage_healed":0,"gold_gain":0,"player_choice":"Card Removal","damage_taken":0,"max_hp_gain":0,"max_hp_loss":0,"event_name":"The Cleric","floor":5,"gold_loss":50},{"damage_healed":0,"gold_gain":0,"player_choice":"Success","damage_taken":3,"relics_obtained":["Frozen Egg 2"],"max_hp_gain":0,"max_hp_loss":0,"event_name":"Scrap Ooze","floor":7,"gold_loss":0},{"damage_healed":0,"gold_gain":0,"player_choice":"Donut","damage_taken":0,"max_hp_gain":5,"max_hp_loss":0,"event_name":"Big Fish","floor":14,"gold_loss":0},{"damage_healed":0,"gold_gain":0,"player_choice":"Read","damage_taken":0,"max_hp_gain":0,"max_hp_loss":0,"event_name":"The Library","floor":19,"gold_loss":0,"cards_obtained":["Shockwave"]},{"damage_healed":0,"gold_gain":250,"player_choice":"Bet on Owner","damage_taken":0,"max_hp_gain":0,"max_hp_loss":0,"event_name":"The Joust","floor":21,"gold_loss":50},{"damage_healed":0,"gold_gain":0,"player_choice":"Fight","damage_taken":0,"max_hp_gain":0,"max_hp_loss":0,"event_name":"Colosseum","floor":28,"gold_loss":0},{"damage_healed":0,"gold_gain":0,"player_choice":"Fought Nobs","damage_taken":0,"max_hp_gain":0,"max_hp_loss":0,"event_name":"Colosseum","floor":28,"gold_loss":0}],"is_beta":false,"boss_relics":[{"not_picked":["Busted Crown","Pandora\u0027s Box"],"picked":"Empty Cage"}],"items_purged_floors":[],"is_endless":false,"potions_floor_spawned":[1,6,10,12,18,20,23],"killed_by":"Colosseum Nobs","ascension_level":0}