{"gold_per_floor":[112,112,132,149,166,166,166,166,166,195,207,220,54,73,73,177,177,194,194,210,210,210,210,230,230,230,230,247,247,265,364,364,364],"floor_reached":33,"playtime":1608,"items_purged":["Strike_R"],"score":249,"play_id":"05e0e981-faae-469e-b6aa-5436024dfee1","local_time":"20190814195429","is_ascension_mode":false,"campfire_choices":[{"data":"Bash","floor":6.0,"key":"SMITH"},{"data":"Spot Weakness","floor":8.0,"key":"SMITH"},{"data":"True Grit","floor":15.0,"key":"SMITH"},{"data":"Warcry","floor":23.0,"key":"SMITH"},{"data":"J.A.X.","floor":25.0,"key":"SMITH"},{"data":"Impervious","floor":27.0,"key":"SMITH"},{"floor":29,"key":"REST"},{"floor":32,"key":"REST"}],"neow_cost":"NONE","seed_source_timestamp":0,"circlet_count":0,"master_deck":["Strike_R","Strike_R","Defend_R","Defend_R","Defend_R","Defend_R","Bash+1","Headbutt","Pommel Strike+1","Spot Weakness+1","True Grit+1","Pummel","Rage","Flash of Steel","Immolate","Impervious+1","Warcry+1","Necronomicurse","J.A.X.+1","Shockwave","Headbutt+1"],"special_seed":0,"relics":["Burning Blood","Boot","Mummified Hand","Paper Frog","Empty Cage","Necronomicon","Bottled Flame"],"potions_floor_usage":[33,33,33],"damage_taken":[{"damage":0.0,"enemies":"Small Slimes","floor":1.0,"turns":5.0},{"damage":1.0,"enemies":"Cultist","floor":3.0,"turns":3.0},{"damage":6.0,"enemies":"2 Louse","floor":4.0,"turns":2.0},{"damage":16.0,"enemies":"2 Fungi Beasts","floor":5.0,"turns":4.0},{"damage":16.0,"enemies":"Gremlin Nob","floor":10.0,"turns":3.0},{"damage":4.0,"enemies":"Large Slime","floor":11.0,"turns":6.0},{"damage":0.0,"enemies":"Exordium Wildlife","floor":12.0,"turns":2.0},{"damage":7.0,"enemies":"Looter","floor":14.0,"turns":2.0},{"damage":44.0,"enemies":"The Guardian","floor":16.0,"turns":10.0},{"damage":30.0,"enemies":"3 Byrds","floor":18.0,"turns":5.0},{"damage":0.0,"enemies":"2 Thieves","floor":20.0,"turns":2.0},{"damage":0.0,"enemies":"Sentry and Sphere","floor":24.0,"turns":1.0},{"damage":33.0,"enemies":"Chosen and Byrds","floor":28.0,"turns":5.0},{"damage":13,"enemies":"Cultist and Chosen","floor":30,"turns":3},{"damage":68,"enemies":"Champ","floor":33,"turns":10}],"seed_played":"273354943973168211","potions_obtained":[{"floor":3.0,"key":"EssenceOfSteel"},{"floor":10.0,"key":"Strength Potion"},{"floor":14.0,"key":"LiquidBronze"},{"floor":16.0,"key":"FearPotion"},{"floor":18.0,"key":"GamblersBrew"},{"floor":20.0,"key":"EssenceOfSteel"}],"is_trial":false,"path_per_floor":["M","?","M","M","M","R","?","R","T","E","M","M","$","M","R","B",null,"M","?","M","?","?","R","M","R","T","R","M","R","M","?","R","B"],"character_chosen":"IRONCLAD","items_purchased":["Flash of Steel"],"campfire_rested":2,"item_purchase_floors":[13],"current_hp_per_floor":[80,80,80,80,70,70,70,70,70,60,62,68,68,67,67,29,80,56,40,46,46,46,46,52,52,52,52,25,49,42,42,66,0],"gold":364,"neow_bonus":"RANDOM_COMMON_RELIC","is_prod":false,"is_daily":false,"chose_seed":false,"campfire_upgraded":6,"win_rate":0,"timestamp":1565783669,"path_taken":["M","?","?","M","M","R","?","R","T","E","M","?","?","M","R","BOSS","M","?","M","?","?","R","M","R","T","R","?","R","M","?","R","BOSS"],"build_version":"2019-07-17","purchased_purges":1,"victory":false,"max_hp_per_floor":[80,80,80,80,80,80,80,80,80,80,80,80,80,80,80,80,80,80,80,80,80,80,80,80,80,80,80,80,80,80,80,80,80],"card_choices":[{"not_picked":["Wild Strike","Armaments"],"picked":"Perfected Strike","floor":1.0},{"not_picked":["Spot Weakness","Shrug It Off"],"picked":"Headbutt","floor":3.0},{"not_picked":["Reckless Charge","Iron Wave"],"picked":"Pommel Strike","floor":4.0},{"not_picked":["Pommel Strike","Whirlwind"],"picked":"Spot Weakness","floor":5.0},{"not_picked":["Thunderclap","Searing Blow"],"picked":"True Grit","floor":10.0},{"not_picked":["Anger","Infernal Blade"],"picked":"Pummel","floor":11.0},{"not_picked":["Sever Soul","True Grit"],"picked":"Rage","floor":12.0},{"not_picked":["Feel No Pain","Perfected Strike"],"picked":"Immolate","floor":14.0},{"not_picked":["Bludgeon","Immolate"],"picked":"Impervious","floor":16.0},{"not_picked":["Body Slam","Twin Strike"],"picked":"Warcry","floor":18.0},{"not_picked":["Whirlwind","Feel No Pain","Combust"],"picked":"SKIP","floor":20.0},{"not_picked":["Reckless Charge","Heavy Blade","Pummel"],"picked":"SKIP","floor":24.0},{"not_picked":["Warcry","Iron Wave"],"picked":"Shockwave","floor":28.0},{"not_picked":["Combust","Thunderclap"],"picked":"Headbutt+1","floor":30}],"player_experience":139765,"relics_obtained":[{"floor":9.0,"key":"Mummified Hand"},{"floor":10.0,"key":"Paper Frog"},{"floor":19.0,"key":"Necronomicon"},{"floor":26.0,"key":"Bottled Flame"}],"event_choices":[{"cards_removed":["Strike_R"],"damage_healed":0.0,"max_hp_gain":0.0,"max_hp_loss":0.0,"gold_gain":0.0,"event_name":"Bonfire Elementals","player_choice":"Offered Basic","floor":2.0,"gold_loss":0.0,"damage_taken":0.0},{"damage_healed":0.0,"max_hp_gain":0.0,"max_hp_loss":0.0,"gold_gain":0.0,"event_name":"Upgrade Shrine","player_choice":"Upgraded","floor":7.0,"gold_loss":0.0,"damage_taken":0.0,"cards_upgraded":["Pommel Strike"]},{"damage_healed":0.0,"max_hp_gain":0.0,"max_hp_loss":0.0,"gold_gain":0.0,"event_name":"Cursed Tome","player_choice":"Obtained Book","floor":19.0,"gold_loss":0.0,"damage_taken":16.0},{"damage_healed":0.0,"max_hp_gain":0.0,"max_hp_loss":0.0,"gold_gain":0.0,"event_name":"Drug Dealer","player_choice":"Obtain J.A.X.","floor":21.0,"gold_loss":0.0,"damage_taken":0.0,"cards_obtained":["J.A.X."]},{"damage_healed":0.0,"max_hp_gain":0.0,"max_hp_loss":0.0,"gold_gain":0.0,"event_name":"Vampires","player_choice":"Ignored","floor":22.0,"gold_loss":0.0,"damage_taken":0.0},{"damage_healed":0,"gold_gain":99,"player_choice":"Stole From Cult","damage_taken":0,"max_hp_gain":0,"max_hp_loss":0,"event_name":"Nest","floor":31,"gold_loss":0}],"is_beta":false,"boss_relics":[{"not_picked":["Runic Dome","Snecko Eye"],"picked":"Empty Cage"}],"items_purged_floors":[13],"is_endless":false,"potions_floor_spawned":[3,10,14,16,18,20],"killed_by":"Champ","ascension_level":0}