{"gold_per_floor":[111,111,111,123,143,168,168,199,281,281],"floor_reached":10,"playtime":668,"items_purged":[],"score":148,"play_id":"4968f613-81c3-4dc0-b704-5f125b961ca4","local_time":"20190707111917","is_ascension_mode":true,"campfire_choices":[{"floor":7.0,"key":"REST"}],"neow_cost":"NONE","seed_source_timestamp":449221012998881,"circlet_count":0,"master_deck":["AscendersBane","Strike_R","Strike_R","Strike_R","Strike_R","Strike_R","Defend_R+1","Defend_R+1","Defend_R+1","Defend_R","Bash+1","Combust","Pommel Strike"],"special_seed":0,"relics":["Burning Blood","Mango","War Paint","The Courier","Dodecahedron"],"potions_floor_usage":[8],"damage_taken":[{"damage":7.0,"enemies":"Jaw Worm","floor":1.0,"turns":3.0},{"damage":19.0,"enemies":"2 Louse","floor":4.0,"turns":4.0},{"damage":6.0,"enemies":"Cultist","floor":5.0,"turns":3.0},{"damage":39.0,"enemies":"3 Sentries","floor":6.0,"turns":7.0},{"damage":34,"enemies":"Lagavulin","floor":8,"turns":9},{"damage":12,"enemies":"Lots of Slimes","floor":10,"turns":2}],"seed_played":"-7427871392701658538","potions_obtained":[{"floor":1.0,"key":"Weak Potion"},{"floor":8,"key":"Ancient Potion"}],"is_trial":false,"path_per_floor":["M","?","?","M","M","E","R","E","T","M"],"character_chosen":"IRONCLAD","items_purchased":[],"campfire_rested":1,"item_purchase_floors":[],"current_hp_per_floor":[67,55,55,42,42,9,35,7,7,0],"gold":281,"neow_bonus":"UPGRADE_CARD","is_prod":false,"is_daily":false,"chose_seed":false,"campfire_upgraded":0,"win_rate":0,"timestamp":1562512757,"path_taken":["M","?","?","M","M","E","R","E","T","?"],"build_version":"2019-07-05","purchased_purges":0,"victory":false,"max_hp_per_floor":[75,89,89,89,89,89,89,89,89,89],"card_choices":[{"not_picked":["Dual Wield","Clash","Sword Boomerang"],"picked":"SKIP","floor":1.0},{"not_picked":["Warcry","Seeing Red","Rampage"],"picked":"SKIP","floor":4.0},{"not_picked":["Sentinel","Havoc"],"picked":"Combust","floor":5.0},{"not_picked":["Juggernaut","Dual Wield"],"picked":"Pommel Strike","floor":6.0},{"not_picked":["Clash","Sword Boomerang","Dual Wield"],"picked":"SKIP","floor":8}],"player_experience":214601,"relics_obtained":[{"floor":6.0,"key":"War Paint"},{"floor":8,"key":"The Courier"},{"floor":9,"key":"Dodecahedron"}],"event_choices":[{"damage_healed":0.0,"max_hp_gain":0.0,"max_hp_loss":0.0,"gold_gain":0.0,"event_name":"Scrap Ooze","player_choice":"Success","floor":2.0,"gold_loss":0.0,"damage_taken":26.0,"relics_obtained":["Mango"]},{"damage_healed":0.0,"max_hp_gain":0.0,"max_hp_loss":0.0,"gold_gain":0.0,"event_name":"Upgrade Shrine","player_choice":"Upgraded","floor":3.0,"gold_loss":0.0,"damage_taken":0.0,"cards_upgraded":["Defend_R"]}],"is_beta":false,"boss_relics":[],"items_purged_floors":[],"is_endless":false,"potions_floor_spawned":[1,8],"killed_by":"Lots of Slimes","ascension_level":19}