{"gold_per_floor":[119,119,131,149,108,108,128,139,139,158,158,187,202,213,213,315,315,315],"floor_reached":18,"playtime":1289,"items_purged":[],"score":191,"play_id":"b5387b15-b16a-43e4-8bf9-ee7b41bbbc0c","local_time":"20190811224503","is_ascension_mode":false,"campfire_choices":[{"data":"Cloak And Dagger","floor":6,"key":"SMITH"},{"data":"Dodge and Roll","floor":15,"key":"SMITH"}],"neow_cost":"NONE","seed_source_timestamp":0,"circlet_count":0,"master_deck":["Strike_G","Strike_G","Strike_G","Strike_G","Defend_G","Defend_G","Defend_G","Defend_G","Defend_G","Survivor","Trip","Backstab","Bane","Cloak And Dagger+1","Acrobatics","Outmaneuver","Dodge and Roll+1","Backstab","Deadly Poison","Backflip","Venomology","Decay","Normality","Normality"],"special_seed":0,"relics":["Ring of the Snake","Blood Vial","Potion Belt","Calling Bell","Mango","Molten Egg 2","Lantern"],"potions_floor_usage":[12,12,16,18],"damage_taken":[{"damage":5.0,"enemies":"Small Slimes","floor":1.0,"turns":5.0},{"damage":0,"enemies":"Jaw Worm","floor":3,"turns":3},{"damage":0,"enemies":"2 Louse","floor":4,"turns":3},{"damage":0,"enemies":"Looter","floor":7,"turns":2},{"damage":2,"enemies":"Exordium Thugs","floor":8,"turns":5},{"damage":2,"enemies":"Blue Slaver","floor":10,"turns":4},{"damage":26,"enemies":"Gremlin Nob","floor":12,"turns":5},{"damage":0,"enemies":"Lots of Slimes","floor":13,"turns":4},{"damage":0,"enemies":"2 Fungi Beasts","floor":14,"turns":3},{"damage":23,"enemies":"Hexaghost","floor":16,"turns":12},{"damage":90,"enemies":"3 Byrds","floor":18,"turns":7}],"seed_played":"7588454363864255500","potions_obtained":[{"floor":3,"key":"Weak Potion"},{"floor":7,"key":"Fire Potion"},{"floor":10,"key":"Fruit Juice"}],"is_trial":false,"path_per_floor":["M","?","M","M","?","R","M","M","T","M","?","E","M","M","R","B",null,"M"],"character_chosen":"THE_SILENT","items_purchased":[],"campfire_rested":0,"item_purchase_floors":[],"current_hp_per_floor":[65,58,58,58,58,58,58,56,56,56,56,37,39,41,41,20,89,0],"gold":315,"neow_bonus":"RANDOM_COLORLESS","is_prod":false,"is_daily":false,"chose_seed":false,"campfire_upgraded":2,"win_rate":0,"timestamp":1565534703,"path_taken":["M","?","M","M","?","R","M","M","T","M","?","E","M","M","R","BOSS","M"],"build_version":"2019-07-17","purchased_purges":0,"victory":false,"max_hp_per_floor":[70,70,70,70,70,70,70,70,70,70,70,75,75,75,75,75,89,89],"card_choices":[{"not_picked":["Deadly Poison","Accuracy"],"picked":"Backstab","floor":1},{"not_picked":["Flying Knee","Underhanded Strike"],"picked":"Bane","floor":3},{"not_picked":["Slice","Expertise"],"picked":"Cloak And Dagger","floor":4},{"not_picked":["Slice","Dash"],"picked":"Acrobatics","floor":7},{"not_picked":["Predator","PiercingWail"],"picked":"Outmaneuver","floor":8},{"not_picked":["Cloak And Dagger","Wraith Form v2"],"picked":"Dodge and Roll","floor":10},{"not_picked":["Eviscerate","PiercingWail"],"picked":"Backstab","floor":12},{"not_picked":["Dodge and Roll","Flechettes"],"picked":"Deadly Poison","floor":13},{"not_picked":["Cloak And Dagger","Terror"],"picked":"Backflip","floor":14},{"not_picked":["Burst","Doppelganger"],"picked":"Venomology","floor":16}],"player_experience":65687,"relics_obtained":[{"floor":9,"key":"Blood Vial"},{"floor":12,"key":"Potion Belt"},{"floor":17,"key":"Mango"},{"floor":17,"key":"Molten Egg 2"},{"floor":17,"key":"Lantern"}],"event_choices":[{"cards_removed":["Strike_G"],"damage_healed":0,"gold_gain":0,"player_choice":"Card Removal","damage_taken":7,"max_hp_gain":0,"max_hp_loss":0,"event_name":"Golden Wing","floor":2,"gold_loss":0},{"damage_healed":0,"gold_gain":0,"player_choice":"Left Gold","damage_taken":0,"max_hp_gain":0,"max_hp_loss":0,"event_name":"World of Goop","floor":5,"gold_loss":41},{"cards_removed":["Neutralize"],"damage_healed":0,"gold_gain":0,"player_choice":"Forget","damage_taken":0,"max_hp_gain":0,"max_hp_loss":0,"event_name":"Living Wall","floor":11,"gold_loss":0}],"is_beta":false,"boss_relics":[{"not_picked":["Astrolabe","Ectoplasm"],"picked":"Calling Bell"}],"items_purged_floors":[],"is_endless":false,"potions_floor_spawned":[3,7,10],"killed_by":"3 Byrds","ascension_level":0}