{"gold_per_floor":[110,122,53,53,53,78,78,112,182,182,200,200,213,239,239,239],"floor_reached":16,"playtime":811,"items_purged":[],"score":150,"play_id":"db5554b2-1486-4f54-b365-a581b6683344","local_time":"20190814235440","is_ascension_mode":true,"campfire_choices":[{"data":"Quick Slash","floor":7,"key":"SMITH"},{"data":"Neutralize","floor":10,"key":"SMITH"},{"data":"Acrobatics","floor":12,"key":"SMITH"},{"data":"Choke","floor":15,"key":"SMITH"}],"neow_cost":"NONE","seed_source_timestamp":689730383003800,"circlet_count":0,"master_deck":["Strike_G","Strike_G","Strike_G","Strike_G","Strike_G","Defend_G","Defend_G","Defend_G","Defend_G","Defend_G","Survivor","Neutralize+1","Quick Slash+1","Acrobatics+1","Bullet Time+1","PiercingWail","Backflip","Calculated Gamble","Choke+1"],"relics":["Ring of the Snake","NeowsBlessing","Juzu Bracelet","Strawberry","Sundial","Kunai"],"potions_floor_usage":[8,8,14],"damage_taken":[{"damage":0,"enemies":"Jaw Worm","floor":1,"turns":1},{"damage":0,"enemies":"Small Slimes","floor":2,"turns":1},{"damage":0,"enemies":"3 Sentries","floor":6,"turns":1},{"damage":61,"enemies":"Lagavulin","floor":8,"turns":12},{"damage":0,"enemies":"Cultist","floor":11,"turns":3},{"damage":0,"enemies":"Red Slaver","floor":13,"turns":4},{"damage":21,"enemies":"3 Sentries","floor":14,"turns":12},{"damage":21,"enemies":"Slime Boss","floor":16,"turns":3}],"seed_played":"-5335091904644110527","potions_obtained":[{"floor":2,"key":"Regen Potion"},{"floor":6,"key":"GhostInAJar"},{"floor":11,"key":"Block Potion"}],"is_trial":false,"path_per_floor":["M","M","$","?","?","E","R","E","T","R","M","R","M","E","R","B"],"character_chosen":"THE_SILENT","items_purchased":["Bullet Time"],"campfire_rested":0,"item_purchase_floors":[3],"current_hp_per_floor":[70,70,70,70,70,70,70,31,31,31,31,31,31,10,10,0],"gold":239,"neow_bonus":"THREE_ENEMY_KILL","is_prod":false,"is_daily":false,"chose_seed":false,"campfire_upgraded":4,"win_rate":0,"timestamp":1565790880,"path_taken":["M","M","$","?","?","E","R","E","T","R","M","R","M","E","R","BOSS"],"build_version":"2019-07-17","purchased_purges":0,"victory":false,"max_hp_per_floor":[70,70,70,70,70,70,70,77,77,77,77,77,77,77,77,77],"card_choices":[{"not_picked":["Prepared","Dodge and Roll"],"picked":"Quick Slash","floor":1},{"not_picked":["Bouncing Flask","Dodge and Roll"],"picked":"Acrobatics","floor":2},{"not_picked":["Endless Agony","Outmaneuver"],"picked":"PiercingWail","floor":6},{"not_picked":["Die Die Die","Prepared"],"picked":"Backflip","floor":8},{"not_picked":["Slice","Backflip"],"picked":"Calculated Gamble","floor":11},{"not_picked":["Dodge and Roll","Dagger Spray","Blur"],"picked":"SKIP","floor":13},{"not_picked":["Catalyst","Quick Slash"],"picked":"Choke","floor":14}],"player_experience":36140,"relics_obtained":[{"floor":6,"key":"Juzu Bracelet"},{"floor":8,"key":"Strawberry"},{"floor":9,"key":"Sundial"},{"floor":14,"key":"Kunai"}],"event_choices":[{"damage_healed":0,"gold_gain":0,"player_choice":"Ignored","damage_taken":0,"max_hp_gain":0,"max_hp_loss":0,"event_name":"Liars Game","floor":4,"gold_loss":0},{"damage_healed":0,"gold_gain":0,"player_choice":"Upgraded","damage_taken":0,"max_hp_gain":0,"max_hp_loss":0,"event_name":"Upgrade Shrine","floor":5,"gold_loss":0,"cards_upgraded":["Bullet Time"]}],"is_beta":false,"boss_relics":[],"items_purged_floors":[],"is_endless":false,"potions_floor_spawned":[2,6,11],"killed_by":"Slime Boss","ascension_level":1}