{"gold_per_floor":[116,29,45,60,60,60,92,92,117,117,132,132,150,162,162,267,317,336,336,348,367,69,95,95,130,130,130,142,160,176,90,90,193,193,193],"floor_reached":35,"playtime":3986,"items_purged":["Pain"],"score":399,"play_id":"709b459e-46e3-4b5f-9ba6-0f094b8b67c7","local_time":"20190812201841","is_ascension_mode":false,"campfire_choices":[{"data":"Noxious Fumes","floor":6.0,"key":"SMITH"},{"data":"Neutralize","floor":10.0,"key":"SMITH"},{"data":"Cloak And Dagger","floor":12.0,"key":"SMITH"},{"data":"Dodge and Roll","floor":15.0,"key":"SMITH"},{"floor":24.0,"key":"REST"},{"floor":32.0,"key":"REST"}],"neow_cost":"NONE","seed_source_timestamp":0,"circlet_count":0,"master_deck":["Strike_G","Strike_G","Strike_G","Strike_G","Defend_G","Defend_G","Defend_G","Defend_G","Defend_G+1","Survivor","Neutralize+1","Sucker Punch","Noxious Fumes+1","Trip","PiercingWail","Escape Plan","Quick Slash","Cloak And Dagger+1","Dodge and Roll+1","Infinite Blades","Envenom","Infinite Blades","Predator","Backflip","Finisher+1","After Image","Jack Of All Trades","Leg Sweep","Accuracy","Writhe","Well Laid Plans","Heel Hook+1","Bandage Up","Tools of the Trade"],"special_seed":0,"relics":["Ring of the Snake","Bag of Marbles","Regal Pillow","Happy Flower","Tiny House","WarpedTongs","Bronze Scales","Snake Skull","Unceasing Top","Du-Vu Doll","HoveringKite"],"potions_floor_usage":[],"damage_taken":[{"damage":0.0,"enemies":"Cultist","floor":1.0,"turns":5.0},{"damage":2.0,"enemies":"Jaw Worm","floor":3.0,"turns":4.0},{"damage":1.0,"enemies":"Small Slimes","floor":4.0,"turns":4.0},{"damage":31.0,"enemies":"Gremlin Nob","floor":7.0,"turns":5.0},{"damage":1.0,"enemies":"2 Fungi Beasts","floor":11.0,"turns":4.0},{"damage":0.0,"enemies":"Lots of Slimes","floor":13.0,"turns":5.0},{"damage":7.0,"enemies":"Exordium Wildlife","floor":14.0,"turns":5.0},{"damage":10.0,"enemies":"The Guardian","floor":16.0,"turns":11.0},{"damage":1.0,"enemies":"Chosen","floor":18.0,"turns":5.0},{"damage":9.0,"enemies":"Shell Parasite","floor":20.0,"turns":6.0},{"damage":24.0,"enemies":"3 Cultists","floor":21.0,"turns":7.0},{"damage":24.0,"enemies":"Book of Stabbing","floor":23.0,"turns":8.0},{"damage":23.0,"enemies":"Slavers","floor":25.0,"turns":8.0},{"damage":13.0,"enemies":"Sentry and Sphere","floor":28.0,"turns":6.0},{"damage":7.0,"enemies":"Centurion and Healer","floor":29.0,"turns":6.0},{"damage":7.0,"enemies":"Snecko","floor":30.0,"turns":5.0},{"damage":14.0,"enemies":"Champ","floor":33.0,"turns":9.0},{"damage":12,"enemies":"3 Darklings","floor":35,"turns":3}],"seed_played":"-1156717692864784850","potions_obtained":[{"floor":4.0,"key":"Regen Potion"},{"floor":11.0,"key":"GhostInAJar"},{"floor":13.0,"key":"Poison Potion"},{"floor":14.0,"key":"AttackPotion"},{"floor":17.0,"key":"Block Potion"},{"floor":20.0,"key":"GamblersBrew"},{"floor":21.0,"key":"Ancient Potion"},{"floor":23.0,"key":"Energy Potion"},{"floor":29.0,"key":"Fire Potion"},{"floor":30.0,"key":"Block Potion"}],"is_trial":false,"path_per_floor":["M","$","M","M","?","R","E","?","T","R","M","R","M","M","R","B",null,"M","?","M","M","$","E","R","E","T","?","M","M","M","$","R","B",null,"M"],"character_chosen":"THE_SILENT","items_purchased":["Trip","After Image","Jack Of All Trades","Bandage Up"],"campfire_rested":2,"item_purchase_floors":[2,22,22,31],"current_hp_per_floor":[70,70,68,67,64,64,33,26,26,26,25,25,25,30,30,20,75,74,74,65,41,41,17,54,31,31,31,18,11,4,4,41,31,75,63],"gold":193,"neow_bonus":"THREE_CARDS","is_prod":false,"is_daily":false,"chose_seed":false,"campfire_upgraded":4,"win_rate":0,"timestamp":1565612321,"path_taken":["M","$","M","?","?","R","E","?","T","R","M","R","M","M","R","BOSS","M","?","?","M","$","E","R","E","T","?","M","M","M","$","R","BOSS","M"],"build_version":"2019-07-17","purchased_purges":1,"victory":false,"max_hp_per_floor":[70,70,70,70,70,70,70,70,70,70,70,70,70,70,70,70,75,75,75,75,75,75,75,75,75,75,75,75,75,75,75,75,75,75,75],"card_choices":[{"not_picked":["Deflect","Dash"],"picked":"Sucker Punch","floor":0.0},{"not_picked":["Outmaneuver","Backflip"],"picked":"Noxious Fumes","floor":1.0},{"not_picked":["Quick Slash","All Out Attack"],"picked":"PiercingWail","floor":3.0},{"not_picked":["Endless Agony","Flechettes"],"picked":"Escape Plan","floor":4.0},{"not_picked":["Finisher","PiercingWail"],"picked":"Quick Slash","floor":7.0},{"not_picked":["Backflip","Prepared"],"picked":"Cloak And Dagger","floor":11.0},{"not_picked":["Cloak And Dagger","Tactician"],"picked":"Dodge and Roll","floor":13.0},{"not_picked":["Quick Slash","Flechettes"],"picked":"Infinite Blades","floor":14.0},{"not_picked":["Night Terror","Doppelganger"],"picked":"Envenom","floor":16.0},{"not_picked":["Flying Knee","Quick Slash"],"picked":"Infinite Blades","floor":17.0},{"not_picked":["Eviscerate","Infinite Blades"],"picked":"Predator","floor":18.0},{"not_picked":["Escape Plan","PiercingWail"],"picked":"Backflip","floor":20.0},{"not_picked":["Infinite Blades","Quick Slash"],"picked":"Finisher+1","floor":21.0},{"not_picked":["Accuracy","Phantasmal Killer"],"picked":"Leg Sweep","floor":23.0},{"not_picked":["Finisher+1","Bane+1"],"picked":"Accuracy","floor":25.0},{"not_picked":["Blade Dance+1","Poisoned Stab+1"],"picked":"Well Laid Plans","floor":28.0},{"not_picked":["Slice","Blade Dance","Infinite Blades"],"picked":"SKIP","floor":29.0},{"not_picked":["Sucker Punch+1","Underhanded Strike"],"picked":"Heel Hook+1","floor":30.0},{"not_picked":["Glass Knife","Doppelganger"],"picked":"Tools of the Trade","floor":33.0}],"player_experience":84027,"relics_obtained":[{"floor":7.0,"key":"Regal Pillow"},{"floor":9.0,"key":"Happy Flower"},{"floor":23.0,"key":"Bronze Scales"},{"floor":25.0,"key":"Snake Skull"},{"floor":26.0,"key":"Unceasing Top"}],"event_choices":[{"damage_healed":0.0,"max_hp_gain":0.0,"max_hp_loss":0.0,"gold_gain":0.0,"event_name":"Scrap Ooze","player_choice":"Success","floor":5.0,"gold_loss":0.0,"damage_taken":3.0,"relics_obtained":["Bag of Marbles"]},{"cards_removed":["Strike_G"],"damage_healed":0.0,"max_hp_gain":0.0,"max_hp_loss":0.0,"gold_gain":0.0,"event_name":"Golden Wing","player_choice":"Card Removal","floor":8.0,"gold_loss":0.0,"damage_taken":7.0},{"damage_healed":0.0,"max_hp_gain":0.0,"max_hp_loss":0.0,"gold_gain":0.0,"event_name":"Accursed Blacksmith","player_choice":"Rummage","floor":19.0,"gold_loss":0.0,"damage_taken":0.0,"relics_obtained":["WarpedTongs"],"cards_obtained":["Pain"]},{"damage_healed":0.0,"max_hp_gain":0.0,"max_hp_loss":0.0,"gold_gain":0.0,"event_name":"The Mausoleum","player_choice":"Opened","floor":27.0,"gold_loss":0.0,"damage_taken":0.0,"relics_obtained":["Du-Vu Doll"],"cards_obtained":["Writhe"]}],"is_beta":false,"boss_relics":[{"not_picked":["Ring of the Serpent","Eternal Feather"],"picked":"Tiny House"},{"not_picked":["Cursed Key","Sozu"],"picked":"HoveringKite"}],"items_purged_floors":[22],"is_endless":false,"potions_floor_spawned":[4,11,13,14,20,21,23,29,30],"killed_by":"3 Darklings","ascension_level":0}