{"gold_per_floor":[109,34,53,53,68,68,68,68,114,130,155,176,76,153,153,153],"floor_reached":16,"playtime":281,"items_purged":["Defend_B","Defend_B"],"score":92,"play_id":"bd10bc53-c4b3-4dbc-b515-6daca13c76c5","local_time":"20190325235703","is_ascension_mode":false,"campfire_choices":[{"data":"Zap","floor":6,"key":"SMITH"},{"data":"Dualcast","floor":8,"key":"SMITH"},{"floor":15,"key":"REST"}],"neow_cost":"NONE","seed_source_timestamp":93737523904263,"circlet_count":0,"master_deck":["Strike_B","Strike_B","Strike_B","Defend_B","Defend_B","Zap+1","Dualcast+1","Gash","Gash","Rebound","Rebound","Self Repair","Sunder"],"relics":["Cracked Core","NeowsBlessing","Golden Idol","Orichalcum","Tiny Chest"],"potions_floor_usage":[11],"damage_taken":[{"damage":0,"enemies":"Small Slimes","floor":1,"turns":1},{"damage":0,"enemies":"2 Louse","floor":3,"turns":1},{"damage":0,"enemies":"Cultist","floor":5,"turns":1},{"damage":2,"enemies":"Lots of Slimes","floor":10,"turns":4},{"damage":14,"enemies":"Exordium Wildlife","floor":11,"turns":4},{"damage":26,"enemies":"Exordium Thugs","floor":12,"turns":4},{"damage":0,"enemies":"Hexaghost","floor":16,"turns":1}],"seed_played":"-3803460337583837219","potions_obtained":[{"floor":3,"key":"SpeedPotion"},{"floor":5,"key":"Poison Potion"},{"floor":12,"key":"Regen Potion"}],"is_trial":false,"path_per_floor":["M","$","M","?","M","R","?","R","T","M","M","M","$","T","R","B"],"character_chosen":"DEFECT","items_purchased":[],"campfire_rested":1,"item_purchase_floors":[],"current_hp_per_floor":[75,75,75,57,57,57,57,57,57,55,41,22,22,22,44,44],"gold":153,"neow_bonus":"THREE_ENEMY_KILL","is_prod":false,"is_daily":false,"chose_seed":false,"campfire_upgraded":2,"win_rate":0,"timestamp":1553583423,"path_taken":["M","$","M","?","M","R","?","R","T","?","M","M","$","?","R","BOSS"],"build_version":"2019-01-23","purchased_purges":2,"victory":false,"max_hp_per_floor":[75,75,75,75,75,75,75,75,75,75,75,75,75,75,75,75],"card_choices":[{"not_picked":["Capacitor","Self Repair"],"picked":"Gash","floor":1},{"not_picked":["Ball Lightning","Cold Snap"],"picked":"Gash","floor":3},{"not_picked":["Undo","Leap"],"picked":"Rebound","floor":5},{"not_picked":["Undo","Tempest"],"picked":"Rebound","floor":10},{"not_picked":["Blizzard","Turbo"],"picked":"Self Repair","floor":11},{"not_picked":["Heatsinks","Go for the Eyes"],"picked":"Sunder","floor":12}],"player_experience":1249130,"relics_obtained":[{"floor":9,"key":"Orichalcum"},{"floor":14,"key":"Tiny Chest"}],"event_choices":[{"damage_healed":0,"gold_gain":0,"player_choice":"Take Damage","damage_taken":18,"relics_obtained":["Golden Idol"],"max_hp_gain":0,"max_hp_loss":0,"event_name":"Golden Idol","floor":4,"gold_loss":0},{"cards_removed":["Strike_B"],"damage_healed":0,"gold_gain":0,"player_choice":"Purged","damage_taken":0,"max_hp_gain":0,"max_hp_loss":0,"event_name":"Purifier","floor":7,"gold_loss":0}],"is_beta":false,"boss_relics":[],"items_purged_floors":[2,13],"is_endless":false,"potions_floor_spawned":[3,5,12],"killed_by":"Hexaghost","ascension_level":0}