{"gold_per_floor":[118,43,60,60,60,60,78,78,78,95,17,48,69,144,144,249,249,265,280,29,48,48,77,77,107,107,107,120,150,168,183,183,183],"floor_reached":33,"playtime":3260,"items_purged":["Defend_G","Strike_G"],"score":380,"play_id":"d7b8eb57-3164-4e47-a7a7-4bd0a6d67a31","local_time":"20181116164648","is_ascension_mode":false,"campfire_choices":[{"floor":6.0,"key":"REST"},{"data":"Bullet Time","floor":8.0,"key":"SMITH"},{"floor":15.0,"key":"REST"},{"data":"Adrenaline","floor":24,"key":"SMITH"},{"data":"Doppelganger","floor":27,"key":"SMITH"},{"data":"Bullet Time","floor":32,"key":"SMITH"}],"neow_cost":"PERCENT_DAMAGE","seed_source_timestamp":0,"circlet_count":0,"master_deck":["Defend_G","Defend_G","Defend_G","Strike_G","Strike_G","Survivor","Neutralize","Bullet Time+1","Backflip","Escape Plan","Outmaneuver","Dash","Adrenaline+1","Flying Knee","Doppelganger+1","Choke+1","Flying Knee","Bullet Time+1","Venomology","Flying Knee","Flying Knee+1"],"special_seed":0,"relics":["Ring of the Snake","Thread and Needle","Mercury Hourglass","Odd Mushroom","WristBlade","PreservedInsect","Ancient Tea Set","Matryoshka","Paper Crane","Toxic Egg 2","Bag of Marbles"],"potions_floor_usage":[25,29,30,31,33,33],"damage_taken":[{"damage":1.0,"enemies":"2 Louse","floor":1.0,"turns":2.0},{"damage":5.0,"enemies":"Small Slimes","floor":3.0,"turns":3.0},{"damage":0.0,"enemies":"Cultist","floor":7.0,"turns":4.0},{"damage":0.0,"enemies":"Red Slaver","floor":10.0,"turns":3.0},{"damage":30.0,"enemies":"Gremlin Nob","floor":12.0,"turns":6.0},{"damage":0.0,"enemies":"The Mushroom Lair","floor":13.0,"turns":3.0},{"damage":47.0,"enemies":"Hexaghost","floor":16.0,"turns":13.0},{"damage":0.0,"enemies":"Shell Parasite","floor":18.0,"turns":5.0},{"damage":0,"enemies":"Chosen","floor":19,"turns":2},{"damage":15,"enemies":"Centurion and Healer","floor":21,"turns":6},{"damage":1,"enemies":"Slavers","floor":23,"turns":3},{"damage":0,"enemies":"Gremlin Leader","floor":25,"turns":3},{"damage":0,"enemies":"Snecko","floor":28,"turns":2},{"damage":0,"enemies":"Slavers","floor":29,"turns":4},{"damage":0,"enemies":"Snake Plant","floor":30,"turns":1},{"damage":8,"enemies":"Centurion and Healer","floor":31,"turns":2},{"damage":63,"enemies":"Collector","floor":33,"turns":16}],"seed_played":"4491446023692930934","potions_obtained":[{"floor":7.0,"key":"Regen Potion"},{"floor":12.0,"key":"Fire Potion"},{"floor":18.0,"key":"Regen Potion"},{"floor":21,"key":"Block Potion"},{"floor":28,"key":"PowerPotion"},{"floor":31,"key":"Fire Potion"}],"is_trial":false,"path_per_floor":["M","$","M","?","?","R","M","R","T","M","$","E","?","?","R","B",null,"M","M","$","M","?","E","R","E","T","R","M","E","M","M","R","B"],"character_chosen":"THE_SILENT","items_purchased":["Adrenaline","PreservedInsect"],"campfire_rested":2,"item_purchase_floors":[11,20],"current_hp_per_floor":[48,48,43,36,36,57,57,57,57,57,57,41,41,30,51,4,70,70,70,70,55,55,54,54,54,54,54,54,63,63,60,60,0],"gold":183,"neow_bonus":"THREE_RARE_CARDS","is_prod":false,"is_daily":false,"chose_seed":false,"campfire_upgraded":4,"win_rate":0,"timestamp":1542415608,"path_taken":["M","$","M","?","?","R","?","R","T","M","?","E","?","?","R","BOSS","M","M","$","M","?","E","R","E","T","R","M","E","M","M","R","BOSS"],"build_version":"2018-11-15","purchased_purges":2,"victory":false,"max_hp_per_floor":[70,70,70,70,70,70,70,70,70,70,70,70,70,70,70,70,70,70,70,70,70,70,70,70,70,70,70,70,70,70,70,70,70],"card_choices":[{"not_picked":["Unload","Die Die Die"],"picked":"Bullet Time","floor":0.0},{"not_picked":["Distraction","Cloak And Dagger"],"picked":"Backflip","floor":1.0},{"not_picked":["Deadly Poison","Poisoned Stab"],"picked":"Escape Plan","floor":3.0},{"not_picked":["Underhanded Strike","Caltrops","Eviscerate"],"picked":"SKIP","floor":7.0},{"not_picked":["Cloak And Dagger","Blade Dance"],"picked":"Dash","floor":10.0},{"not_picked":["All Out Attack","Backstab"],"picked":"Flying Knee","floor":12.0},{"not_picked":["Storm of Steel","A Thousand Cuts"],"picked":"Doppelganger","floor":16.0},{"not_picked":["Dodge and Roll","Bane"],"picked":"Choke+1","floor":18.0},{"not_picked":["All Out Attack","Poisoned Stab","Underhanded Strike+1"],"picked":"SKIP","floor":19},{"not_picked":["Poisoned Stab+1","Dodge and Roll"],"picked":"Flying Knee","floor":21},{"not_picked":["Bane+1","Sucker Punch"],"picked":"Venomology","floor":23},{"not_picked":["Dagger Throw","Tactician"],"picked":"Flying Knee","floor":25},{"not_picked":["Deadly Poison+1","PiercingWail+1","Deflect+1"],"picked":"SKIP","floor":28},{"not_picked":["Dagger Throw+1","Glass Knife","Underhanded Strike"],"picked":"SKIP","floor":29},{"not_picked":["Endless Agony","Noxious Fumes+1","Concentrate+1"],"picked":"SKIP","floor":30},{"not_picked":["Infinite Blades","All Out Attack"],"picked":"Flying Knee+1","floor":31}],"player_experience":987772,"relics_obtained":[{"floor":9.0,"key":"Thread and Needle"},{"floor":12.0,"key":"Mercury Hourglass"},{"floor":13.0,"key":"Odd Mushroom"},{"floor":23,"key":"Ancient Tea Set"},{"floor":25,"key":"Matryoshka"},{"floor":26,"key":"Paper Crane"},{"floor":26,"key":"Toxic Egg 2"},{"floor":29,"key":"Bag of Marbles"}],"event_choices":[{"cards_removed":["Strike_G"],"damage_healed":0.0,"max_hp_gain":0.0,"max_hp_loss":0.0,"gold_gain":0.0,"event_name":"Golden Wing","player_choice":"Card Removal","floor":4.0,"gold_loss":0.0,"damage_taken":7.0},{"damage_healed":0.0,"max_hp_gain":0.0,"max_hp_loss":0.0,"gold_gain":0.0,"cards_transformed":["Defend_G"],"event_name":"Transmorgrifier","player_choice":"Transformed","floor":5.0,"gold_loss":0.0,"damage_taken":0.0,"cards_obtained":["Outmaneuver"]},{"damage_healed":0.0,"max_hp_gain":0.0,"max_hp_loss":0.0,"gold_gain":0.0,"event_name":"Mushrooms","player_choice":"Fought Mushrooms","floor":13.0,"gold_loss":0.0,"damage_taken":0.0},{"damage_healed":0.0,"max_hp_gain":0.0,"max_hp_loss":0.0,"gold_gain":75.0,"event_name":"World of Goop","player_choice":"Gather Gold","floor":14.0,"gold_loss":0.0,"damage_taken":11.0},{"damage_healed":0,"gold_gain":0,"cards_transformed":["Strike_G"],"player_choice":"Transformed","damage_taken":0,"max_hp_gain":0,"max_hp_loss":0,"event_name":"Transmorgrifier","floor":22,"gold_loss":0,"cards_obtained":["Bullet Time"]}],"is_beta":false,"boss_relics":[{"not_picked":["Astrolabe","Ring of the Serpent"],"picked":"WristBlade"}],"items_purged_floors":[2,20],"is_endless":false,"potions_floor_spawned":[7,12,18,21,23,28,31],"killed_by":"Collector","ascension_level":0}