{"gold_per_floor":[109,109,109,34,50,50,64,78,78,78,97,62,105,105,105,105],"floor_reached":16,"playtime":203,"items_purged":["Defend_B"],"score":100,"play_id":"5a71c3c5-833e-4e59-bcf2-7a13cd4b2a5f","local_time":"20190420213646","is_ascension_mode":false,"campfire_choices":[{"data":"Zap","floor":6,"key":"SMITH"},{"data":"Melter","floor":10,"key":"SMITH"},{"floor":15,"key":"REST"}],"neow_cost":"NONE","seed_source_timestamp":785721090318358,"circlet_count":0,"master_deck":["Strike_B","Strike_B","Strike_B","Strike_B","Defend_B","Defend_B","Zap+1","Dualcast","Melter+1","Sunder+1","Lockon"],"relics":["Cracked Core","NeowsBlessing","Golden Idol","Smiling Mask","Matryoshka"],"potions_floor_usage":[13],"damage_taken":[{"damage":0,"enemies":"Jaw Worm","floor":1,"turns":1},{"damage":0,"enemies":"Small Slimes","floor":5,"turns":1},{"damage":0,"enemies":"Cultist","floor":7,"turns":1},{"damage":12,"enemies":"Blue Slaver","floor":8,"turns":2},{"damage":16,"enemies":"Exordium Wildlife","floor":11,"turns":3},{"damage":40,"enemies":"Lagavulin","floor":13,"turns":4},{"damage":0,"enemies":"Hexaghost","floor":16,"turns":1}],"seed_played":"-4029206321375907694","potions_obtained":[{"floor":1,"key":"Strength Potion"},{"floor":7,"key":"FocusPotion"}],"is_trial":false,"path_per_floor":["M","?","?","$","M","R","M","M","T","R","M","?","E","?","R","B"],"character_chosen":"DEFECT","items_purchased":[],"campfire_rested":1,"item_purchase_floors":[],"current_hp_per_floor":[75,75,57,57,57,57,57,45,45,45,29,47,7,7,29,29],"gold":105,"neow_bonus":"THREE_ENEMY_KILL","is_prod":false,"is_daily":false,"chose_seed":false,"campfire_upgraded":2,"win_rate":0,"timestamp":1555821406,"path_taken":["M","?","?","$","M","R","M","?","T","R","M","?","E","?","R","BOSS"],"build_version":"2019-01-23","purchased_purges":1,"victory":false,"max_hp_per_floor":[75,75,75,75,75,75,75,75,75,75,75,75,75,75,75,75],"card_choices":[{"not_picked":["Gash","Turbo"],"picked":"Melter","floor":1},{"not_picked":["Cold Snap","Blizzard","Chill"],"picked":"SKIP","floor":5},{"not_picked":["Auto Shields","Coolheaded","Hologram"],"picked":"SKIP","floor":7},{"not_picked":["Redo","Blizzard","White Noise"],"picked":"SKIP","floor":8},{"not_picked":["Beam Cell","Gash"],"picked":"Sunder","floor":11},{"not_picked":["Rip and Tear","Buffer"],"picked":"Lockon","floor":13}],"player_experience":1290405,"relics_obtained":[{"floor":9,"key":"Smiling Mask"},{"floor":13,"key":"Matryoshka"}],"event_choices":[{"cards_removed":["Defend_B"],"damage_healed":0,"gold_gain":0,"player_choice":"Forget","damage_taken":0,"max_hp_gain":0,"max_hp_loss":0,"event_name":"Living Wall","floor":2,"gold_loss":0},{"damage_healed":0,"gold_gain":0,"player_choice":"Take Damage","damage_taken":18,"relics_obtained":["Golden Idol"],"max_hp_gain":0,"max_hp_loss":0,"event_name":"Golden Idol","floor":3,"gold_loss":0},{"damage_healed":18,"gold_gain":0,"player_choice":"Healed","damage_taken":0,"max_hp_gain":0,"max_hp_loss":0,"event_name":"The Cleric","floor":12,"gold_loss":35},{"damage_healed":0,"gold_gain":0,"player_choice":"Upgraded","damage_taken":0,"max_hp_gain":0,"max_hp_loss":0,"event_name":"Upgrade Shrine","floor":14,"gold_loss":0,"cards_upgraded":["Sunder"]}],"is_beta":false,"boss_relics":[],"items_purged_floors":[4],"is_endless":false,"potions_floor_spawned":[1,7],"killed_by":"Hexaghost","ascension_level":0}