{"gold_per_floor":[117,117,133,152,172,205,5,32,58,58,86,86,86,117,117,215,215,229,122,140,140,140,140,159,159,185,218,218,237,247,247,247,346,346,360,375,375,375,375,402,402,413,438,107,107,117,117,134,134,134],"floor_reached":51,"playtime":8744,"items_purged":["Strike_R","Defend_R","Writhe"],"score":748,"play_id":"d3fb6037-e0de-4a88-85bd-e71027ad6b7a","local_time":"20180811202651","is_ascension_mode":false,"campfire_choices":[{"data":"Evolve","floor":12,"key":"SMITH"},{"data":"Reckless Charge","floor":15,"key":"SMITH"},{"data":"Feel No Pain","floor":23,"key":"SMITH"},{"data":"Fiend Fire","floor":25,"key":"SMITH"},{"data":"Second Wind","floor":28,"key":"SMITH"},{"floor":32,"key":"REST"},{"floor":45,"key":"REST"},{"data":"Evolve","floor":47,"key":"SMITH"},{"data":"Sentinel","floor":49,"key":"SMITH"}],"neow_cost":"PERCENT_DAMAGE","seed_source_timestamp":556777152667103,"circlet_count":0,"master_deck":["Strike_R","Strike_R+1","Defend_R","Bash+1","Wild Strike","Impervious","Evolve+1","Ghostly Armor","Second Wind+1","Purity","Power Through","Wild Strike","Reckless Charge+1","Fiend Fire+1","Reckless Charge","Feel No Pain+1","Ghostly Armor+1","Dark Embrace+1","Wild Strike+1","Evolve+1","Madness","Madness","Sentinel+1"],"relics":["Burning Blood","The Courier","Red Skull","Bag of Preparation","Art of War","Happy Flower","Lizard Tail","Potion Belt","Gremlin Horn","Gambling Chip","Sozu","StoneCalendar","Omamori","Pen Nib","Strange Spoon"],"potions_floor_usage":[16,20,27,50],"damage_taken":[{"damage":0,"enemies":"2 Louse","floor":1,"turns":3},{"damage":0,"enemies":"Jaw Worm","floor":3,"turns":3},{"damage":0,"enemies":"Cultist","floor":4,"turns":3},{"damage":6,"enemies":"3 Louse","floor":5,"turns":3},{"damage":17,"enemies":"Gremlin Nob","floor":6,"turns":4},{"damage":15,"enemies":"Lagavulin","floor":8,"turns":6},{"damage":0,"enemies":"3 Sentries","floor":11,"turns":8},{"damage":6,"enemies":"Gremlin Nob","floor":14,"turns":3},{"damage":9,"enemies":"The Guardian","floor":16,"turns":9},{"damage":20,"enemies":"2 Thieves","floor":18,"turns":4},{"damage":5,"enemies":"Spheric Guardian","floor":20,"turns":3},{"damage":2,"enemies":"3 Cultists","floor":24,"turns":7},{"damage":19,"enemies":"Slavers","floor":27,"turns":4},{"damage":30,"enemies":"Cultist and Chosen","floor":29,"turns":5},{"damage":7,"enemies":"Centurion and Healer","floor":30,"turns":4},{"damage":51,"enemies":"Automaton","floor":33,"turns":15},{"damage":10,"enemies":"3 Darklings","floor":35,"turns":6},{"damage":0,"enemies":"Flame Bruiser 1 Orb","floor":36,"turns":4},{"damage":22,"floor":38,"turns":6},{"damage":36,"enemies":"Nemesis","floor":40,"turns":5},{"damage":38,"enemies":"3 Darklings","floor":42,"turns":5},{"damage":0,"enemies":"Spire Growth","floor":46,"turns":3},{"damage":0,"enemies":"Sphere and 2 Shapes","floor":48,"turns":3},{"damage":0,"enemies":"Time Eater","floor":50,"turns":8}],"seed_played":"6042881599367556863","potions_obtained":[{"floor":4,"key":"Poison Potion"},{"floor":5,"key":"EssenceOfSteel"},{"floor":6,"key":"Fire Potion"},{"floor":20,"key":"Fire Potion"},{"floor":24,"key":"Dexterity Potion"},{"floor":33,"key":"SneckoOil"}],"is_trial":false,"path_per_floor":["M","?","M","M","M","E","$","E","T","?","E","R","?","E","R","B",null,"M","$","M","?","?","R","M","R","T","E","R","M","M","?","R","B",null,"M","M","?","?","?","E","?","M","T","$","R","M","R","M","R","B"],"character_chosen":"IRONCLAD","items_purchased":["Second Wind","Purity","Reckless Charge","Sentinel","Strange Spoon"],"campfire_rested":2,"item_purchase_floors":[7,7,19,44,44],"current_hp_per_floor":[62,46,52,58,58,47,47,38,38,31,37,37,37,37,37,34,80,66,66,67,67,67,67,71,71,71,58,58,34,33,33,57,12,80,76,80,70,54,54,24,70,38,38,38,59,65,65,70,70,70],"gold":134,"neow_bonus":"TRANSFORM_TWO_CARDS","is_prod":false,"is_daily":false,"chose_seed":false,"campfire_upgraded":7,"win_rate":0,"timestamp":1534044411,"path_taken":["M","?","?","M","M","E","$","E","T","?","E","R","?","E","R","BOSS","M","$","M","?","?","R","M","R","T","E","R","M","M","?","R","BOSS","M","M","?","?","?","E","?","M","T","$","R","M","R","?","R","BOSS"],"build_version":"2018-08-09","purchased_purges":3,"victory":true,"max_hp_per_floor":[80,80,80,80,80,80,80,80,80,80,80,80,80,80,80,80,80,80,80,80,80,80,80,80,80,80,80,80,80,80,80,80,80,80,80,80,80,80,80,80,70,70,70,70,70,70,70,70,70,70],"card_choices":[{"not_picked":["Iron Wave","Pummel","Infernal Blade"],"picked":"SKIP","floor":1},{"not_picked":["Shrug It Off","Flame Barrier"],"picked":"Evolve","floor":3},{"not_picked":["Battle Trance","Flame Barrier","Entrench"],"picked":"SKIP","floor":4},{"not_picked":["Anger","Rampage","Headbutt"],"picked":"SKIP","floor":5},{"not_picked":["Berserk","Perfected Strike"],"picked":"Ghostly Armor","floor":6},{"not_picked":["Spot Weakness","Hemokinesis"],"picked":"Power Through","floor":8},{"not_picked":["Seeing Red","Heavy Blade"],"picked":"Wild Strike","floor":11},{"not_picked":["Inflame","Second Wind"],"picked":"Reckless Charge","floor":14},{"not_picked":["Double Tap","Brutality"],"picked":"Fiend Fire","floor":16},{"not_picked":["Infernal Blade","Cleave","Blood for Blood"],"picked":"SKIP","floor":18},{"not_picked":["Clothesline","Cleave","Hemokinesis+1"],"picked":"SKIP","floor":20},{"not_picked":["Combust+1","Dropkick","Iron Wave"],"picked":"SKIP","floor":24},{"not_picked":["Heavy Blade","Combust+1"],"picked":"Ghostly Armor+1","floor":27},{"not_picked":["Twin Strike","Inflame","Barricade"],"picked":"SKIP","floor":29},{"not_picked":["Anger","Thunderclap","Uppercut+1"],"picked":"SKIP","floor":30},{"not_picked":["Brutality","Exhume"],"picked":"Dark Embrace","floor":33},{"not_picked":["Entrench","Flex"],"picked":"Wild Strike+1","floor":35},{"not_picked":["Ghostly Armor","Headbutt+1"],"picked":"Evolve","floor":36},{"not_picked":["Thunderclap","Barricade","Limit Break"],"picked":"SKIP","floor":40},{"not_picked":["Thunderclap","Blood for Blood+1","Flex"],"picked":"SKIP","floor":42},{"not_picked":["Clash","Havoc","Armaments"],"picked":"SKIP","floor":46},{"not_picked":["Perfected Strike","Uppercut+1","Flex+1"],"picked":"SKIP","floor":48}],"player_experience":602676,"relics_obtained":[{"floor":6,"key":"The Courier"},{"floor":8,"key":"Red Skull"},{"floor":9,"key":"Bag of Preparation"},{"floor":11,"key":"Art of War"},{"floor":14,"key":"Happy Flower"},{"floor":26,"key":"Potion Belt"},{"floor":27,"key":"Gremlin Horn"},{"floor":38,"key":"StoneCalendar"},{"floor":40,"key":"Omamori"},{"floor":43,"key":"Pen Nib"}],"event_choices":[{"event_name":"Shining Light","player_choice":"Entered Light","floor":2,"damage_taken":0},{"event_name":"Golden Wing","player_choice":"Card Removal","floor":10,"damage_taken":0},{"event_name":"Living Wall","player_choice":"Forget","floor":13,"damage_taken":0},{"event_name":"The Library","player_choice":"Read","floor":21,"damage_taken":0},{"event_name":"Ghosts","player_choice":"Ignored","floor":22,"damage_taken":0},{"event_name":"The Mausoleum","player_choice":"Yes","floor":31,"damage_taken":0},{"event_name":"Winding Halls","player_choice":"Embrace Madness","floor":37,"damage_taken":0},{"event_name":"MindBloom","player_choice":"Fight","floor":38,"damage_taken":0},{"event_name":"Upgrade Shrine","player_choice":"Upgraded","floor":39,"damage_taken":0},{"event_name":"The Moai Head","player_choice":"Heal","floor":41,"damage_taken":0}],"is_beta":false,"boss_relics":[{"not_picked":["Pandora\u0027s Box","Coffee Dripper"],"picked":"Lizard Tail"},{"not_picked":["Black Blood","Eternal Feather"],"picked":"Sozu"}],"items_purged_floors":[7,19,44],"is_endless":false,"potions_floor_spawned":[4,5,6,11,20,24,33,35,38,46,48],"ascension_level":0}