{"gold_per_floor":[115,115,126,126,139,170,170,206,206,169,169,204,204,225,225,319,319,339,339,298,223,223,223,237,273,273,273,24,67,67,67,67,156,156,175,195,6,6],"floor_reached":38,"playtime":2950,"items_purged":["Strike_B","Strike_B"],"score":817,"play_id":"11c42a7d-6318-4f43-8282-b84535bb915f","local_time":"20190419151855","is_ascension_mode":true,"campfire_choices":[{"floor":7.0,"key":"REST"},{"floor":11,"key":"REST"},{"data":"Streamline","floor":13,"key":"SMITH"},{"floor":15,"key":"REST"},{"data":"Seek","floor":23,"key":"SMITH"},{"data":"Defragment","floor":27,"key":"SMITH"},{"data":"Creative AI","floor":30,"key":"SMITH"},{"data":"Go for the Eyes","floor":32,"key":"SMITH"}],"neow_cost":"NONE","seed_source_timestamp":0,"circlet_count":0,"master_deck":["AscendersBane","Strike_B","Defend_B","Defend_B","Zap","Dualcast","Sweeping Beam","Leap","Streamline+1","Beam Cell","Turbo","Cold Snap","Go for the Eyes+1","Echo Form","Leap","Defragment+1","Cold Snap","Leap","Seek+1","Conserve Battery","White Noise+1","Creative AI+1","Amplify","Leap+1","Capacitor+1","Skim"],"special_seed":0,"relics":["Eternal Feather","Kunai","Golden Idol","Centennial Puzzle","Thread and Needle","Calipers","Torii","Coffee Dripper","Letter Opener","Turnip","Vajra","Philosopher\u0027s Stone"],"potions_floor_usage":[8,16,25],"damage_taken":[{"damage":13.0,"enemies":"Cultist","floor":1.0,"turns":5.0},{"damage":0.0,"enemies":"Small Slimes","floor":3.0,"turns":4.0},{"damage":0.0,"enemies":"2 Louse","floor":5.0,"turns":3.0},{"damage":46.0,"enemies":"Lagavulin","floor":6.0,"turns":7.0},{"damage":23,"enemies":"Gremlin Nob","floor":8,"turns":4},{"damage":16,"enemies":"3 Sentries","floor":12,"turns":9},{"damage":6,"enemies":"Exordium Wildlife","floor":14,"turns":3},{"damage":13,"enemies":"The Guardian","floor":16,"turns":16},{"damage":9,"enemies":"Shell Parasite","floor":18,"turns":6},{"damage":10,"enemies":"2 Thieves","floor":20,"turns":5},{"damage":18,"enemies":"Snake Plant","floor":24,"turns":6},{"damage":2,"enemies":"Book of Stabbing","floor":25,"turns":6},{"damage":49,"enemies":"Slavers","floor":29,"turns":7},{"damage":9,"enemies":"Automaton","floor":33,"turns":12},{"damage":41,"enemies":"3 Darklings","floor":35,"turns":5},{"damage":0,"enemies":"3 Shapes","floor":36,"turns":4},{"damage":24,"enemies":"Spire Growth","floor":38,"turns":3}],"seed_played":"-4997854911367620986","potions_obtained":[{"floor":5.0,"key":"LiquidBronze"},{"floor":6.0,"key":"EssenceOfSteel"},{"floor":12,"key":"Dexterity Potion"},{"floor":20,"key":"Swift Potion"},{"floor":25,"key":"SteroidPotion"}],"is_trial":false,"path_per_floor":["M","T","M","?","M","E","R","E","T","?","R","E","R","M","R","B",null,"M","?","M","?","?","R","M","E","T","R","$","E","R","?","R","B",null,"M","M","$","M"],"character_chosen":"DEFECT","items_purchased":["Creative AI","Skim"],"campfire_rested":3,"item_purchase_floors":[28,37],"current_hp_per_floor":[51,51,51,51,51,5,35,12,12,12,42,26,35,29,59,46,65,56,56,46,46,46,58,40,38,38,50,50,1,13,13,25,16,57,16,16,16,0],"gold":6,"neow_bonus":"BOSS_RELIC","is_prod":false,"is_daily":false,"chose_seed":false,"campfire_upgraded":5,"win_rate":0,"timestamp":1555712335,"path_taken":["M","?","M","?","M","E","R","E","T","?","R","E","R","?","R","BOSS","M","?","M","?","?","R","?","E","T","R","$","E","R","?","R","BOSS","M","M","$","M"],"build_version":"2019-01-23","purchased_purges":2,"victory":false,"max_hp_per_floor":[71,71,71,71,71,71,71,71,71,71,71,71,71,71,71,71,71,71,71,71,71,71,71,71,71,71,71,71,71,71,71,71,71,71,71,71,71,71],"card_choices":[{"not_picked":["Hologram","Genetic Algorithm"],"picked":"Sweeping Beam","floor":1.0},{"not_picked":["Cold Snap","Coolheaded"],"picked":"Leap","floor":3.0},{"not_picked":["Heatsinks","Rip and Tear"],"picked":"Streamline","floor":5.0},{"not_picked":["Thunder Strike","Defragment"],"picked":"Beam Cell","floor":6.0},{"not_picked":["Cold Snap","Hello World"],"picked":"Turbo","floor":8},{"not_picked":["Go for the Eyes","Lockon"],"picked":"Cold Snap","floor":12},{"not_picked":["Sweeping Beam","Stack"],"picked":"Go for the Eyes","floor":14},{"not_picked":["Meteor Strike","Amplify"],"picked":"Echo Form","floor":16},{"not_picked":["Barrage","Rip and Tear"],"picked":"Leap","floor":18},{"not_picked":["Go for the Eyes","Recycle"],"picked":"Cold Snap","floor":20},{"not_picked":["Streamline","White Noise"],"picked":"Conserve Battery","floor":24},{"not_picked":["Beam Cell","Steam"],"picked":"White Noise+1","floor":25},{"not_picked":["Multi-Cast","Ball Lightning","Sweeping Beam"],"picked":"SKIP","floor":29},{"not_picked":["Echo Form","Hyperbeam"],"picked":"Amplify","floor":33},{"not_picked":["Barrage","Go for the Eyes"],"picked":"Leap+1","floor":35},{"not_picked":["Sunder","Skim+1"],"picked":"Capacitor+1","floor":36}],"player_experience":1287126,"relics_obtained":[{"floor":2.0,"key":"Kunai"},{"floor":6.0,"key":"Centennial Puzzle"},{"floor":8,"key":"Thread and Needle"},{"floor":9,"key":"Calipers"},{"floor":12,"key":"Torii"},{"floor":25,"key":"Letter Opener"},{"floor":26,"key":"Turnip"},{"floor":29,"key":"Vajra"}],"event_choices":[{"damage_healed":0.0,"max_hp_gain":0.0,"max_hp_loss":0.0,"gold_gain":0.0,"event_name":"Golden Idol","player_choice":"Take Wound","floor":4.0,"gold_loss":0.0,"damage_taken":0.0,"relics_obtained":["Golden Idol"],"cards_obtained":["Injury"]},{"damage_healed":0,"gold_gain":0,"player_choice":"Left Gold","damage_taken":0,"max_hp_gain":0,"max_hp_loss":0,"event_name":"World of Goop","floor":10,"gold_loss":37},{"damage_healed":0,"gold_gain":0,"player_choice":"Read","damage_taken":0,"max_hp_gain":0,"max_hp_loss":0,"event_name":"The Library","floor":19,"gold_loss":0,"cards_obtained":["Defragment"]},{"cards_removed":["Injury"],"damage_healed":0,"gold_gain":0,"player_choice":"Gave Gold","damage_taken":0,"max_hp_gain":0,"max_hp_loss":0,"event_name":"Beggar","floor":21,"gold_loss":75},{"damage_healed":0,"gold_gain":0,"cards_transformed":["Strike_B","Defend_B"],"player_choice":"Became Test Subject","damage_taken":0,"max_hp_gain":0,"max_hp_loss":0,"event_name":"Drug Dealer","floor":22,"gold_loss":0,"cards_obtained":["Leap","Seek"]},{"cards_removed":["Defend_B"],"damage_healed":0,"gold_gain":0,"player_choice":"Elegance","damage_taken":0,"max_hp_gain":0,"max_hp_loss":0,"event_name":"Back to Basics","floor":31,"gold_loss":0}],"is_beta":false,"boss_relics":[{"not_picked":["Sozu","Ectoplasm"],"picked":"Coffee Dripper"},{"not_picked":["Pandora\u0027s Box","Velvet Choker"],"picked":"Philosopher\u0027s Stone"}],"items_purged_floors":[28,37],"is_endless":false,"potions_floor_spawned":[5,6,12,20,24,25],"killed_by":"Spire Growth","ascension_level":17}