{"gold_per_floor":[112,112,37,50,125,125,95,113,113,124,152,165,185,85,85,181,181,194,207,240,240,252,252,279,279,279,293,168,181,31,51,51,146,146,156,156,172,172,186,186,196,21,21,40,140,193,224,234,234,234,234,234,0,26,26],"floor_reached":56,"playtime":3359,"items_purged":["Strike_R","Defend_R","Thunderclap","Pommel Strike","Clash"],"score":1201,"play_id":"79580de9-a51a-4d52-ab70-71a7d3eb529f","local_time":"20190425164100","is_ascension_mode":false,"campfire_choices":[{"data":"Bash","floor":6.0,"key":"SMITH"},{"data":"Shrug It Off","floor":15.0,"key":"SMITH"},{"data":"Dropkick","floor":23.0,"key":"SMITH"},{"data":"Bludgeon","floor":32.0,"key":"SMITH"},{"data":"Dropkick","floor":40.0,"key":"SMITH"},{"floor":49.0,"key":"RECALL"},{"data":"Thunderclap","floor":52,"key":"SMITH"}],"neow_cost":"NONE","seed_source_timestamp":0,"circlet_count":0,"master_deck":["Bash+1","Shrug It Off+1","Thunderclap+1","Bludgeon+1","Dropkick+1","Dropkick+1","Necronomicurse","Shrug It Off"],"special_seed":0,"relics":["Burning Blood","Dodecahedron","PreservedInsect","Pandora\u0027s Box","Red Mask","Dream Catcher","Necronomicon","Kunai","Sozu","Dead Branch","Champion Belt","War Paint","TheAbacus","Red Skull"],"potions_floor_usage":[],"damage_taken":[{"damage":7.0,"enemies":"2 Louse","floor":1.0,"turns":3.0},{"damage":0.0,"enemies":"Cultist","floor":4.0,"turns":2.0},{"damage":0.0,"enemies":"Small Slimes","floor":8.0,"turns":4.0},{"damage":2.0,"enemies":"Blue Slaver","floor":10.0,"turns":3.0},{"damage":55.0,"enemies":"3 Sentries","floor":11.0,"turns":13.0},{"damage":1.0,"enemies":"2 Fungi Beasts","floor":12.0,"turns":3.0},{"damage":2.0,"enemies":"Looter","floor":13.0,"turns":4.0},{"damage":17.0,"enemies":"The Guardian","floor":16.0,"turns":12.0},{"damage":20.0,"enemies":"2 Thieves","floor":18.0,"turns":3.0},{"damage":0.0,"enemies":"Chosen","floor":19.0,"turns":3.0},{"damage":0.0,"enemies":"Masked Bandits","floor":20.0,"turns":2.0},{"damage":4.0,"enemies":"Snake Plant","floor":22.0,"turns":2.0},{"damage":29.0,"enemies":"Slavers","floor":24.0,"turns":4.0},{"damage":0.0,"enemies":"Cultist and Chosen","floor":27.0,"turns":4.0},{"damage":8.0,"enemies":"Centurion and Healer","floor":29.0,"turns":4.0},{"damage":12.0,"enemies":"Shelled Parasite and Fungi","floor":31.0,"turns":4.0},{"damage":9.0,"enemies":"Collector","floor":33.0,"turns":6.0},{"damage":0.0,"enemies":"3 Darklings","floor":35.0,"turns":3.0},{"damage":0.0,"enemies":"Orb Walker","floor":37.0,"turns":1.0},{"damage":0.0,"enemies":"Maw","floor":39.0,"turns":4.0},{"damage":6.0,"enemies":"Sphere and 2 Shapes","floor":41.0,"turns":3.0},{"damage":0.0,"enemies":"3 Darklings","floor":44.0,"turns":3.0},{"damage":9.0,"enemies":"Mind Bloom Boss Battle","floor":45.0,"turns":4.0},{"damage":14.0,"enemies":"2 Orb Walkers","floor":46.0,"turns":3.0},{"damage":0.0,"enemies":"Giant Head","floor":47.0,"turns":4.0},{"damage":0.0,"enemies":"Spire Growth","floor":48.0,"turns":2.0},{"damage":27.0,"enemies":"Donu and Deca","floor":50.0,"turns":6.0},{"damage":0,"enemies":"Shield and Spear","floor":54,"turns":2},{"damage":79,"enemies":"The Heart","floor":55,"turns":6}],"seed_played":"-1235765220671941551","potions_obtained":[{"floor":1.0,"key":"Dexterity Potion"},{"floor":7.0,"key":"SneckoOil"},{"floor":7.0,"key":"SteroidPotion"},{"floor":13.0,"key":"Weak Potion"},{"floor":16.0,"key":"FearPotion"},{"floor":18.0,"key":"Explosive Potion"},{"floor":24.0,"key":"Strength Potion"},{"floor":27.0,"key":"Ancient Potion"},{"floor":29.0,"key":"Poison Potion"},{"floor":33.0,"key":"Regen Potion"}],"is_trial":false,"path_per_floor":["M","?","$","M","?","R","?","M","T","M","E","M","M","$","R","B",null,"M","M","?","?","M","R","E","?","T","M","$","M","$","M","R","B",null,"M","?","M","$","M","R","M","$","T","M","?","?","E","M","R","B",null,"R","$","E","B",null],"character_chosen":"IRONCLAD","items_purchased":["TheAbacus","Shrug It Off"],"campfire_rested":0,"item_purchase_floors":[53,53],"current_hp_per_floor":[79,79,79,80,69,69,69,75,75,79,30,35,39,39,39,28,80,66,72,78,78,80,80,57,41,41,47,47,45,45,39,39,36,80,80,80,80,80,80,80,80,80,80,80,77,76,80,80,80,59,80,80,80,80,7],"gold":26,"neow_bonus":"TRANSFORM_CARD","is_prod":false,"is_daily":false,"chose_seed":false,"campfire_upgraded":6,"win_rate":0,"timestamp":1556203260,"path_taken":["M","?","$","M","?","R","?","?","T","M","E","M","?","$","R","BOSS","M","?","?","?","M","R","E","?","T","M","$","M","$","M","R","BOSS","M","?","M","$","M","R","M","$","T","M","?","?","E","M","R","BOSS","R","$","E","BOSS"],"build_version":"2019-04-23","purchased_purges":5,"victory":true,"max_hp_per_floor":[80,80,80,80,80,80,80,80,80,80,80,80,80,80,80,80,80,80,80,80,80,80,80,80,80,80,80,80,80,80,80,80,80,80,80,80,80,80,80,80,80,80,80,80,80,80,80,80,80,80,80,80,80,80,80],"card_choices":[{"not_picked":["Spot Weakness","Anger","Iron Wave"],"picked":"SKIP","floor":1.0},{"not_picked":["Corruption","Clash","Hemokinesis"],"picked":"SKIP","floor":4.0},{"not_picked":["Corruption","Seeing Red","Wild Strike"],"picked":"SKIP","floor":8.0},{"not_picked":["Uppercut","Clothesline","Entrench"],"picked":"SKIP","floor":10.0},{"not_picked":["Sever Soul","Heavy Blade","Flex"],"picked":"SKIP","floor":11.0},{"not_picked":["Heavy Blade","Metallicize"],"picked":"Shrug It Off","floor":12.0},{"not_picked":["Flame Barrier","Iron Wave","Body Slam"],"picked":"SKIP","floor":13.0},{"not_picked":["Anger+1","Clash","Heavy Blade"],"picked":"SKIP","floor":18.0},{"not_picked":["Heavy Blade+1","Havoc","Intimidate"],"picked":"SKIP","floor":19.0},{"not_picked":["Perfected Strike+1","Cleave+1"],"picked":"Dropkick","floor":20.0},{"not_picked":["Power Through+1","Iron Wave"],"picked":"Metallicize+1","floor":22.0},{"not_picked":["Pummel","Impervious","Clash+1"],"picked":"SKIP","floor":24.0},{"not_picked":["Iron Wave+1","Heavy Blade","Shrug It Off"],"picked":"SKIP","floor":27.0},{"not_picked":["Shrug It Off","Clash","Clothesline"],"picked":"SKIP","floor":29.0},{"not_picked":["Body Slam","Clothesline","Twin Strike"],"picked":"SKIP","floor":31.0},{"not_picked":["Body Slam+1","Sword Boomerang+1","Shrug It Off+1"],"picked":"SKIP","floor":35.0},{"not_picked":["Carnage","Second Wind+1","Armaments+1"],"picked":"SKIP","floor":37.0},{"not_picked":["Heavy Blade","Whirlwind+1","Clothesline+1"],"picked":"SKIP","floor":39.0},{"not_picked":["Heavy Blade+1","Pommel Strike+1","Burning Pact+1"],"picked":"SKIP","floor":41.0},{"not_picked":["Heavy Blade+1","Armaments+1","Reaper"],"picked":"SKIP","floor":44.0},{"not_picked":["Bloodletting+1","Twin Strike+1","Warcry+1"],"picked":"SKIP","floor":47.0},{"not_picked":["Inflame","Heavy Blade","Headbutt"],"picked":"SKIP","floor":48.0},{"not_picked":["Armaments+1","Body Slam","Uppercut+1"],"picked":"SKIP","floor":54}],"player_experience":335165,"relics_obtained":[{"floor":9.0,"key":"Dodecahedron"},{"floor":11.0,"key":"PreservedInsect"},{"floor":20.0,"key":"Red Mask"},{"floor":24.0,"key":"Dream Catcher"},{"floor":25.0,"key":"Necronomicon"},{"floor":26.0,"key":"Kunai"},{"floor":45.0,"key":"Dead Branch"},{"floor":46.0,"key":"Champion Belt"},{"floor":47.0,"key":"War Paint"},{"floor":54,"key":"Red Skull"}],"event_choices":[{"damage_healed":0.0,"max_hp_gain":0.0,"max_hp_loss":0.0,"gold_gain":0.0,"event_name":"Liars Game","player_choice":"Ignored","floor":2.0,"gold_loss":0.0,"damage_taken":0.0},{"damage_healed":0.0,"max_hp_gain":0.0,"max_hp_loss":0.0,"gold_gain":75.0,"event_name":"World of Goop","player_choice":"Gather Gold","floor":5.0,"gold_loss":0.0,"damage_taken":11.0},{"damage_healed":0.0,"max_hp_gain":0.0,"max_hp_loss":0.0,"gold_gain":0.0,"event_name":"The Woman in Blue","player_choice":"Bought 2 Potions","floor":7.0,"gold_loss":0.0,"damage_taken":0.0},{"damage_healed":0.0,"max_hp_gain":0.0,"max_hp_loss":0.0,"gold_gain":0.0,"event_name":"Masked Bandits","player_choice":"Fought Bandits","floor":20.0,"gold_loss":0.0,"damage_taken":0.0},{"cards_removed":["Havoc"],"damage_healed":0.0,"max_hp_gain":0.0,"max_hp_loss":0.0,"gold_gain":0.0,"event_name":"Back to Basics","player_choice":"Elegance","floor":21.0,"gold_loss":0.0,"damage_taken":0.0},{"damage_healed":0.0,"max_hp_gain":0.0,"max_hp_loss":0.0,"gold_gain":0.0,"event_name":"Cursed Tome","player_choice":"Obtained Book","floor":25.0,"gold_loss":0.0,"damage_taken":16.0},{"cards_removed":["Metallicize"],"damage_healed":0.0,"max_hp_gain":0.0,"max_hp_loss":0.0,"gold_gain":0.0,"event_name":"Falling","player_choice":"Removed Power","floor":36.0,"gold_loss":0.0,"damage_taken":0.0},{"damage_healed":0.0,"max_hp_gain":0.0,"max_hp_loss":0.0,"gold_gain":0.0,"event_name":"MindBloom","player_choice":"Fight","floor":45.0,"gold_loss":0.0,"damage_taken":0.0},{"damage_healed":0.0,"max_hp_gain":0.0,"max_hp_loss":0.0,"gold_gain":0.0,"event_name":"Mysterious Sphere","player_choice":"Fight","floor":46.0,"gold_loss":0.0,"damage_taken":0.0}],"is_beta":true,"boss_relics":[{"not_picked":["Busted Crown","Lizard Tail"],"picked":"Pandora\u0027s Box"},{"not_picked":["Runic Dome","Calling Bell"],"picked":"Sozu"}],"items_purged_floors":[3,14,28,30,42],"is_endless":false,"potions_floor_spawned":[1,13,16,18,24,27,29,33,35,39],"ascension_level":0}