{"gold_per_floor":[116,41,53,3,22,22,49,49,76,76,88,88,105,138,138,215,215,229,229,129,129,4,4,16,16],"floor_reached":25,"playtime":748,"items_purged":["Defend_R","Writhe","Strike_R"],"score":408,"play_id":"14609785-eeb4-4ba7-8465-f1381941e3d0","local_time":"20190429173226","is_ascension_mode":true,"campfire_choices":[{"data":"Spot Weakness","floor":6,"key":"SMITH"},{"data":"Offering","floor":8,"key":"SMITH"},{"data":"Bash","floor":10,"key":"SMITH"},{"data":"Hemokinesis","floor":12,"key":"SMITH"},{"floor":15,"key":"REST"},{"data":"Blood for Blood","floor":23,"key":"SMITH"}],"neow_cost":"NONE","seed_source_timestamp":62739494597676,"circlet_count":0,"master_deck":["AscendersBane","Strike_R","Strike_R","Strike_R","Strike_R","Defend_R","Defend_R","Defend_R","Bash+1","Offering+1","Combust","Hemokinesis+1","Cleave","Spot Weakness+1","Bloodletting","Blood for Blood+1","Brutality"],"relics":["Black Blood","Strawberry","Orichalcum","Happy Flower","Vajra"],"potions_floor_usage":[14,25],"damage_taken":[{"damage":7,"enemies":"Cultist","floor":1,"turns":3},{"damage":7,"enemies":"Small Slimes","floor":3,"turns":3},{"damage":18,"enemies":"2 Louse","floor":5,"turns":2},{"damage":17,"enemies":"Gremlin Nob","floor":7,"turns":3},{"damage":9,"enemies":"Lots of Slimes","floor":11,"turns":3},{"damage":8,"enemies":"Red Slaver","floor":13,"turns":1},{"damage":36,"enemies":"Lagavulin","floor":14,"turns":4},{"damage":45,"enemies":"The Guardian","floor":16,"turns":7},{"damage":15,"enemies":"Spheric Guardian","floor":18,"turns":3},{"damage":10,"enemies":"Chosen","floor":24,"turns":2},{"damage":60,"enemies":"Book of Stabbing","floor":25,"turns":4}],"seed_played":"-274024796898809469","potions_obtained":[{"floor":5,"key":"Weak Potion"},{"floor":7,"key":"FairyPotion"},{"floor":16,"key":"Explosive Potion"},{"floor":24,"key":"SpeedPotion"}],"is_trial":false,"path_per_floor":["M","$","M","$","M","R","E","R","T","R","M","R","M","E","R","B",null,"M","?","$","?","$","R","M","E"],"character_chosen":"IRONCLAD","items_purchased":["Cleave"],"campfire_rested":1,"item_purchase_floors":[4],"current_hp_per_floor":[67,67,66,66,54,54,50,50,50,50,47,47,45,15,39,10,64,59,59,59,54,54,54,54,0],"gold":16,"neow_bonus":"ONE_RANDOM_RARE_CARD","is_prod":false,"is_daily":false,"chose_seed":false,"campfire_upgraded":5,"win_rate":0,"timestamp":1556584346,"path_taken":["M","?","M","$","M","R","E","R","T","R","?","R","M","E","R","BOSS","M","?","$","?","$","R","M","E"],"build_version":"2019-01-23","purchased_purges":3,"victory":false,"max_hp_per_floor":[75,75,75,75,75,75,82,82,82,82,82,82,82,82,82,82,82,82,82,82,82,82,82,82,82],"card_choices":[{"not_picked":["Anger","Pommel Strike"],"picked":"Combust","floor":1},{"not_picked":["Twin Strike","Havoc"],"picked":"Hemokinesis","floor":3},{"not_picked":["Wild Strike","Ghostly Armor"],"picked":"Spot Weakness","floor":5},{"not_picked":["Anger","Power Through","Sever Soul"],"picked":"SKIP","floor":7},{"not_picked":["True Grit","Wild Strike","Intimidate"],"picked":"SKIP","floor":11},{"not_picked":["Fire Breathing","Armaments"],"picked":"Bloodletting","floor":13},{"not_picked":["Perfected Strike","Impervious"],"picked":"Blood for Blood","floor":14},{"not_picked":["Juggernaut","Impervious"],"picked":"Brutality","floor":16},{"not_picked":["Warcry","Perfected Strike","True Grit+1"],"picked":"SKIP","floor":18},{"not_picked":["Feel No Pain+1","Carnage","Perfected Strike"],"picked":"SKIP","floor":24}],"player_experience":1309978,"relics_obtained":[{"floor":7,"key":"Strawberry"},{"floor":9,"key":"Orichalcum"},{"floor":14,"key":"Happy Flower"}],"event_choices":[{"damage_healed":0,"gold_gain":0,"player_choice":"Opened","damage_taken":0,"relics_obtained":["Vajra"],"max_hp_gain":0,"max_hp_loss":0,"event_name":"The Mausoleum","floor":19,"gold_loss":0,"cards_obtained":["Writhe"]},{"damage_healed":0,"gold_gain":0,"player_choice":"Bought 0 Potions","damage_taken":0,"max_hp_gain":0,"max_hp_loss":0,"event_name":"The Woman in Blue","floor":21,"gold_loss":0}],"is_beta":false,"boss_relics":[{"not_picked":["Black Star","Philosopher\u0027s Stone"],"picked":"Black Blood"}],"items_purged_floors":[2,20,22],"is_endless":false,"potions_floor_spawned":[5,7,16,24],"killed_by":"Book of Stabbing","ascension_level":19}