{"gold_per_floor":[117,78,78,78,94,127,140,157,157,58,88,16,43,58,58,153,153,166,176,138,156,168,195,207,534,534,534,534,550,576,139,139,139],"floor_reached":33,"playtime":5178,"items_purged":["Defend_R","Defend_R"],"score":523,"play_id":"ad0a02b2-578a-4a85-94ff-12f4ea1421b0","local_time":"20190601143832","is_ascension_mode":true,"campfire_choices":[{"data":"Bash","floor":15,"key":"SMITH"},{"data":"Rampage","floor":28,"key":"SMITH"},{"data":"Limit Break","floor":32,"key":"SMITH"}],"neow_cost":"NONE","seed_source_timestamp":574258706425699,"circlet_count":0,"master_deck":["Strike_R","Strike_R","Strike_R","Strike_R","Strike_R","Defend_R","Defend_R","Bash+1","Headbutt","Flame Barrier","Headbutt","Battle Trance","Twin Strike","Rampage+1","Flex","Headbutt","Dropkick","Warcry","Metallicize+1","Brutality+1","Armaments+1","Flex+1","Spot Weakness","Cleave","Fire Breathing+1","Blood for Blood","Reckless Charge+1","Anger","Ghostly","Ghostly","Ghostly","Ghostly","Ghostly","Flex","Headbutt","Limit Break+1"],"special_seed":0,"relics":["Burning Blood","NeowsBlessing","Anchor","Ornamental Fan","Mercury Hourglass","Strawberry","Frozen Egg 2","Runic Cube","Bag of Marbles","Old Coin","Blood Vial","Magic Flower","Lee\u0027s Waffle"],"potions_floor_usage":[16,22,29,33,33],"damage_taken":[{"damage":0.0,"enemies":"Cultist","floor":1.0,"turns":1.0},{"damage":0.0,"enemies":"Small Slimes","floor":5.0,"turns":1.0},{"damage":0.0,"enemies":"3 Sentries","floor":6.0,"turns":2.0},{"damage":0.0,"enemies":"Jaw Worm","floor":7.0,"turns":3.0},{"damage":16.0,"enemies":"Exordium Thugs","floor":8.0,"turns":5.0},{"damage":31.0,"enemies":"Lagavulin","floor":11.0,"turns":4.0},{"damage":9,"enemies":"3 Sentries","floor":13,"turns":5},{"damage":0,"enemies":"Lots of Slimes","floor":14,"turns":2},{"damage":0,"enemies":"Slime Boss","floor":16,"turns":6},{"damage":15,"enemies":"Spheric Guardian","floor":18,"turns":4},{"damage":25,"enemies":"2 Thieves","floor":19,"turns":4},{"damage":2,"enemies":"Centurion and Healer","floor":21,"turns":3},{"damage":2,"enemies":"Snake Plant","floor":22,"turns":3},{"damage":37,"enemies":"Book of Stabbing","floor":23,"turns":4},{"damage":10,"enemies":"3 Cultists","floor":24,"turns":3},{"damage":3,"enemies":"Gremlin Leader","floor":25,"turns":4},{"damage":5,"enemies":"Centurion and Healer","floor":29,"turns":6},{"damage":9,"enemies":"Slavers","floor":30,"turns":4},{"damage":52,"enemies":"Automaton","floor":33,"turns":6}],"seed_played":"-4704255533481986561","potions_obtained":[{"floor":6.0,"key":"EssenceOfSteel"},{"floor":8.0,"key":"LiquidBronze"},{"floor":13,"key":"SpeedPotion"},{"floor":14,"key":"Fire Potion"},{"floor":18,"key":"SpeedPotion"},{"floor":22,"key":"SmokeBomb"},{"floor":25,"key":"EssenceOfSteel"},{"floor":29,"key":"Ancient Potion"}],"is_trial":false,"path_per_floor":["M","$","?","?","M","E","M","M","T","$","E","$","E","M","R","B",null,"M","M","$","M","M","E","M","E","T","?","R","M","E","$","R","B"],"character_chosen":"IRONCLAD","items_purchased":["Flame Barrier","Flex","Dropkick","Spot Weakness","Limit Break","Lee\u0027s Waffle"],"campfire_rested":0,"item_purchase_floors":[2,10,12,20,31,31],"current_hp_per_floor":[80,80,80,73,79,80,80,70,70,70,52,52,49,55,55,61,87,78,59,59,63,67,36,32,35,35,35,35,38,37,50,50,0],"gold":139,"neow_bonus":"THREE_ENEMY_KILL","is_prod":false,"is_daily":false,"chose_seed":false,"campfire_upgraded":3,"win_rate":0,"timestamp":1559414312,"path_taken":["M","?","?","?","?","E","M","M","T","?","E","$","E","M","R","BOSS","M","M","?","?","M","E","M","E","T","?","R","M","E","?","R","BOSS"],"build_version":"2019-01-23","purchased_purges":2,"victory":false,"max_hp_per_floor":[80,80,80,80,80,80,80,80,80,80,87,87,87,87,87,87,87,87,87,87,87,87,87,87,87,87,43,43,43,43,50,50,50],"card_choices":[{"not_picked":["Twin Strike","Fire Breathing"],"picked":"Headbutt","floor":1.0},{"not_picked":["True Grit","Flame Barrier"],"picked":"Headbutt","floor":5.0},{"not_picked":["Thunderclap","Iron Wave"],"picked":"Battle Trance","floor":6.0},{"not_picked":["Warcry","Flex"],"picked":"Twin Strike","floor":7.0},{"not_picked":["Juggernaut","Pommel Strike"],"picked":"Rampage","floor":8.0},{"not_picked":["Clothesline","Burning Pact"],"picked":"Headbutt","floor":11.0},{"not_picked":["Shrug It Off","Twin Strike"],"picked":"Warcry","floor":13},{"not_picked":["Clash","Heavy Blade"],"picked":"Metallicize+1","floor":14},{"not_picked":["Impervious","Juggernaut+1"],"picked":"Brutality+1","floor":16},{"not_picked":["Heavy Blade","Warcry"],"picked":"Armaments+1","floor":18},{"not_picked":["True Grit","Dual Wield"],"picked":"Flex+1","floor":19},{"not_picked":["Warcry","Bloodletting"],"picked":"Cleave","floor":21},{"not_picked":["Pummel+1","Anger"],"picked":"Fire Breathing+1","floor":22},{"not_picked":["Sword Boomerang+1","Flex"],"picked":"Blood for Blood","floor":23},{"not_picked":["Headbutt","Corruption+1"],"picked":"Reckless Charge+1","floor":24},{"not_picked":["Whirlwind","Brutality+1"],"picked":"Anger","floor":25},{"not_picked":["Warcry","Clash"],"picked":"Flex","floor":29},{"not_picked":["Anger","Intimidate"],"picked":"Headbutt","floor":30}],"player_experience":13913,"relics_obtained":[{"floor":6.0,"key":"Ornamental Fan"},{"floor":9.0,"key":"Mercury Hourglass"},{"floor":11.0,"key":"Strawberry"},{"floor":13,"key":"Frozen Egg 2"},{"floor":23,"key":"Bag of Marbles"},{"floor":25,"key":"Old Coin"},{"floor":26,"key":"Blood Vial"},{"floor":30,"key":"Magic Flower"}],"event_choices":[{"damage_healed":0.0,"max_hp_gain":0.0,"max_hp_loss":0.0,"gold_gain":0.0,"event_name":"Liars Game","player_choice":"Ignored","floor":3.0,"gold_loss":0.0,"damage_taken":0.0},{"damage_healed":0.0,"max_hp_gain":0.0,"max_hp_loss":0.0,"gold_gain":0.0,"event_name":"Scrap Ooze","player_choice":"Success","floor":4.0,"gold_loss":0.0,"damage_taken":7.0,"relics_obtained":["Anchor"]},{"damage_healed":0,"gold_gain":0,"player_choice":"Became a Ghost","damage_taken":0,"max_hp_gain":0,"max_hp_loss":44,"event_name":"Ghosts","floor":27,"gold_loss":0,"cards_obtained":["Ghostly","Ghostly","Ghostly","Ghostly","Ghostly"]}],"is_beta":false,"boss_relics":[{"not_picked":["Fusion Hammer","Eternal Feather"],"picked":"Runic Cube"}],"items_purged_floors":[10,31],"is_endless":false,"potions_floor_spawned":[6,8,13,14,18,22,25,29],"killed_by":"Automaton","ascension_level":1}