{"gold_per_floor":[114,129,144,159,174,174,204,204,204,217,217,232,262,262,262,362,362,377,377,347,362,362,362,392,392,392,392,142,172,187,202,202,202],"floor_reached":33,"playtime":3189,"items_purged":[],"score":322,"play_id":"3af4abaf-39bd-44f0-a63c-ebc419dda304","local_time":"20190305164615","daily_mods":["Chimera","Hoarder","Terminal"],"is_ascension_mode":false,"campfire_choices":[{"data":"Zap","floor":6.0,"key":"SMITH"},{"data":"Pommel Strike","floor":8.0,"key":"SMITH"},{"data":"Pommel Strike","floor":11.0,"key":"SMITH"},{"data":"Demon Form","floor":15,"key":"SMITH"},{"data":"Demon Form","floor":23,"key":"SMITH"},{"data":"Pommel Strike","floor":25,"key":"SMITH"},{"data":"Dark Embrace","floor":32,"key":"SMITH"}],"neow_cost":"","seed_source_timestamp":0,"circlet_count":0,"master_deck":["Bash","Survivor","Strike_G+1","Strike_B+1","Defend_R+1","Defend_G+1","Defend_B+1","Ghostly Armor","Ghostly Armor","Ghostly Armor","Pommel Strike+1","Pommel Strike+1","Pommel Strike+1","Second Wind","Second Wind","Second Wind","Perfected Strike","Perfected Strike","Perfected Strike","Demon Form+1","Demon Form+1","Demon Form+1","Metallicize","Metallicize","Metallicize","Heavy Blade","Heavy Blade","Heavy Blade","Barricade","Barricade","Barricade","Fiend Fire","Fiend Fire","Fiend Fire","Dark Embrace+1","Dark Embrace","Dark Embrace","Warcry+1","Warcry+1","Warcry+1"],"special_seed":17960,"relics":["Burning Blood","Omamori","Whetstone","Odd Mushroom","Magic Flower","Mark of Pain","Orichalcum","Question Card","Toxic Egg 2","Juzu Bracelet"],"potions_floor_usage":[16,18,24,33],"damage_taken":[{"damage":0.0,"enemies":"Small Slimes","floor":1.0,"turns":4.0},{"damage":1.0,"enemies":"2 Louse","floor":2.0,"turns":3.0},{"damage":2.0,"enemies":"Cultist","floor":3.0,"turns":5.0},{"damage":2.0,"enemies":"Large Slime","floor":4.0,"turns":6.0},{"damage":0.0,"enemies":"2 Fungi Beasts","floor":5.0,"turns":4.0},{"damage":3.0,"enemies":"Gremlin Nob","floor":7.0,"turns":3.0},{"damage":13.0,"enemies":"The Mushroom Lair","floor":10.0,"turns":5.0},{"damage":0.0,"enemies":"Exordium Thugs","floor":12.0,"turns":4.0},{"damage":13.0,"enemies":"Lagavulin","floor":13.0,"turns":6.0},{"damage":8,"enemies":"Slime Boss","floor":16,"turns":6},{"damage":0,"enemies":"3 Byrds","floor":18,"turns":4},{"damage":11,"enemies":"2 Thieves","floor":20,"turns":5},{"damage":0,"enemies":"Chosen and Byrds","floor":21,"turns":7},{"damage":23,"enemies":"Book of Stabbing","floor":24,"turns":6},{"damage":11,"enemies":"Gremlin Leader","floor":29,"turns":5},{"damage":0,"enemies":"Centurion and Healer","floor":30,"turns":6},{"damage":0,"enemies":"Shelled Parasite and Fungi","floor":31,"turns":5},{"damage":50,"enemies":"Automaton","floor":33,"turns":6}],"seed_played":"-7796585460280550823","potions_obtained":[{"floor":1.0,"key":"Block Potion"},{"floor":4.0,"key":"LiquidBronze"},{"floor":5.0,"key":"Strength Potion"},{"floor":10.0,"key":"Regen Potion"},{"floor":24,"key":"AttackPotion"},{"floor":29,"key":"FearPotion"},{"floor":31,"key":"Ancient Potion"}],"is_trial":false,"path_per_floor":["M","M","M","M","M","R","E","R","T","?","R","M","E","?","R","B",null,"M","?","M","M","$","R","E","R","T","?","$","E","M","M","R","B"],"character_chosen":"IRONCLAD","items_purchased":["Toxic Egg 2"],"campfire_rested":0,"item_purchase_floors":[28],"current_hp_per_floor":[78,77,76,75,74,73,72,71,70,63,63,67,60,60,60,61,62,61,60,58,58,57,56,55,54,53,52,51,49,49,48,47,0],"gold":202,"neow_bonus":"","is_prod":false,"is_daily":true,"chose_seed":false,"campfire_upgraded":7,"win_rate":0,"timestamp":1551800775,"path_taken":["M","M","M","M","M","R","E","R","T","?","R","M","E","?","R","BOSS","M","?","M","M","$","R","E","R","T","?","$","E","M","M","R","BOSS"],"build_version":"2019-02-06","purchased_purges":0,"victory":false,"max_hp_per_floor":[78,77,76,75,74,73,72,71,70,69,68,67,66,65,64,63,62,61,60,59,58,57,56,55,54,53,52,51,50,49,48,47,47],"card_choices":[{"not_picked":["Pummel","Heavy Blade","Clothesline"],"picked":"SKIP","floor":1.0},{"not_picked":["Rupture","Twin Strike"],"picked":"Ghostly Armor","floor":2.0},{"not_picked":["Armaments","Anger"],"picked":"Pommel Strike","floor":3.0},{"not_picked":["Headbutt","Entrench"],"picked":"Second Wind","floor":4.0},{"not_picked":["True Grit","Pummel","Ghostly Armor"],"picked":"SKIP","floor":5.0},{"not_picked":["Blood for Blood","Shrug It Off","True Grit"],"picked":"SKIP","floor":7.0},{"not_picked":["Havoc","Heavy Blade"],"picked":"Perfected Strike","floor":10.0},{"not_picked":["Heavy Blade","Body Slam"],"picked":"Demon Form","floor":12.0},{"not_picked":["Pummel","Power Through","Sword Boomerang"],"picked":"SKIP","floor":13.0},{"not_picked":["Clothesline","Blood for Blood","Sword Boomerang"],"picked":"SKIP","floor":18},{"not_picked":["Spot Weakness+1","Clothesline"],"picked":"Metallicize","floor":20},{"not_picked":["Iron Wave","Flex"],"picked":"Heavy Blade","floor":21},{"not_picked":["Corruption","Feel No Pain+1","Fire Breathing"],"picked":"SKIP","floor":24},{"not_picked":["Anger","Power Through+1","Pommel Strike"],"picked":"Dark Embrace","floor":29},{"not_picked":["Evolve","Burning Pact+1","Cleave","Clash"],"picked":"SKIP","floor":30},{"not_picked":["Heavy Blade","Anger","Pommel Strike"],"picked":"Warcry+1","floor":31}],"player_experience":210149,"relics_obtained":[{"floor":7.0,"key":"Omamori"},{"floor":9.0,"key":"Whetstone"},{"floor":10.0,"key":"Odd Mushroom"},{"floor":13.0,"key":"Magic Flower"},{"floor":24,"key":"Orichalcum"},{"floor":26,"key":"Question Card"},{"floor":29,"key":"Juzu Bracelet"}],"event_choices":[{"damage_healed":0.0,"max_hp_gain":0.0,"max_hp_loss":0.0,"gold_gain":0.0,"event_name":"Mushrooms","player_choice":"Fought Mushrooms","floor":10.0,"gold_loss":0.0,"damage_taken":0.0},{"damage_healed":0,"gold_gain":0,"player_choice":"Grow","damage_taken":0,"max_hp_gain":0,"max_hp_loss":0,"event_name":"Living Wall","floor":14,"gold_loss":0,"cards_upgraded":["Demon Form"]},{"damage_healed":0,"gold_gain":0,"player_choice":"Simplicity","damage_taken":0,"max_hp_gain":0,"max_hp_loss":0,"event_name":"Back to Basics","floor":19,"gold_loss":0,"cards_upgraded":["Strike_B","Defend_R","Defend_G","Defend_B"]},{"damage_healed":0,"gold_gain":0,"cards_transformed":["Zap","Strike_R"],"player_choice":"Became Test Subject","damage_taken":0,"max_hp_gain":0,"max_hp_loss":0,"event_name":"Drug Dealer","floor":27,"gold_loss":0,"cards_obtained":["Barricade","Fiend Fire"]}],"is_beta":true,"boss_relics":[{"not_picked":["Coffee Dripper","Empty Cage"],"picked":"Mark of Pain"}],"items_purged_floors":[],"is_endless":false,"potions_floor_spawned":[1,4,5,10,24,29,31],"killed_by":"Automaton","ascension_level":0}