{"gold_per_floor":[119,133,153,328,328,328,345,345,345,361,376,65,80,95,95,196,196,207,222,7,7,22,22],"floor_reached":23,"playtime":834,"items_purged":["Strike_B","Zap"],"score":186,"play_id":"e4174b4e-b62e-428b-92df-2c22761e0a15","local_time":"20190503184551","is_ascension_mode":false,"campfire_choices":[{"data":"Darkness","floor":6,"key":"SMITH"},{"data":"Ball Lightning","floor":8,"key":"SMITH"},{"data":"Darkness","floor":15,"key":"SMITH"}],"neow_cost":"NONE","seed_source_timestamp":223078920448783,"circlet_count":0,"master_deck":["Strike_B","Strike_B","Strike_B","Defend_B","Defend_B","Defend_B","Defend_B","Dualcast","Darkness+1","Ball Lightning+1","Redo","BootSequence","Echo Form","Multi-Cast","Darkness+1","Buffer","Conserve Battery","Force Field","Skim","Fusion"],"relics":["Cracked Core","NeowsBlessing","Spirit Poop","Nunchaku","Coffee Dripper"],"potions_floor_usage":[16,23,23],"damage_taken":[{"damage":0,"enemies":"Cultist","floor":1,"turns":1},{"damage":0,"enemies":"2 Louse","floor":2,"turns":1},{"damage":0,"enemies":"Small Slimes","floor":3,"turns":1},{"damage":9,"enemies":"2 Fungi Beasts","floor":7,"turns":3},{"damage":7,"enemies":"Blue Slaver","floor":10,"turns":3},{"damage":14,"enemies":"Exordium Wildlife","floor":11,"turns":4},{"damage":5,"enemies":"Looter","floor":13,"turns":3},{"damage":3,"enemies":"3 Louse","floor":14,"turns":2},{"damage":28,"enemies":"Hexaghost","floor":16,"turns":7},{"damage":2,"enemies":"Shell Parasite","floor":18,"turns":3},{"damage":20,"enemies":"Spheric Guardian","floor":19,"turns":4},{"damage":8,"enemies":"Centurion and Healer","floor":22,"turns":5},{"damage":50,"enemies":"Slavers","floor":23,"turns":4}],"seed_played":"-7036611793128575186","potions_obtained":[{"floor":1,"key":"PowerPotion"},{"floor":14,"key":"Explosive Potion"},{"floor":16,"key":"SpeedPotion"},{"floor":19,"key":"Weak Potion"}],"is_trial":false,"path_per_floor":["M","M","M","?","?","R","M","R","T","M","M","$","M","M","R","B",null,"M","M","$","?","M","E"],"character_chosen":"DEFECT","items_purchased":["BootSequence","Echo Form","Skim","Fusion"],"campfire_rested":0,"item_purchase_floors":[12,12,20,20],"current_hp_per_floor":[75,75,75,75,75,75,66,66,66,59,45,45,40,37,37,9,75,73,53,53,53,45,0],"gold":22,"neow_bonus":"THREE_ENEMY_KILL","is_prod":false,"is_daily":false,"chose_seed":false,"campfire_upgraded":3,"win_rate":0,"timestamp":1556934351,"path_taken":["M","M","?","?","?","R","M","R","T","M","M","$","M","M","R","BOSS","M","M","$","?","M","E"],"build_version":"2019-01-23","purchased_purges":2,"victory":false,"max_hp_per_floor":[75,75,75,75,75,75,75,75,75,75,75,75,75,75,75,75,75,75,75,75,75,75,75],"card_choices":[{"not_picked":["Loop","Conserve Battery"],"picked":"Darkness","floor":1},{"not_picked":["BootSequence","Leap","Cold Snap"],"picked":"SKIP","floor":2},{"not_picked":["Coolheaded","Redo"],"picked":"Ball Lightning","floor":3},{"not_picked":["BootSequence","Go for the Eyes","Hologram"],"picked":"SKIP","floor":7},{"not_picked":["Sweeping Beam","Steam Power"],"picked":"Redo","floor":10},{"not_picked":["Go for the Eyes","Blizzard","Sweeping Beam"],"picked":"SKIP","floor":11},{"not_picked":["Streamline","Coolheaded"],"picked":"Multi-Cast","floor":13},{"not_picked":["Melter","Conserve Battery"],"picked":"Darkness","floor":14},{"not_picked":["Creative AI","Amplify"],"picked":"Buffer","floor":16},{"not_picked":["BootSequence","Barrage"],"picked":"Conserve Battery","floor":18},{"not_picked":["Cold Snap+1","Turbo"],"picked":"Force Field","floor":19},{"not_picked":["Gash","Coolheaded+1","Darkness"],"picked":"SKIP","floor":22}],"player_experience":1328207,"relics_obtained":[{"floor":9,"key":"Nunchaku"}],"event_choices":[{"damage_healed":0,"gold_gain":175,"player_choice":"AGREE","damage_taken":0,"max_hp_gain":0,"max_hp_loss":0,"event_name":"Liars Game","floor":4,"gold_loss":0,"cards_obtained":["Doubt"]},{"cards_removed":["Doubt"],"damage_healed":0,"gold_gain":0,"player_choice":"Offered Curse","damage_taken":0,"relics_obtained":["Spirit Poop"],"max_hp_gain":0,"max_hp_loss":0,"event_name":"Bonfire Elementals","floor":5,"gold_loss":0},{"damage_healed":0,"gold_gain":0,"player_choice":"Ignored","damage_taken":0,"max_hp_gain":0,"max_hp_loss":0,"event_name":"Vampires","floor":21,"gold_loss":0}],"is_beta":false,"boss_relics":[{"not_picked":["Inserter","Busted Crown"],"picked":"Coffee Dripper"}],"items_purged_floors":[12,20],"is_endless":false,"potions_floor_spawned":[1,14,16,19],"killed_by":"Slavers","ascension_level":0}