{"gold_per_floor":[116,116,130,13,33,33,64,64,91,91,109,109,128,203,203,298,298,318,318,332,352,352,352,378,108,108,207,207,207,225,150,150,245,245,255,255,21,33,44,44,55,68,68,68,79,79,114,114,114,114],"floor_reached":50,"playtime":4041,"items_purged":["Writhe","Strike_G"],"score":721,"play_id":"2e3246c1-61cf-4b26-80b2-6f2c9d9cc2a9","local_time":"20181107225636","is_ascension_mode":true,"campfire_choices":[{"data":"Noxious Fumes","floor":6,"key":"SMITH"},{"floor":10,"key":"REST"},{"data":"Catalyst","floor":12,"key":"SMITH"},{"floor":15,"key":"REST"},{"floor":23,"key":"REST"},{"floor":29,"key":"REST"},{"floor":32,"key":"REST"},{"floor":40,"key":"REST"},{"floor":44,"key":"REST"},{"floor":46,"key":"REST"},{"floor":49,"key":"REST"}],"neow_cost":"NONE","seed_source_timestamp":70983893570206,"circlet_count":0,"master_deck":["Defend_G","Defend_G","Strike_G","Strike_G","Survivor","Neutralize","Distraction","Calculated Gamble","Noxious Fumes+1","Catalyst+1","Calculated Gamble","Dash","Crippling Poison","Unload","Poisoned Stab+1","Sucker Punch","Night Terror","Crippling Poison","Bullet Time","Predator+1","Glass Knife+1","Finisher+1","Enlightenment","Flechettes","Deadly Poison","Bouncing Flask","PiercingWail+1","Crippling Poison+1","Burst","Writhe"],"relics":["Runic Pyramid","Juzu Bracelet","Strawberry","Fusion Hammer","Ninja Scroll","Bottled Flame","Frozen Eye","The Courier","Astrolabe","TheAbacus","Tough Bandages","Question Card"],"potions_floor_usage":[7,18,24,33,33,33,42,50],"damage_taken":[{"damage":5,"enemies":"Small Slimes","floor":1,"turns":3},{"damage":0,"enemies":"Cultist","floor":3,"turns":5},{"damage":4,"enemies":"Jaw Worm","floor":5,"turns":5},{"damage":40,"enemies":"Gremlin Nob","floor":7,"turns":5},{"damage":0,"enemies":"2 Fungi Beasts","floor":11,"turns":3},{"damage":9,"enemies":"Large Slime","floor":13,"turns":5},{"damage":33,"enemies":"Slime Boss","floor":16,"turns":10},{"damage":0,"enemies":"3 Byrds","floor":18,"turns":3},{"damage":4,"enemies":"Chosen","floor":20,"turns":5},{"damage":14,"enemies":"Snake Plant","floor":21,"turns":6},{"damage":36,"enemies":"Slavers","floor":24,"turns":5},{"damage":8,"enemies":"Colosseum Slavers","floor":28,"turns":5},{"damage":0,"enemies":"Centurion and Healer","floor":30,"turns":5},{"damage":34,"enemies":"Collector","floor":33,"turns":4},{"damage":19,"enemies":"3 Darklings","floor":35,"turns":6},{"damage":4,"enemies":"Orb Walker","floor":38,"turns":3},{"damage":13,"enemies":"Transient","floor":39,"turns":5},{"damage":19,"enemies":"Writhing Mass","floor":41,"turns":3},{"damage":32,"enemies":"Jaw Worm Horde","floor":42,"turns":4},{"damage":12,"enemies":"4 Shapes","floor":45,"turns":6},{"damage":30,"enemies":"Reptomancer","floor":47,"turns":5},{"damage":59,"enemies":"Time Eater","floor":50,"turns":3}],"seed_played":"-6007686983090987312","potions_obtained":[{"floor":5,"key":"Energy Potion"},{"floor":11,"key":"LiquidBronze"},{"floor":16,"key":"FearPotion"},{"floor":21,"key":"PowerPotion"},{"floor":24,"key":"Swift Potion"},{"floor":30,"key":"Ancient Potion"},{"floor":33,"key":"Energy Potion"},{"floor":35,"key":"Ancient Potion"},{"floor":39,"key":"EssenceOfSteel"}],"is_trial":false,"path_per_floor":["M","?","M","$","M","R","E","$","T","R","M","R","M","?","R","B",null,"M","?","M","M","?","R","E","$","T","?","?","R","M","?","R","B",null,"M","?","$","M","M","R","M","M","T","R","M","R","E","?","R","B"],"character_chosen":"THE_SILENT","items_purchased":["Noxious Fumes","Catalyst","Frozen Eye","TheAbacus"],"campfire_rested":9,"item_purchase_floors":[4,4,25,37],"current_hp_per_floor":[58,58,58,58,54,54,14,14,21,44,44,44,35,24,47,14,61,61,61,57,43,43,66,30,30,30,30,22,45,45,45,68,34,66,47,47,47,43,30,53,34,2,2,25,13,36,6,25,48,0],"gold":114,"neow_bonus":"BOSS_RELIC","is_prod":false,"is_daily":false,"chose_seed":false,"campfire_upgraded":2,"win_rate":0,"timestamp":1541660196,"path_taken":["M","?","M","$","M","R","E","?","T","R","M","R","M","?","R","BOSS","M","?","M","M","?","R","E","$","T","?","?","R","M","?","R","BOSS","M","?","$","M","M","R","M","M","T","R","M","R","E","?","R","BOSS"],"build_version":"2018-11-01","purchased_purges":2,"victory":false,"max_hp_per_floor":[70,70,70,70,70,70,70,70,77,77,77,77,77,77,77,77,77,77,77,77,77,77,77,77,77,77,77,77,77,77,77,77,77,77,77,77,77,77,77,77,77,77,77,77,77,77,77,77,77,77],"card_choices":[{"not_picked":["Acrobatics","Distraction"],"picked":"Prepared","floor":1},{"not_picked":["Well Laid Plans","Prepared"],"picked":"Calculated Gamble","floor":3},{"not_picked":["Deflect","Choke"],"picked":"Calculated Gamble","floor":5},{"not_picked":["Underhanded Strike","Dagger Throw","Cloak And Dagger"],"picked":"SKIP","floor":7},{"not_picked":["Dagger Spray","Riddle With Holes"],"picked":"Dash","floor":11},{"not_picked":["Bullet Time","Backstab"],"picked":"Crippling Poison","floor":13},{"not_picked":["Night Terror","Wraith Form v2"],"picked":"Unload","floor":16},{"not_picked":["Outmaneuver","Dodge and Roll"],"picked":"Poisoned Stab+1","floor":18},{"not_picked":["Deflect","Quick Slash","Well Laid Plans"],"picked":"SKIP","floor":20},{"not_picked":["Heel Hook+1","Eviscerate"],"picked":"Sucker Punch","floor":21},{"not_picked":["Grand Finale","Sucker Punch+1"],"picked":"Night Terror","floor":24},{"not_picked":["Quick Slash+1","Acrobatics"],"picked":"Crippling Poison","floor":30},{"not_picked":["Tools of the Trade","Venomology"],"picked":"Bullet Time","floor":33},{"not_picked":["Cloak And Dagger","Tactician+1","Flying Knee+1"],"picked":"SKIP","floor":35},{"not_picked":["Secret Weapon","Mind Blast"],"picked":"Enlightenment","floor":36},{"not_picked":["Masterful Stab+1","Dodge and Roll"],"picked":"Flechettes","floor":38},{"not_picked":["Deflect","Dagger Spray+1"],"picked":"Deadly Poison","floor":39},{"not_picked":["Backflip","Eviscerate"],"picked":"Bouncing Flask","floor":41},{"not_picked":["Flying Knee+1","Backstab+1"],"picked":"PiercingWail+1","floor":42},{"not_picked":["Dagger Throw","Leg Sweep"],"picked":"Crippling Poison+1","floor":45},{"not_picked":["Quick Slash+1","Outmaneuver"],"picked":"Burst","floor":47}],"player_experience":941663,"relics_obtained":[{"floor":7,"key":"Juzu Bracelet"},{"floor":9,"key":"Strawberry"},{"floor":24,"key":"Bottled Flame"},{"floor":26,"key":"The Courier"},{"floor":43,"key":"Tough Bandages"},{"floor":47,"key":"Question Card"}],"event_choices":[{"damage_healed":0,"gold_gain":0,"cards_transformed":["Defend_G"],"player_choice":"Transformed","damage_taken":0,"max_hp_gain":0,"max_hp_loss":0,"event_name":"Transmorgrifier","floor":2,"gold_loss":0,"cards_obtained":["Distraction"]},{"damage_healed":0,"gold_gain":75,"player_choice":"Gather Gold","damage_taken":11,"max_hp_gain":0,"max_hp_loss":0,"event_name":"World of Goop","floor":14,"gold_loss":0},{"cards_removed":["Strike_G"],"damage_healed":0,"gold_gain":0,"player_choice":"Elegance","damage_taken":0,"max_hp_gain":0,"max_hp_loss":0,"event_name":"Back to Basics","floor":19,"gold_loss":0},{"damage_healed":0,"gold_gain":0,"player_choice":"Opened","damage_taken":0,"relics_obtained":["Ninja Scroll"],"max_hp_gain":0,"max_hp_loss":0,"event_name":"The Mausoleum","floor":22,"gold_loss":0,"cards_obtained":["Writhe"]},{"damage_healed":0,"gold_gain":99,"player_choice":"Stole From Cult","damage_taken":0,"max_hp_gain":0,"max_hp_loss":0,"event_name":"Nest","floor":27,"gold_loss":0},{"damage_healed":0,"gold_gain":0,"player_choice":"Fight","damage_taken":0,"max_hp_gain":0,"max_hp_loss":0,"event_name":"Colosseum","floor":28,"gold_loss":0},{"damage_healed":0,"gold_gain":0,"player_choice":"Fled From Nobs","damage_taken":0,"max_hp_gain":0,"max_hp_loss":0,"event_name":"Colosseum","floor":28,"gold_loss":0},{"cards_removed":["Defend_G"],"damage_healed":0,"gold_gain":0,"player_choice":"Gave Gold","damage_taken":0,"max_hp_gain":0,"max_hp_loss":0,"event_name":"Beggar","floor":31,"gold_loss":75},{"damage_healed":0,"gold_gain":0,"player_choice":"Memory 1","damage_taken":0,"max_hp_gain":0,"max_hp_loss":0,"event_name":"SensoryStone","floor":36,"gold_loss":0},{"damage_healed":19,"gold_gain":0,"player_choice":"Writhe","damage_taken":0,"max_hp_gain":0,"max_hp_loss":0,"event_name":"Winding Halls","floor":48,"gold_loss":0,"cards_obtained":["Writhe"]}],"is_beta":false,"boss_relics":[{"not_picked":["Calling Bell","White Beast Statue"],"picked":"Fusion Hammer"},{"not_picked":["Philosopher\u0027s Stone","HoveringKite"],"picked":"Astrolabe"}],"items_purged_floors":[25,37],"is_endless":false,"potions_floor_spawned":[5,11,16,21,24,30,33,35,39],"killed_by":"Time Eater","ascension_level":8}