{"gold_per_floor":[114,133,58,58,58,87,87,87,87,106,106,127,160,174,174,293,293,311,311,84,99,99,99,140,165,234,234,234,257,257,281,281,412,412,435,435,310,335,400,400],"floor_reached":40,"playtime":1988,"items_purged":["Defend_B","Strike_B","Strike_B"],"score":439,"play_id":"5557a8dc-a9f0-4c37-a176-81c891784aa6","local_time":"20190813232035","is_ascension_mode":false,"campfire_choices":[{"data":"Rebound","floor":8,"key":"SMITH"},{"floor":15,"key":"REST"},{"data":"Biased Cognition","floor":23,"key":"SMITH"},{"floor":28,"key":"REST"},{"data":"Scrape","floor":30,"key":"SMITH"},{"floor":32,"key":"REST"}],"neow_cost":"NONE","seed_source_timestamp":1030211847069964,"circlet_count":0,"master_deck":["Defend_B","Defend_B","Zap+1","Dualcast","Rebound+1","Gash","Skim","Gash","Loop","Gash","Beam Cell","Biased Cognition+1","BootSequence+1","Good Instincts","Static Discharge","Chill+1","Scrape+1","Stack+1","Rainbow+1","Redo+1","Impatience+1","Deep Breath+1","Finesse+1","Steam Power+1","Coolheaded+1"],"relics":["Cracked Core","NeowsBlessing","Pear","Regal Pillow","Bottled Lightning","Golden Idol","DataDisk","Lantern","Toxic Egg 2","Empty Cage","Shovel"],"potions_floor_usage":[16],"damage_taken":[{"damage":0,"enemies":"Cultist","floor":1,"turns":1},{"damage":0,"enemies":"2 Louse","floor":2,"turns":1},{"damage":0,"enemies":"Lagavulin","floor":6,"turns":1},{"damage":0,"enemies":"Small Slimes","floor":10,"turns":3},{"damage":0,"enemies":"Exordium Wildlife","floor":12,"turns":3},{"damage":27,"enemies":"Gremlin Nob","floor":13,"turns":4},{"damage":7,"enemies":"Blue Slaver","floor":14,"turns":3},{"damage":52,"enemies":"The Guardian","floor":16,"turns":10},{"damage":25,"enemies":"2 Thieves","floor":18,"turns":3},{"damage":9,"enemies":"3 Byrds","floor":21,"turns":4},{"damage":29,"enemies":"Slavers","floor":24,"turns":6},{"damage":10,"enemies":"Sentry and Sphere","floor":25,"turns":5},{"damage":6,"enemies":"Snake Plant","floor":29,"turns":4},{"damage":0,"enemies":"Centurion and Healer","floor":31,"turns":6},{"damage":47,"enemies":"Automaton","floor":33,"turns":8},{"damage":20,"enemies":"3 Darklings","floor":35,"turns":5},{"damage":0,"enemies":"Orb Walker","floor":38,"turns":2},{"damage":8,"enemies":"2 Orb Walkers","floor":39,"turns":5},{"damage":84,"enemies":"Nemesis","floor":40,"turns":4}],"seed_played":"-2712139670934147266","potions_obtained":[{"floor":10,"key":"Energy Potion"},{"floor":13,"key":"AttackPotion"},{"floor":16,"key":"Strength Potion"},{"floor":21,"key":"Strength Potion"},{"floor":24,"key":"Explosive Potion"}],"is_trial":false,"path_per_floor":["M","M","$","?","?","E","?","R","T","M","?","M","E","M","R","B",null,"M","?","$","M","?","R","E","M","T","?","R","M","R","M","R","B",null,"M","?","$","M","?","E"],"character_chosen":"DEFECT","items_purchased":["Good Instincts","Static Discharge"],"campfire_rested":3,"item_purchase_floors":[20,20],"current_hp_per_floor":[75,75,75,78,78,78,78,78,78,78,57,57,30,23,63,11,85,60,60,60,51,51,51,22,12,12,12,52,46,46,46,85,38,85,65,55,55,55,47,0],"gold":400,"neow_bonus":"THREE_ENEMY_KILL","is_prod":false,"is_daily":false,"chose_seed":false,"campfire_upgraded":3,"win_rate":0,"timestamp":1565731235,"path_taken":["M","?","$","?","?","E","?","R","T","?","?","M","E","M","R","BOSS","M","?","$","M","?","R","E","?","T","?","R","M","R","M","R","BOSS","M","?","$","M","?","E"],"build_version":"2019-07-17","purchased_purges":3,"victory":false,"max_hp_per_floor":[75,75,75,85,85,85,85,85,85,85,85,85,85,85,85,85,85,85,85,85,85,85,85,85,85,85,85,85,85,85,85,85,85,85,85,85,85,85,85,85],"card_choices":[{"not_picked":["Leap","Conserve Battery"],"picked":"Rebound","floor":1},{"not_picked":["Sunder","Go for the Eyes"],"picked":"Gash","floor":2},{"not_picked":["Barrage","Conserve Battery"],"picked":"Skim","floor":6},{"not_picked":["Doom and Gloom","Loop"],"picked":"Gash","floor":10},{"not_picked":["Streamline","Compile Driver"],"picked":"Loop","floor":12},{"not_picked":["Streamline","Stack"],"picked":"Gash","floor":13},{"not_picked":["Recycle","Buffer"],"picked":"Beam Cell","floor":14},{"not_picked":["Echo Form","Meteor Strike"],"picked":"Biased Cognition","floor":16},{"not_picked":["Steam","Hologram"],"picked":"BootSequence+1","floor":18},{"not_picked":["Hello World","Beam Cell"],"picked":"Chill+1","floor":21},{"not_picked":["Double Energy+1","Rip and Tear","Genetic Algorithm"],"picked":"SKIP","floor":24},{"not_picked":["Rebound","Reprogram+1"],"picked":"Scrape","floor":25},{"not_picked":["Recycle+1","Conserve Battery+1"],"picked":"Stack+1","floor":29},{"not_picked":["Sweeping Beam","Rebound","Static Discharge"],"picked":"SKIP","floor":31},{"not_picked":["Amplify+1","Machine Learning"],"picked":"Rainbow+1","floor":33},{"not_picked":["Rebound","Streamline"],"picked":"Redo+1","floor":35},{"not_picked":["Magnetism","Panacea+1"],"picked":"Impatience+1","floor":36},{"not_picked":["Secret Weapon+1","Mind Blast"],"picked":"Deep Breath+1","floor":36},{"not_picked":["Trip+1","Swift Strike"],"picked":"Finesse+1","floor":36},{"not_picked":["Chill+1","Beam Cell"],"picked":"Steam Power+1","floor":38},{"not_picked":["Stack+1","Reinforced Body+1"],"picked":"Coolheaded+1","floor":39}],"player_experience":301574,"relics_obtained":[{"floor":6,"key":"Regal Pillow"},{"floor":9,"key":"Bottled Lightning"},{"floor":13,"key":"DataDisk"},{"floor":24,"key":"Lantern"},{"floor":26,"key":"Toxic Egg 2"},{"floor":39,"key":"Shovel"}],"event_choices":[{"damage_healed":0,"gold_gain":0,"player_choice":"Success","damage_taken":7,"relics_obtained":["Pear"],"max_hp_gain":0,"max_hp_loss":0,"event_name":"Scrap Ooze","floor":4,"gold_loss":0},{"damage_healed":0,"gold_gain":0,"player_choice":"Ignored","damage_taken":0,"max_hp_gain":0,"max_hp_loss":0,"event_name":"Liars Game","floor":5,"gold_loss":0},{"damage_healed":0,"gold_gain":0,"player_choice":"Upgraded","damage_taken":0,"max_hp_gain":0,"max_hp_loss":0,"event_name":"Upgrade Shrine","floor":7,"gold_loss":0,"cards_upgraded":["Zap"]},{"damage_healed":0,"gold_gain":0,"player_choice":"Take Damage","damage_taken":21,"relics_obtained":["Golden Idol"],"max_hp_gain":0,"max_hp_loss":0,"event_name":"Golden Idol","floor":11,"gold_loss":0},{"damage_healed":0,"gold_gain":0,"player_choice":"Ignored","damage_taken":0,"max_hp_gain":0,"max_hp_loss":0,"event_name":"The Mausoleum","floor":19,"gold_loss":0},{"cards_removed":["Strike_B"],"damage_healed":0,"gold_gain":0,"player_choice":"Purged","damage_taken":0,"max_hp_gain":0,"max_hp_loss":0,"event_name":"Purifier","floor":22,"gold_loss":0},{"damage_healed":0,"gold_gain":0,"player_choice":"Bought 0 Potions","damage_taken":0,"max_hp_gain":0,"max_hp_loss":0,"event_name":"The Woman in Blue","floor":27,"gold_loss":0},{"damage_healed":0,"gold_gain":0,"player_choice":"Memory 3","damage_taken":10,"max_hp_gain":0,"max_hp_loss":0,"event_name":"SensoryStone","floor":36,"gold_loss":0},{"damage_healed":0,"gold_gain":0,"player_choice":"Fight","damage_taken":0,"max_hp_gain":0,"max_hp_loss":0,"event_name":"Mysterious Sphere","floor":39,"gold_loss":0}],"is_beta":false,"boss_relics":[{"not_picked":[]},{"not_picked":["Sozu","Tiny House"],"picked":"Empty Cage"}],"items_purged_floors":[3,20,37],"is_endless":false,"potions_floor_spawned":[10,13,16,21,24,25,33,38],"killed_by":"Nemesis","ascension_level":0}