{"gold_per_floor":[19,19,36,52,67,101,101,132,132,132,149,149,224,224,224,325,325,336,336,3,14,14,14,42,42,42,42],"floor_reached":27,"playtime":1862,"items_purged":["Strike_R"],"score":287,"play_id":"32754fcd-c468-4f75-9d18-3e21ace3b376","local_time":"20190406145015","is_ascension_mode":true,"campfire_choices":[{"data":"Heavy Blade","floor":7,"key":"SMITH"},{"data":"Trip","floor":10,"key":"SMITH"},{"floor":15,"key":"REST"},{"floor":23,"key":"REST"},{"data":"Enlightenment","floor":25,"key":"SMITH"}],"neow_cost":"NO_GOLD","seed_source_timestamp":616427132895895,"circlet_count":0,"master_deck":["Strike_R","Strike_R","Strike_R","Strike_R","Defend_R+1","Defend_R","Defend_R","Defend_R","Bash","Trip+1","Panacea","Heavy Blade+1","Inflame","Rampage","Barricade","Armaments+1","Body Slam","Impervious","Entrench","Juggernaut","Cleave","Body Slam","Body Slam","Flex","RitualDagger","Enlightenment+1"],"relics":["Burning Blood","Pocketwatch","Bottled Flame","Ornamental Fan","Orrery","Mummified Hand","Blood Vial","Darkstone Periapt"],"potions_floor_usage":[8,16,16,16,24,27],"damage_taken":[{"damage":0,"enemies":"Small Slimes","floor":1,"turns":2},{"damage":8,"enemies":"Jaw Worm","floor":3,"turns":4},{"damage":10,"enemies":"2 Louse","floor":4,"turns":3},{"damage":8,"enemies":"Exordium Wildlife","floor":5,"turns":3},{"damage":30,"enemies":"Lagavulin","floor":6,"turns":7},{"damage":19,"enemies":"Gremlin Nob","floor":8,"turns":4},{"damage":6,"enemies":"Blue Slaver","floor":11,"turns":4},{"damage":22,"enemies":"The Guardian","floor":16,"turns":8},{"damage":44,"enemies":"2 Thieves","floor":18,"turns":4},{"damage":24,"enemies":"3 Byrds","floor":21,"turns":5},{"damage":30,"enemies":"Gremlin Leader","floor":24,"turns":8},{"damage":24,"enemies":"Snake Plant","floor":27,"turns":3}],"seed_played":"-4524555212629659364","potions_obtained":[{"floor":1,"key":"BloodPotion"},{"floor":4,"key":"GamblersBrew"},{"floor":6,"key":"LiquidBronze"},{"floor":11,"key":"SpeedPotion"},{"floor":21,"key":"Ancient Potion"},{"floor":24,"key":"SkillPotion"}],"is_trial":false,"path_per_floor":["M","$","M","M","M","E","R","E","T","R","M","?","?","?","R","B",null,"M","?","$","M","?","R","E","R","T","M"],"character_chosen":"IRONCLAD","items_purchased":["Mummified Hand"],"campfire_rested":2,"item_purchase_floors":[20],"current_hp_per_floor":[80,80,78,74,72,48,48,35,35,35,35,35,24,8,32,24,80,42,36,36,18,18,42,18,18,18,0],"gold":42,"neow_bonus":"RANDOM_COLORLESS_2","is_prod":false,"is_daily":false,"chose_seed":false,"campfire_upgraded":3,"win_rate":0,"timestamp":1554555015,"path_taken":["M","$","M","M","M","E","R","E","T","R","M","?","?","?","R","BOSS","M","?","$","M","?","R","E","R","T","M"],"build_version":"2019-04-04","purchased_purges":1,"victory":false,"max_hp_per_floor":[80,80,80,80,80,80,80,80,80,80,80,80,80,80,80,80,80,80,80,80,80,80,80,80,80,80,80],"card_choices":[{"not_picked":["Armaments","Havoc"],"picked":"Heavy Blade","floor":1},{"not_picked":["Wild Strike","Dual Wield","Feel No Pain"],"picked":"SKIP","floor":3},{"not_picked":["Rampage","Ghostly Armor"],"picked":"Inflame","floor":4},{"not_picked":["Thunderclap","Rage"],"picked":"Rampage","floor":5},{"not_picked":["Havoc","Shrug It Off"],"picked":"Barricade","floor":6},{"not_picked":["Combust","Sword Boomerang"],"picked":"Armaments","floor":8},{"not_picked":["Blood for Blood","Twin Strike"],"picked":"Body Slam","floor":11},{"not_picked":["Limit Break","Offering"],"picked":"Impervious","floor":16},{"not_picked":["Feel No Pain","Armaments"],"picked":"Entrench","floor":17},{"not_picked":["Warcry","Rampage"],"picked":"Juggernaut","floor":17},{"not_picked":["Combust","Rampage"],"picked":"Cleave","floor":17},{"not_picked":["Battle Trance","Havoc"],"picked":"Body Slam","floor":17},{"not_picked":["Rampage","Perfected Strike"],"picked":"Body Slam","floor":17},{"not_picked":["Blood for Blood","Second Wind+1"],"picked":"Flex","floor":18},{"not_picked":["Rampage+1","Infernal Blade","Searing Blow"],"picked":"SKIP","floor":21},{"not_picked":["Searing Blow","Clothesline","Carnage+1"],"picked":"SKIP","floor":24}],"player_experience":295888,"relics_obtained":[{"floor":6,"key":"Pocketwatch"},{"floor":8,"key":"Bottled Flame"},{"floor":9,"key":"Ornamental Fan"},{"floor":24,"key":"Blood Vial"},{"floor":26,"key":"Darkstone Periapt"}],"event_choices":[{"damage_healed":0,"gold_gain":0,"player_choice":"Ignored","damage_taken":0,"max_hp_gain":0,"max_hp_loss":0,"event_name":"Liars Game","floor":12,"gold_loss":0},{"damage_healed":0,"gold_gain":75,"player_choice":"Gather Gold","damage_taken":11,"max_hp_gain":0,"max_hp_loss":0,"event_name":"World of Goop","floor":13,"gold_loss":0},{"damage_healed":0,"gold_gain":0,"player_choice":"Entered Light","damage_taken":16,"max_hp_gain":0,"max_hp_loss":0,"event_name":"Shining Light","floor":14,"gold_loss":0,"cards_upgraded":["Defend_R","Armaments"]},{"damage_healed":0,"gold_gain":0,"player_choice":"Joined the Cult","damage_taken":6,"max_hp_gain":0,"max_hp_loss":0,"event_name":"Nest","floor":19,"gold_loss":0,"cards_obtained":["RitualDagger"]},{"damage_healed":0,"gold_gain":0,"player_choice":"1 cards matched","damage_taken":0,"max_hp_gain":0,"max_hp_loss":0,"event_name":"Match and Keep!","floor":22,"gold_loss":0,"cards_obtained":["Enlightenment"]}],"is_beta":true,"boss_relics":[{"not_picked":["Calling Bell","Tiny House"],"picked":"Orrery"}],"items_purged_floors":[20],"is_endless":false,"potions_floor_spawned":[1,4,6,11,21,24],"killed_by":"Snake Plant","ascension_level":4}