{"gold_per_floor":[111,286,133,144,160,160,60,60,60,89,109,139,139,149,149,248,248,260,33,33,52,52,80,80,93,146,146,166,166,236,98,98,193,193,205,205,224,241,257,257,257,267,290,302,81,81,92,92,92,92],"floor_reached":51,"playtime":7224,"items_purged":["Doubt","Strike_R"],"score":968,"play_id":"d2dc2eea-26a2-407a-89e7-91db7f0b4bce","local_time":"20190701030629","is_ascension_mode":true,"campfire_choices":[{"data":"Battle Trance","floor":6.0,"key":"SMITH"},{"data":"True Grit","floor":8.0,"key":"SMITH"},{"data":"Corruption","floor":13.0,"key":"SMITH"},{"data":"Feel No Pain","floor":15.0,"key":"SMITH"},{"data":"Demon Form","floor":24.0,"key":"SMITH"},{"floor":27.0,"key":"DIG"},{"data":"Offering","floor":32.0,"key":"SMITH"},{"data":"Demon Form","floor":40,"key":"SMITH"},{"data":"Feel No Pain","floor":46,"key":"SMITH"},{"floor":49,"key":"DIG"}],"neow_cost":"NONE","seed_source_timestamp":25372832669564,"circlet_count":0,"master_deck":["Defend_R","Defend_R","Defend_R+1","Bash","Blind","Pommel Strike","Feel No Pain+1","Battle Trance+1","True Grit+1","Corruption+1","Shockwave","Shrug It Off","Demon Form+1","Shrug It Off+1","Shrug It Off+1","Bite","Bite","Bite","Bite","Bite","Disarm+1","Feel No Pain+1","Offering+1","Demon Form+1","Flame Barrier+1","Cleave+1","Wild Strike+1","Warcry+1","Feel No Pain+1"],"special_seed":0,"relics":["Burning Blood","Blood Vial","Thread and Needle","Odd Mushroom","FossilizedHelix","Sozu","Medical Kit","Shovel","Tiny Chest","Nunchaku","Dodecahedron","Snecko Eye","Vajra","War Paint","Blue Candle"],"potions_floor_usage":[],"damage_taken":[{"damage":8.0,"enemies":"2 Louse","floor":1.0,"turns":2.0},{"damage":12.0,"enemies":"Small Slimes","floor":4.0,"turns":4.0},{"damage":4.0,"enemies":"Cultist","floor":5.0,"turns":3.0},{"damage":31.0,"enemies":"Gremlin Nob","floor":10.0,"turns":5.0},{"damage":17.0,"enemies":"The Mushroom Lair","floor":11.0,"turns":5.0},{"damage":12.0,"enemies":"Lagavulin","floor":12.0,"turns":9.0},{"damage":0.0,"enemies":"Gremlin Gang","floor":14.0,"turns":5.0},{"damage":27.0,"enemies":"Slime Boss","floor":16.0,"turns":21.0},{"damage":2.0,"enemies":"Shell Parasite","floor":18.0,"turns":5.0},{"damage":0.0,"enemies":"3 Byrds","floor":21.0,"turns":8.0},{"damage":0.0,"enemies":"Gremlin Leader","floor":23.0,"turns":6.0},{"damage":0.0,"enemies":"Sentry and Sphere","floor":25.0,"turns":6.0},{"damage":9.0,"enemies":"Centurion and Healer","floor":28.0,"turns":7.0},{"damage":16.0,"enemies":"Collector","floor":33.0,"turns":9.0},{"damage":3.0,"enemies":"3 Darklings","floor":35.0,"turns":5.0},{"damage":0.0,"enemies":"Orb Walker","floor":37.0,"turns":3.0},{"damage":0,"enemies":"Transient","floor":38,"turns":5},{"damage":6,"enemies":"Sphere and 2 Shapes","floor":39,"turns":5},{"damage":0,"enemies":"Maw","floor":42,"turns":5},{"damage":14,"enemies":"4 Shapes","floor":44,"turns":3},{"damage":10,"enemies":"Jaw Worm Horde","floor":47,"turns":4},{"damage":12,"enemies":"Donu and Deca","floor":50,"turns":11}],"seed_played":"7427309440657243011","potions_obtained":[{"floor":5.0,"key":"Block Potion"},{"floor":10.0,"key":"Dexterity Potion"},{"floor":14.0,"key":"BloodPotion"}],"is_trial":false,"path_per_floor":["M","?","$","M","M","R","$","R","T","E","?","E","R","M","R","B",null,"M","$","?","M","?","E","R","M","T","R","M","?","T","$","R","B",null,"M","?","M","M","M","R","$","M","T","M","$","R","M","?","R","B",null],"character_chosen":"IRONCLAD","items_purchased":["Feel No Pain","Medical Kit","Shrug It Off","Offering","Feel No Pain","War Paint"],"campfire_rested":0,"item_purchase_floors":[3,19,19,31,45,45],"current_hp_per_floor":[70,70,70,64,66,66,66,66,66,43,34,30,30,38,38,27,67,73,73,56,56,56,56,56,56,56,56,56,47,47,47,47,61,61,61,55,61,61,61,61,61,61,61,59,59,59,59,59,59,61],"gold":92,"neow_bonus":"RANDOM_COLORLESS","is_prod":false,"is_daily":false,"chose_seed":false,"campfire_upgraded":8,"win_rate":0,"timestamp":1561964789,"path_taken":["M","?","$","M","M","R","$","R","T","E","?","E","R","M","R","BOSS","M","$","?","M","?","E","R","M","T","R","M","?","?","?","R","BOSS","M","?","?","M","?","R","?","M","T","M","$","R","M","?","R","BOSS"],"build_version":"2019-01-23","purchased_purges":2,"victory":true,"max_hp_per_floor":[80,80,80,80,80,80,80,80,80,80,80,80,80,80,80,80,80,80,80,56,56,56,56,56,56,56,56,56,61,61,61,61,61,61,61,61,61,61,61,61,61,61,61,61,61,61,61,61,61,61],"card_choices":[{"not_picked":["Cleave","Bloodletting"],"picked":"Pommel Strike","floor":1.0},{"not_picked":["Perfected Strike","Flame Barrier"],"picked":"Battle Trance","floor":4.0},{"not_picked":["Pummel","Twin Strike"],"picked":"True Grit","floor":5.0},{"not_picked":["Clash","Sever Soul","Body Slam"],"picked":"SKIP","floor":10.0},{"not_picked":["Iron Wave","Perfected Strike"],"picked":"Corruption","floor":11.0},{"not_picked":["Armaments","True Grit"],"picked":"Shockwave","floor":12.0},{"not_picked":["Heavy Blade","Combust"],"picked":"Shrug It Off","floor":14.0},{"not_picked":["Immolate","Brutality"],"picked":"Demon Form","floor":16.0},{"not_picked":["Infernal Blade+1","Thunderclap"],"picked":"Shrug It Off+1","floor":18.0},{"not_picked":["Wild Strike","Clash+1"],"picked":"Disarm+1","floor":21.0},{"not_picked":["Barricade","Iron Wave","Sword Boomerang"],"picked":"SKIP","floor":23.0},{"not_picked":["Anger","Headbutt+1"],"picked":"Feel No Pain+1","floor":25.0},{"not_picked":["Twin Strike","Uppercut","Bloodletting"],"picked":"SKIP","floor":28.0},{"not_picked":["Bludgeon","Exhume"],"picked":"Demon Form","floor":33.0},{"not_picked":["Iron Wave+1","Pommel Strike"],"picked":"Flame Barrier+1","floor":35.0},{"not_picked":["Anger+1","Iron Wave+1","Body Slam"],"picked":"SKIP","floor":37.0},{"not_picked":["Warcry","Anger"],"picked":"Cleave+1","floor":38},{"not_picked":["Pommel Strike","Perfected Strike+1"],"picked":"Wild Strike+1","floor":39},{"not_picked":["Rupture","Second Wind+1","Sever Soul"],"picked":"SKIP","floor":42},{"not_picked":["Fire Breathing+1","Evolve+1"],"picked":"Warcry+1","floor":44},{"not_picked":["Pommel Strike","Pummel","Perfected Strike+1"],"picked":"SKIP","floor":47}],"player_experience":141740,"relics_obtained":[{"floor":9.0,"key":"Blood Vial"},{"floor":10.0,"key":"Thread and Needle"},{"floor":11.0,"key":"Odd Mushroom"},{"floor":12.0,"key":"FossilizedHelix"},{"floor":23.0,"key":"Shovel"},{"floor":26.0,"key":"Tiny Chest"},{"floor":27.0,"key":"Nunchaku"},{"floor":30.0,"key":"Dodecahedron"},{"floor":43,"key":"Vajra"},{"floor":49,"key":"Blue Candle"}],"event_choices":[{"damage_healed":0.0,"max_hp_gain":0.0,"max_hp_loss":0.0,"gold_gain":175.0,"event_name":"Liars Game","player_choice":"AGREE","floor":2.0,"gold_loss":0.0,"damage_taken":0.0,"cards_obtained":["Doubt"]},{"damage_healed":0.0,"max_hp_gain":0.0,"max_hp_loss":0.0,"gold_gain":0.0,"event_name":"Mushrooms","player_choice":"Fought Mushrooms","floor":11.0,"gold_loss":0.0,"damage_taken":0.0},{"damage_healed":0.0,"max_hp_gain":0.0,"max_hp_loss":24.0,"gold_gain":0.0,"event_name":"Vampires","player_choice":"Became a vampire","floor":20.0,"gold_loss":0.0,"damage_taken":0.0,"cards_obtained":["Bite","Bite","Bite","Bite","Bite"]},{"damage_healed":0.0,"max_hp_gain":5.0,"max_hp_loss":0.0,"gold_gain":0.0,"event_name":"Forgotten Altar","player_choice":"Shed Blood","floor":29.0,"gold_loss":0.0,"damage_taken":14.0},{"damage_healed":0.0,"max_hp_gain":0.0,"max_hp_loss":0.0,"gold_gain":0.0,"event_name":"Wheel of Change","player_choice":"Damaged","floor":36.0,"gold_loss":0.0,"damage_taken":6.0},{"cards_removed":["Defend_R"],"damage_healed":0,"gold_gain":0,"player_choice":"Removed Skill","damage_taken":0,"max_hp_gain":0,"max_hp_loss":0,"event_name":"Falling","floor":48,"gold_loss":0}],"is_beta":false,"boss_relics":[{"not_picked":["Cursed Key","Busted Crown"],"picked":"Sozu"},{"not_picked":["Runic Pyramid","Eternal Feather"],"picked":"Snecko Eye"}],"items_purged_floors":[3,7],"is_endless":false,"potions_floor_spawned":[5,10,14,18,21,23,28,37,44,47],"ascension_level":9}