{"gold_per_floor":[113,126,76,96,116,116,149,149,149,149,167,200,212,55,55,159,159,170,170,180,190,34,34,68,68,68,68,86,3,103,121,121,121],"floor_reached":33,"playtime":1718,"items_purged":[],"score":277,"play_id":"649f85f7-9e46-4bf5-a0e7-076934aeb3e4","local_time":"20190806023517","is_ascension_mode":false,"campfire_choices":[{"data":"Searing Blow","floor":6,"key":"SMITH"},{"data":"Searing Blow+1","floor":15,"key":"SMITH"},{"floor":23,"key":"REST"},{"floor":25,"key":"REST"},{"data":"Searing Blow+2","floor":32,"key":"SMITH"}],"neow_cost":"NONE","seed_source_timestamp":531610387549600,"circlet_count":0,"master_deck":["Strike_R","Strike_R","Strike_R","Defend_R","Defend_R","Defend_R","Defend_R","Bash","Anger","Twin Strike","Iron Wave","Searing Blow+3","Battle Trance","Parasite","Impervious","Cleave+1","Thunderclap+1","Bludgeon+1","Shrug It Off","Body Slam+1","Rage","Rampage+1","Bandage Up","Rage+1"],"relics":["Burning Blood","NeowsBlessing","StoneCalendar","Self Forming Clay","Molten Egg 2","Bag of Marbles","Black Star","Red Skull","Paper Frog","PreservedInsect","Incense Burner","Gambling Chip","Mummified Hand"],"potions_floor_usage":[12,16,16,28,30,30,33],"damage_taken":[{"damage":0,"enemies":"Cultist","floor":1,"turns":1},{"damage":0,"enemies":"Small Slimes","floor":2,"turns":1},{"damage":0,"enemies":"Jaw Worm","floor":4,"turns":1},{"damage":14,"enemies":"Exordium Thugs","floor":5,"turns":5},{"damage":33,"enemies":"3 Sentries","floor":7,"turns":10},{"damage":9,"enemies":"Gremlin Gang","floor":11,"turns":5},{"damage":17,"enemies":"Gremlin Nob","floor":12,"turns":5},{"damage":0,"enemies":"2 Fungi Beasts","floor":13,"turns":3},{"damage":20,"enemies":"Slime Boss","floor":16,"turns":7},{"damage":21,"enemies":"Shell Parasite","floor":18,"turns":7},{"damage":24,"enemies":"3 Byrds","floor":20,"turns":6},{"damage":43,"enemies":"Cultist and Chosen","floor":21,"turns":6},{"damage":14,"enemies":"Gremlin Leader","floor":24,"turns":4},{"damage":14,"enemies":"Sentry and Sphere","floor":28,"turns":5},{"damage":0,"enemies":"Colosseum Slavers","floor":30,"turns":4},{"damage":0,"enemies":"Colosseum Nobs","floor":30,"turns":1},{"damage":8,"enemies":"Centurion and Healer","floor":31,"turns":6},{"damage":80,"enemies":"Collector","floor":33,"turns":6}],"seed_played":"6573146730532373653","potions_obtained":[{"floor":2,"key":"SkillPotion"},{"floor":4,"key":"GamblersBrew"},{"floor":11,"key":"PowerPotion"},{"floor":16,"key":"Poison Potion"},{"floor":20,"key":"GamblersBrew"},{"floor":24,"key":"AttackPotion"},{"floor":28,"key":"Energy Potion"}],"is_trial":false,"path_per_floor":["M","M","?","M","M","R","E","?","T","?","M","E","M","$","R","B",null,"M","?","M","M","$","R","E","R","T","?","M","$","?","M","R","B"],"character_chosen":"IRONCLAD","items_purchased":["Bag of Marbles","Red Skull","Bandage Up"],"campfire_rested":2,"item_purchase_floors":[14,22,29],"current_hp_per_floor":[80,80,80,80,72,72,45,65,65,65,62,51,57,57,57,43,80,65,65,47,10,10,34,26,50,50,50,42,42,58,60,60,0],"gold":121,"neow_bonus":"THREE_ENEMY_KILL","is_prod":false,"is_daily":false,"chose_seed":false,"campfire_upgraded":3,"win_rate":0.0,"timestamp":1565022917,"path_taken":["M","M","?","M","M","R","E","?","T","?","M","E","?","$","R","BOSS","M","?","?","M","$","R","E","R","T","?","M","$","?","M","R","BOSS"],"build_version":"2019-07-17","purchased_purges":0,"victory":false,"max_hp_per_floor":[80,80,80,80,80,80,80,80,80,80,80,80,80,80,80,80,80,80,80,80,80,80,80,80,80,80,80,80,80,80,80,80,80],"card_choices":[{"not_picked":["Intimidate","Seeing Red"],"picked":"Anger","floor":1},{"not_picked":["Fire Breathing","Body Slam"],"picked":"Twin Strike","floor":2},{"not_picked":["Headbutt","Inflame"],"picked":"Iron Wave","floor":4},{"not_picked":["Feel No Pain","Flame Barrier"],"picked":"Searing Blow","floor":5},{"not_picked":["Carnage","Whirlwind"],"picked":"Battle Trance","floor":7},{"not_picked":["Pommel Strike","Combust"],"picked":"Impervious","floor":11},{"not_picked":["True Grit","Body Slam"],"picked":"Cleave","floor":12},{"not_picked":["Twin Strike+1","Intimidate"],"picked":"Thunderclap+1","floor":13},{"not_picked":["Reaper+1","Feed+1"],"picked":"Bludgeon+1","floor":16},{"not_picked":["Dual Wield","Sword Boomerang+1","Carnage+1"],"picked":"SKIP","floor":18},{"not_picked":["Clash+1","Cleave+1"],"picked":"Shrug It Off","floor":20},{"not_picked":["Flex+1","Bloodletting"],"picked":"Body Slam+1","floor":21},{"not_picked":["True Grit","Clothesline+1"],"picked":"Rage","floor":24},{"not_picked":["Double Tap","Cleave+1"],"picked":"Rampage+1","floor":28},{"not_picked":["Spot Weakness+1","Headbutt+1"],"picked":"Rage+1","floor":30},{"not_picked":["Bloodletting+1","Clash+1","Clothesline+1"],"picked":"SKIP","floor":31}],"player_experience":7169,"relics_obtained":[{"floor":7,"key":"StoneCalendar"},{"floor":9,"key":"Self Forming Clay"},{"floor":12,"key":"Molten Egg 2"},{"floor":24,"key":"Paper Frog"},{"floor":24,"key":"PreservedInsect"},{"floor":26,"key":"Incense Burner"},{"floor":30,"key":"Gambling Chip"},{"floor":30,"key":"Mummified Hand"}],"event_choices":[{"cards_removed":["Strike_R"],"damage_healed":0,"gold_gain":0,"player_choice":"Card Removal","damage_taken":0,"max_hp_gain":0,"max_hp_loss":0,"event_name":"The Cleric","floor":3,"gold_loss":50},{"damage_healed":20,"gold_gain":0,"player_choice":"Healed and dodged fight","damage_taken":0,"max_hp_gain":0,"max_hp_loss":0,"event_name":"Mushrooms","floor":8,"gold_loss":0,"cards_obtained":["Parasite"]},{"damage_healed":0,"gold_gain":0,"player_choice":"Ignored","damage_taken":0,"max_hp_gain":0,"max_hp_loss":0,"event_name":"Liars Game","floor":10,"gold_loss":0},{"cards_removed":["Strike_R"],"damage_healed":0,"gold_gain":0,"player_choice":"Purged","damage_taken":0,"max_hp_gain":0,"max_hp_loss":0,"event_name":"Purifier","floor":19,"gold_loss":0},{"damage_healed":0,"gold_gain":0,"player_choice":"Ignored","damage_taken":0,"max_hp_gain":0,"max_hp_loss":0,"event_name":"Ghosts","floor":27,"gold_loss":0},{"damage_healed":0,"gold_gain":0,"player_choice":"Fight","damage_taken":0,"max_hp_gain":0,"max_hp_loss":0,"event_name":"Colosseum","floor":30,"gold_loss":0},{"damage_healed":0,"gold_gain":0,"player_choice":"Fought Nobs","damage_taken":0,"max_hp_gain":0,"max_hp_loss":0,"event_name":"Colosseum","floor":30,"gold_loss":0}],"is_beta":false,"boss_relics":[{"not_picked":["Orrery","Snecko Eye"],"picked":"Black Star"}],"items_purged_floors":[],"is_endless":false,"potions_floor_spawned":[2,4,11,16,20,24,28],"killed_by":"Collector","ascension_level":0}