{"gold_per_floor":[112,287,301,312,387,414,414,466,466,466,107,121,21,47,47,146,146,157,6,6,6,6,6,6],"floor_reached":24,"playtime":422,"items_purged":["Defend_R","Defend_R"],"score":190,"play_id":"2d44ed19-1b4f-45f1-ad89-11ba10966164","local_time":"20190708221118","is_ascension_mode":false,"campfire_choices":[{"data":"Bash","floor":7,"key":"SMITH"},{"floor":15,"key":"REST"},{"data":"Flex","floor":23,"key":"SMITH"}],"neow_cost":"NONE","seed_source_timestamp":1143491103287654,"circlet_count":0,"master_deck":["Strike_R","Strike_R","Strike_R","Strike_R","Strike_R","Defend_R","Defend_R","Bash+1","Sword Boomerang","Blood for Blood","Twin Strike","Inflame","Sword Boomerang","Flex","Exhume","Flex+1","Dropkick"],"relics":["Burning Blood","NeowsBlessing","Boot","Juzu Bracelet","Shuriken","Matryoshka","Odd Mushroom","Black Star","Red Skull"],"potions_floor_usage":[16,24],"damage_taken":[{"damage":0,"enemies":"Small Slimes","floor":1,"turns":2},{"damage":0,"enemies":"Jaw Worm","floor":3,"turns":1},{"damage":0,"enemies":"Cultist","floor":4,"turns":1},{"damage":34,"enemies":"Gremlin Nob","floor":6,"turns":5},{"damage":8,"enemies":"Red Slaver","floor":12,"turns":2},{"damage":30,"enemies":"The Mushroom Lair","floor":14,"turns":3},{"damage":30,"enemies":"Hexaghost","floor":16,"turns":5},{"damage":25,"enemies":"Spheric Guardian","floor":18,"turns":4},{"damage":48,"enemies":"Slavers","floor":24,"turns":3}],"seed_played":"8569692068383004854","potions_obtained":[{"floor":6,"key":"PowerPotion"},{"floor":12,"key":"FearPotion"},{"floor":18,"key":"LiquidBronze"}],"is_trial":false,"path_per_floor":["M","?","M","M","?","E","R","T","T","?","$","M","$","?","R","B",null,"M","$","?","?","?","R","E"],"character_chosen":"IRONCLAD","items_purchased":["Inflame","Matryoshka","Red Skull"],"campfire_rested":1,"item_purchase_floors":[11,11,19],"current_hp_per_floor":[80,80,80,80,69,41,41,41,41,41,41,39,39,15,39,15,80,61,61,61,61,46,46,0],"gold":6,"neow_bonus":"THREE_ENEMY_KILL","is_prod":false,"is_daily":false,"chose_seed":false,"campfire_upgraded":2,"win_rate":0,"timestamp":1562649078,"path_taken":["M","?","M","M","?","E","R","?","T","?","$","M","?","?","R","BOSS","M","$","?","?","?","R","E"],"build_version":"2019-07-05","purchased_purges":2,"victory":false,"max_hp_per_floor":[80,80,80,80,80,80,80,80,80,80,80,80,80,80,80,80,80,80,80,80,80,85,85,85],"card_choices":[{"not_picked":["Wild Strike","Thunderclap"],"picked":"Sword Boomerang","floor":1},{"not_picked":["Havoc","Searing Blow","Armaments"],"picked":"SKIP","floor":3},{"not_picked":["Iron Wave","Pommel Strike"],"picked":"Blood for Blood","floor":4},{"not_picked":["Dark Embrace","True Grit"],"picked":"Twin Strike","floor":6},{"not_picked":["Wild Strike","Rage"],"picked":"Sword Boomerang","floor":12},{"not_picked":["Thunderclap","Wild Strike"],"picked":"Flex","floor":14},{"not_picked":["Juggernaut","Impervious"],"picked":"Exhume","floor":16},{"not_picked":["Reckless Charge","Warcry"],"picked":"Flex","floor":18}],"player_experience":1430766,"relics_obtained":[{"floor":6,"key":"Boot"},{"floor":8,"key":"Juzu Bracelet"},{"floor":9,"key":"Shuriken"},{"floor":14,"key":"Odd Mushroom"}],"event_choices":[{"damage_healed":0,"gold_gain":175,"player_choice":"AGREE","damage_taken":0,"max_hp_gain":0,"max_hp_loss":0,"event_name":"Liars Game","floor":2,"gold_loss":0,"cards_obtained":["Doubt"]},{"damage_healed":0,"gold_gain":75,"player_choice":"Gather Gold","damage_taken":11,"max_hp_gain":0,"max_hp_loss":0,"event_name":"World of Goop","floor":5,"gold_loss":0},{"cards_removed":["Doubt"],"damage_healed":0,"gold_gain":0,"player_choice":"Purged","damage_taken":0,"max_hp_gain":0,"max_hp_loss":0,"event_name":"Purifier","floor":10,"gold_loss":0},{"damage_healed":0,"gold_gain":0,"player_choice":"Fought Mushrooms","damage_taken":0,"max_hp_gain":0,"max_hp_loss":0,"event_name":"Mushrooms","floor":14,"gold_loss":0},{"damage_healed":0,"gold_gain":0,"player_choice":"Read","damage_taken":0,"max_hp_gain":0,"max_hp_loss":0,"event_name":"The Library","floor":20,"gold_loss":0,"cards_obtained":["Dropkick"]},{"damage_healed":0,"gold_gain":0,"player_choice":"0 cards matched","damage_taken":0,"max_hp_gain":0,"max_hp_loss":0,"event_name":"Match and Keep!","floor":21,"gold_loss":0,"cards_obtained":[]},{"damage_healed":0,"gold_gain":0,"player_choice":"Shed Blood","damage_taken":20,"max_hp_gain":5,"max_hp_loss":0,"event_name":"Forgotten Altar","floor":22,"gold_loss":0}],"is_beta":false,"boss_relics":[{"not_picked":["Lizard Tail","Ectoplasm"],"picked":"Black Star"}],"items_purged_floors":[11,13],"is_endless":false,"potions_floor_spawned":[6,12,18],"killed_by":"Slavers","ascension_level":0}