{"gold_per_floor":[116,135,85,97,112,112,144,159,159,171,171,188,188,221,221,316,316,327,337,81,99,112,112,144,144,167,167,181,238,265,265,265,265],"floor_reached":33,"playtime":2101,"items_purged":["Zap"],"score":389,"play_id":"ed11c3f0-230a-4009-9619-7ca1765a69a5","local_time":"20180818010201","is_ascension_mode":true,"campfire_choices":[{"floor":6.0,"key":"REST"},{"floor":11.0,"key":"REST"},{"data":"Streamline","floor":13.0,"key":"SMITH"},{"floor":15.0,"key":"REST"},{"floor":23,"key":"REST"},{"data":"Self Repair","floor":25,"key":"SMITH"},{"data":"Hyperbeam","floor":27,"key":"SMITH"},{"floor":32,"key":"REST"}],"neow_cost":"NONE","seed_source_timestamp":0,"circlet_count":0,"master_deck":["Strike_B","Strike_B","Strike_B","Defend_B","Defend_B","Defend_B","Defend_B","Defragment","Streamline+1","Sweeping Beam","Go for the Eyes","Turbo","Steam","Reboot","Streamline","Hyperbeam+1","Gash","Self Repair+1","Go for the Eyes","Streamline","Beam Cell","Steam","FTL","Steam"],"special_seed":0,"relics":["White Beast Statue","Nunchaku","Vajra","Ancient Tea Set","Eternal Feather","Lantern","Bottled Tornado","Happy Flower","Tiny Chest","Red Mask"],"potions_floor_usage":[24,28,29,30,33],"damage_taken":[{"damage":7.0,"enemies":"Jaw Worm","floor":1.0,"turns":3.0},{"damage":8.0,"enemies":"Cultist","floor":2.0,"turns":6.0},{"damage":1.0,"enemies":"2 Louse","floor":4.0,"turns":3.0},{"damage":17.0,"enemies":"2 Fungi Beasts","floor":5.0,"turns":3.0},{"damage":25.0,"enemies":"3 Sentries","floor":7.0,"turns":6.0},{"damage":10.0,"enemies":"Large Slime","floor":8.0,"turns":5.0},{"damage":5.0,"enemies":"Exordium Thugs","floor":10.0,"turns":4.0},{"damage":10.0,"enemies":"2 Fungi Beasts","floor":12.0,"turns":3.0},{"damage":19.0,"enemies":"Lagavulin","floor":14.0,"turns":5.0},{"damage":23.0,"enemies":"Hexaghost","floor":16.0,"turns":9.0},{"damage":7,"enemies":"3 Byrds","floor":18,"turns":6},{"damage":26,"enemies":"Chosen","floor":19,"turns":5},{"damage":0,"enemies":"3 Cultists","floor":21,"turns":3},{"damage":26,"enemies":"Shelled Parasite and Fungi","floor":22,"turns":4},{"damage":30,"enemies":"Gremlin Leader","floor":24,"turns":6},{"damage":20,"enemies":"Snecko","floor":28,"turns":4},{"damage":25,"enemies":"Slavers","floor":29,"turns":4},{"damage":0,"floor":30,"turns":2},{"damage":63,"enemies":"Champ","floor":33,"turns":7}],"seed_played":"-4197946795013929361","potions_obtained":[{"floor":1.0,"key":"EssenceOfSteel"},{"floor":2.0,"key":"Fire Potion"},{"floor":4.0,"key":"EssenceOfSteel"},{"floor":5.0,"key":"Weak Potion"},{"floor":7.0,"key":"GamblersBrew"},{"floor":8.0,"key":"FearPotion"},{"floor":14.0,"key":"LiquidBronze"},{"floor":16.0,"key":"Weak Potion"},{"floor":18,"key":"GamblersBrew"},{"floor":19,"key":"FearPotion"},{"floor":24,"key":"SteroidPotion"},{"floor":28,"key":"SpeedPotion"},{"floor":29,"key":"Explosive Potion"},{"floor":30,"key":"LiquidBronze"}],"is_trial":false,"path_per_floor":["M","M","?","M","M","R","E","M","T","M","R","M","R","E","R","B",null,"M","M","$","M","M","R","E","R","T","R","M","E","?","?","R"],"character_chosen":"DEFECT","items_purchased":["Go for the Eyes","Lantern"],"campfire_rested":5,"item_purchase_floors":[20,20],"current_hp_per_floor":[61,53,53,52,35,57,32,22,22,17,39,29,29,10,32,9,59,52,26,26,33,14,48,25,37,37,49,39,14,24,24,58,0],"gold":265,"neow_bonus":"BOSS_RELIC","is_prod":false,"is_daily":false,"chose_seed":false,"campfire_upgraded":3,"win_rate":0,"timestamp":1534579321,"path_taken":["M","M","?","M","M","R","E","?","T","M","R","?","R","E","R","BOSS","M","M","$","M","M","R","E","R","T","R","M","E","?","?","R","BOSS"],"build_version":"2018-08-16","purchased_purges":1,"victory":false,"max_hp_per_floor":[75,75,75,75,75,75,75,75,75,75,75,75,75,75,75,75,75,75,75,75,75,75,75,75,75,75,75,75,75,75,75,75,75],"card_choices":[{"not_picked":["Coolheaded","Hologram"],"picked":"Defragment","floor":1.0},{"not_picked":["Beam Cell","Recycle"],"picked":"Streamline","floor":2.0},{"not_picked":["Doom and Gloom","Stack"],"picked":"Sweeping Beam","floor":4.0},{"not_picked":["Recycle","Aggregate","Hologram"],"picked":"SKIP","floor":5.0},{"not_picked":["Static Discharge","Stack"],"picked":"Go for the Eyes","floor":7.0},{"not_picked":["Hologram","Cold Snap"],"picked":"Turbo","floor":8.0},{"not_picked":["Compile Driver","Recycle"],"picked":"Steam","floor":10.0},{"not_picked":["Streamline","Conserve Battery"],"picked":"Reboot","floor":12.0},{"not_picked":["Defragment","Gash"],"picked":"Streamline","floor":14.0},{"not_picked":["Machine Learning","Reboot"],"picked":"Hyperbeam","floor":16.0},{"not_picked":["Coolheaded+1","Consume+1"],"picked":"Gash","floor":18},{"not_picked":["Tempest+1","Coolheaded+1"],"picked":"Self Repair","floor":19},{"not_picked":["Stack","Lockon"],"picked":"Streamline","floor":21},{"not_picked":["Redo","Melter"],"picked":"Beam Cell","floor":22},{"not_picked":["Sweeping Beam","Conserve Battery"],"picked":"Steam","floor":24},{"not_picked":["Coolheaded","Skim+1","Tempest"],"picked":"SKIP","floor":28},{"not_picked":["Streamline+1","Storm+1"],"picked":"FTL","floor":29},{"not_picked":["Double Energy","Leap"],"picked":"Steam","floor":30}],"player_experience":667818,"relics_obtained":[{"floor":7.0,"key":"Nunchaku"},{"floor":9.0,"key":"Vajra"},{"floor":14.0,"key":"Ancient Tea Set"},{"floor":24,"key":"Bottled Tornado"},{"floor":26,"key":"Happy Flower"},{"floor":29,"key":"Tiny Chest"},{"floor":30,"key":"Red Mask"}],"event_choices":[{"event_name":"The Cleric","player_choice":"Card Removal","floor":3.0,"damage_taken":0.0},{"event_name":"Masked Bandits","player_choice":"Fought Bandits","floor":30,"damage_taken":0},{"event_name":"Back to Basics","player_choice":"Elegance","floor":31,"damage_taken":0}],"is_beta":false,"boss_relics":[{"not_picked":["Astrolabe","Sozu"],"picked":"Eternal Feather"}],"items_purged_floors":[20],"is_endless":false,"potions_floor_spawned":[1,2,4,5,7,8,10,12,14,16,18,19,21,22,24,28,29,30],"killed_by":"Champ","ascension_level":6}