{"gold_per_floor":[111,121,137,150,26,26,59,59,109,126,144,175,8,8,8,8],"floor_reached":16,"playtime":2334,"items_purged":["Regret","Defend_G"],"score":157,"play_id":"57fbd5a1-f504-463c-9f56-bee5e3589bb9","local_time":"20190119220634","is_ascension_mode":true,"campfire_choices":[{"data":"Prepared","floor":6,"key":"SMITH"},{"data":"Neutralize","floor":8,"key":"SMITH"},{"floor":15,"key":"REST"}],"neow_cost":"CURSE","seed_source_timestamp":0,"circlet_count":0,"master_deck":["Defend_G","Defend_G","Defend_G","Defend_G","Strike_G+1","Strike_G","Strike_G","Strike_G","Survivor","Neutralize+1","Prepared+1","Backflip","Dagger Throw+1","Terror","Acrobatics","Expertise"],"special_seed":0,"relics":["Ring of the Snake","Mercury Hourglass","Omamori","Whetstone"],"potions_floor_usage":[7,7,16],"damage_taken":[{"damage":8.0,"enemies":"Cultist","floor":1.0,"turns":6.0},{"damage":4,"enemies":"Jaw Worm","floor":2,"turns":8},{"damage":10,"enemies":"Small Slimes","floor":3,"turns":4},{"damage":9,"enemies":"Exordium Wildlife","floor":4,"turns":6},{"damage":11,"enemies":"Gremlin Nob","floor":7,"turns":4},{"damage":0,"enemies":"Looter","floor":10,"turns":4},{"damage":0,"enemies":"Large Slime","floor":11,"turns":5},{"damage":19,"enemies":"Lagavulin","floor":12,"turns":6},{"damage":0,"enemies":"Hexaghost","floor":16,"turns":8}],"seed_played":"2055263045317123758","potions_obtained":[{"floor":3,"key":"Poison Potion"},{"floor":4,"key":"SteroidPotion"},{"floor":7,"key":"FearPotion"},{"floor":12,"key":"EssenceOfSteel"}],"is_trial":false,"path_per_floor":["M","M","M","M","$","R","E","R","T","M","M","E","$","?","R","B"],"character_chosen":"THE_SILENT","items_purchased":["Dagger Throw","Expertise"],"campfire_rested":1,"item_purchase_floors":[5,13],"current_hp_per_floor":[69,65,55,46,46,46,35,35,35,35,35,16,16,16,41,41],"gold":8,"neow_bonus":"TWENTY_PERCENT_HP_BONUS","is_prod":false,"is_daily":false,"chose_seed":false,"campfire_upgraded":2,"win_rate":0,"timestamp":1547964394,"path_taken":["M","M","M","M","$","R","E","R","T","M","?","E","$","?","R","BOSS"],"build_version":"2019-01-17v2","purchased_purges":2,"victory":false,"max_hp_per_floor":[84,84,84,84,84,84,84,84,84,84,84,84,84,84,84,84],"card_choices":[{"not_picked":["Setup","Backflip"],"picked":"Prepared","floor":1.0},{"not_picked":["Dodge and Roll","Predator","Setup"],"picked":"SKIP","floor":2},{"not_picked":["Accuracy","Dagger Spray"],"picked":"Backflip","floor":3},{"not_picked":["Endless Agony","Accuracy","Sucker Punch"],"picked":"SKIP","floor":4},{"not_picked":["Caltrops","Accuracy"],"picked":"Terror","floor":7},{"not_picked":["PiercingWail","Cloak And Dagger","Deflect"],"picked":"SKIP","floor":10},{"not_picked":["Deflect","Cloak And Dagger","Blade Dance"],"picked":"SKIP","floor":11},{"not_picked":["A Thousand Cuts","Outmaneuver"],"picked":"Acrobatics","floor":12}],"player_experience":1125271,"relics_obtained":[{"floor":7,"key":"Mercury Hourglass"},{"floor":9,"key":"Omamori"},{"floor":12,"key":"Whetstone"}],"event_choices":[{"cards_removed":["Strike_G"],"damage_healed":0,"gold_gain":0,"player_choice":"Purged","damage_taken":0,"max_hp_gain":0,"max_hp_loss":0,"event_name":"Purifier","floor":14,"gold_loss":0}],"is_beta":false,"boss_relics":[],"items_purged_floors":[5,13],"is_endless":false,"potions_floor_spawned":[3,4,7,12],"killed_by":"Hexaghost","ascension_level":8}