{"gold_per_floor":[111,111,127,144,144,144,170,170,170,95,107,127,140,168,168,243,243,253,303,315,230,230,230,230],"floor_reached":24,"playtime":1389,"items_purged":[],"score":371,"play_id":"e29a7873-f5ac-4e86-8efc-c06cd6ee55ad","local_time":"20190706214418","is_ascension_mode":true,"campfire_choices":[{"data":"Pommel Strike","floor":6,"key":"SMITH"},{"data":"Double Tap","floor":8,"key":"SMITH"},{"data":"Flame Barrier","floor":15,"key":"SMITH"},{"data":"Berserk","floor":23,"key":"SMITH"}],"neow_cost":"NONE","seed_source_timestamp":399777998654113,"circlet_count":0,"master_deck":["AscendersBane","Strike_R+1","Strike_R+1","Strike_R+1","Strike_R+1","Defend_R+1","Defend_R+1","Defend_R+1","Defend_R+1","Bash","Shrug It Off","Shrug It Off","Pommel Strike+1","Double Tap+1","Feel No Pain","Flame Barrier+1","Berserk+1","Searing Blow+1","Pommel Strike"],"relics":["Burning Blood","NeowsBlessing","Lantern","Orichalcum","Self Forming Clay","Happy Flower","Cursed Key","Peace Pipe"],"potions_floor_usage":[7,14,14],"damage_taken":[{"damage":0,"enemies":"Small Slimes","floor":1,"turns":1},{"damage":0,"enemies":"Cultist","floor":3,"turns":1},{"damage":0,"enemies":"2 Louse","floor":4,"turns":2},{"damage":52,"enemies":"Lagavulin","floor":7,"turns":6},{"damage":0,"enemies":"Blue Slaver","floor":11,"turns":2},{"damage":5,"enemies":"Looter","floor":12,"turns":3},{"damage":0,"enemies":"2 Fungi Beasts","floor":13,"turns":3},{"damage":7,"enemies":"Gremlin Nob","floor":14,"turns":4},{"damage":44,"enemies":"Hexaghost","floor":16,"turns":11},{"damage":26,"enemies":"2 Thieves","floor":18,"turns":5},{"damage":2,"enemies":"3 Byrds","floor":20,"turns":3},{"damage":2,"enemies":"Slavers","floor":24,"turns":2}],"seed_played":"-617931255716092421","potions_obtained":[{"floor":3,"key":"Ancient Potion"},{"floor":11,"key":"Regen Potion"},{"floor":13,"key":"LiquidBronze"},{"floor":18,"key":"SteroidPotion"}],"is_trial":false,"path_per_floor":["M","?","M","M","T","R","E","R","T","?","M","M","M","E","R","B",null,"M","?","M","?","?","R","E"],"character_chosen":"IRONCLAD","items_purchased":[],"campfire_rested":0,"item_purchase_floors":[],"current_hp_per_floor":[74,70,75,75,75,75,29,29,29,29,35,36,42,53,53,15,60,40,40,44,44,44,44,42],"gold":230,"neow_bonus":"THREE_ENEMY_KILL","is_prod":false,"is_daily":false,"chose_seed":false,"campfire_upgraded":4,"win_rate":0,"timestamp":1562463858,"path_taken":["M","?","?","M","?","R","E","R","T","?","M","M","M","E","R","BOSS","M","?","M","?","?","R","E"],"build_version":"2019-07-05","purchased_purges":0,"victory":false,"max_hp_per_floor":[75,75,75,75,75,75,75,75,75,75,75,75,75,75,75,75,75,75,75,75,75,75,75,75],"card_choices":[{"not_picked":["Clothesline","Havoc"],"picked":"Shrug It Off","floor":1},{"not_picked":["Iron Wave","Clothesline"],"picked":"Shrug It Off","floor":3},{"not_picked":["Sword Boomerang","Brutality"],"picked":"Pommel Strike","floor":4},{"not_picked":["Pummel","Berserk"],"picked":"Double Tap","floor":7},{"not_picked":["Shrug It Off","Anger"],"picked":"Feel No Pain","floor":11},{"not_picked":["Wild Strike","Perfected Strike","Heavy Blade"],"picked":"SKIP","floor":12},{"not_picked":["Heavy Blade","Cleave","Carnage"],"picked":"SKIP","floor":13},{"not_picked":["Clothesline","Rupture"],"picked":"Flame Barrier","floor":14},{"not_picked":["Exhume","Feed"],"picked":"Berserk","floor":16},{"not_picked":["Evolve","Burning Pact"],"picked":"Searing Blow+1","floor":18},{"not_picked":["Thunderclap","Anger+1"],"picked":"Pommel Strike","floor":20}],"player_experience":196025,"relics_obtained":[{"floor":5,"key":"Lantern"},{"floor":7,"key":"Orichalcum"},{"floor":9,"key":"Self Forming Clay"},{"floor":14,"key":"Happy Flower"}],"event_choices":[{"damage_healed":0,"gold_gain":0,"player_choice":"Bought 0 Potions","damage_taken":0,"max_hp_gain":0,"max_hp_loss":0,"event_name":"The Woman in Blue","floor":2,"gold_loss":0},{"cards_removed":["Strike_R"],"damage_healed":0,"gold_gain":0,"player_choice":"Card Removal","damage_taken":0,"max_hp_gain":0,"max_hp_loss":0,"event_name":"The Cleric","floor":10,"gold_loss":75},{"damage_healed":0,"gold_gain":50,"player_choice":"Stole From Cult","damage_taken":0,"max_hp_gain":0,"max_hp_loss":0,"event_name":"Nest","floor":19,"gold_loss":0},{"damage_healed":0,"gold_gain":0,"player_choice":"Obtained Relic","damage_taken":0,"relics_obtained":["Peace Pipe"],"max_hp_gain":0,"max_hp_loss":0,"event_name":"Addict","floor":21,"gold_loss":85},{"damage_healed":0,"gold_gain":0,"player_choice":"Simplicity","damage_taken":0,"max_hp_gain":0,"max_hp_loss":0,"event_name":"Back to Basics","floor":22,"gold_loss":0,"cards_upgraded":["Strike_R","Strike_R","Strike_R","Strike_R","Defend_R","Defend_R","Defend_R","Defend_R"]}],"is_beta":false,"boss_relics":[{"not_picked":["Runic Pyramid","Snecko Eye"],"picked":"Cursed Key"}],"items_purged_floors":[],"is_endless":false,"potions_floor_spawned":[3,11,13,18],"killed_by":"Slavers","ascension_level":16}