{"gold_per_floor":[111,122,141,216,216,216,316,326,352,368,387,407,407,407,407,508,508,521,120,132,332,66,66,66,81,104,104,104,104,116,39,39,139,139,151,16,16,16,16,16,351,351,431,449,449,463,463,487,487,487],"floor_reached":50,"playtime":1108,"items_purged":["Defend_R","Defend_R"],"score":508,"play_id":"9cf04196-88f4-4e17-ad7a-76979f0ed1e1","local_time":"20190718185132","is_ascension_mode":false,"campfire_choices":[{"data":"Heavy Blade","floor":6.0,"key":"SMITH"},{"data":"Flex","floor":13.0,"key":"SMITH"},{"data":"Bloodletting","floor":15.0,"key":"SMITH"},{"data":"Rupture","floor":23,"key":"SMITH"},{"data":"Combust","floor":27,"key":"SMITH"},{"data":"Double Tap","floor":29,"key":"SMITH"},{"floor":32,"key":"REST"},{"data":"Inflame","floor":40,"key":"SMITH"},{"floor":42,"key":"REST"},{"data":"Whirlwind","floor":45,"key":"SMITH"},{"data":"Bash","floor":47,"key":"SMITH"},{"floor":49,"key":"REST"}],"neow_cost":"NONE","seed_source_timestamp":0,"circlet_count":0,"master_deck":["Strike_R","Strike_R","Strike_R","Strike_R","Bash+1","Bloodletting+1","Heavy Blade+1","Rupture+1","Flex+1","Whirlwind+1","Twin Strike","Shrug It Off","Double Tap+1","Sword Boomerang","Spot Weakness+1","Sword Boomerang+1","Hemokinesis","Combust+1","Spot Weakness+1","Headbutt","Rupture+1","Sword Boomerang","Immolate","Heavy Blade+1","Inflame+1","Flex+1","Headbutt","Sword Boomerang","Warcry+1"],"special_seed":0,"relics":["Burning Blood","NeowsBlessing","Juzu Bracelet","Runic Cube","Toxic Egg 2","Tiny Chest","Blood Vial","Dream Catcher","White Beast Statue","Old Coin","Paper Frog","Smiling Mask"],"potions_floor_usage":[33,41,44,50,50],"damage_taken":[{"damage":0.0,"enemies":"2 Louse","floor":1.0,"turns":1.0},{"damage":0.0,"enemies":"Jaw Worm","floor":2.0,"turns":1.0},{"damage":0.0,"enemies":"Small Slimes","floor":3.0,"turns":1.0},{"damage":6.0,"enemies":"Looter","floor":8.0,"turns":3.0},{"damage":15.0,"enemies":"3 Louse","floor":10.0,"turns":3.0},{"damage":19.0,"enemies":"Lots of Slimes","floor":11.0,"turns":5.0},{"damage":9.0,"enemies":"Exordium Thugs","floor":12.0,"turns":3.0},{"damage":55.0,"enemies":"Hexaghost","floor":16.0,"turns":8.0},{"damage":8.0,"enemies":"Chosen","floor":18.0,"turns":3.0},{"damage":25,"enemies":"2 Thieves","floor":20,"turns":3},{"damage":39,"enemies":"Snecko","floor":25,"turns":5},{"damage":18,"enemies":"Sentry and Sphere","floor":30,"turns":3},{"damage":47,"enemies":"Champ","floor":33,"turns":5},{"damage":33,"enemies":"3 Darklings","floor":35,"turns":3},{"damage":42,"enemies":"Reptomancer","floor":41,"turns":4},{"damage":7,"enemies":"Orb Walker","floor":44,"turns":2},{"damage":0,"enemies":"3 Darklings","floor":46,"turns":2},{"damage":115,"enemies":"Awakened One","floor":50,"turns":5}],"seed_played":"-5710428968808677730","potions_obtained":[{"floor":2.0,"key":"Strength Potion"},{"floor":3.0,"key":"Energy Potion"},{"floor":12.0,"key":"FairyPotion"},{"floor":16.0,"key":"Fire Potion"},{"floor":18.0,"key":"Ancient Potion"},{"floor":33,"key":"Dexterity Potion"},{"floor":41,"key":"Fire Potion"},{"floor":44,"key":"Explosive Potion"},{"floor":46,"key":"Energy Potion"}],"is_trial":false,"path_per_floor":["M","M","M","?","?","R","?","M","T","M","M","M","R","?","R","B",null,"M","$","M","?","$","R","?","M","T","R","?","R","M","$","R","B",null,"M","$","?","?","?","R","E","R","T","M","R","M","R","T","R","B"],"character_chosen":"IRONCLAD","items_purchased":["Toxic Egg 2","Spot Weakness+1","Hemokinesis","Combust","Tiny Chest","Rupture","Inflame"],"campfire_rested":3,"item_purchase_floors":[19,19,22,22,22,31,36],"current_hp_per_floor":[80,80,80,69,74,74,74,74,74,65,52,49,49,49,49,14,85,83,83,64,64,64,64,64,33,33,33,33,33,23,23,48,9,85,58,58,58,58,58,58,24,49,49,50,50,58,58,58,83,0],"gold":487,"neow_bonus":"THREE_ENEMY_KILL","is_prod":false,"is_daily":false,"chose_seed":false,"campfire_upgraded":9,"win_rate":0,"timestamp":1563501092,"path_taken":["M","M","M","?","?","R","?","M","T","M","M","M","R","?","R","BOSS","M","$","M","?","?","R","?","M","T","R","?","R","M","$","R","BOSS","M","$","?","?","?","R","E","R","T","M","R","M","R","?","R","BOSS"],"build_version":"2019-07-17","purchased_purges":2,"victory":false,"max_hp_per_floor":[80,80,80,80,85,85,85,85,85,85,85,85,85,85,85,85,85,85,85,85,85,85,85,85,85,85,85,85,85,85,85,85,85,85,85,85,85,85,85,85,85,85,85,85,85,85,85,85,85,85],"card_choices":[{"not_picked":["Cleave","Wild Strike","Shockwave"],"picked":"SKIP","floor":1.0},{"not_picked":["Iron Wave","Twin Strike"],"picked":"Bloodletting","floor":2.0},{"not_picked":["Fire Breathing","Reckless Charge"],"picked":"Heavy Blade","floor":3.0},{"not_picked":["Entrench","Combust"],"picked":"Rupture","floor":8.0},{"not_picked":["Clash","Burning Pact"],"picked":"Flex","floor":10.0},{"not_picked":["Wild Strike","Uppercut"],"picked":"Whirlwind","floor":11.0},{"not_picked":["Iron Wave","Pommel Strike"],"picked":"Twin Strike","floor":12.0},{"not_picked":["Bludgeon","Impervious"],"picked":"Double Tap","floor":16.0},{"not_picked":["Shockwave","True Grit"],"picked":"Sword Boomerang","floor":18.0},{"not_picked":["Cleave","Feel No Pain"],"picked":"Sword Boomerang+1","floor":20},{"not_picked":["Sever Soul","Thunderclap"],"picked":"Spot Weakness+1","floor":25},{"not_picked":["Entrench+1","Spot Weakness+1"],"picked":"Headbutt","floor":30},{"not_picked":["Reckless Charge","Rage+1"],"picked":"Sword Boomerang","floor":32},{"not_picked":["Demon Form","Fiend Fire"],"picked":"Immolate","floor":33},{"not_picked":["Twin Strike","Clothesline"],"picked":"Heavy Blade+1","floor":35},{"not_picked":["Searing Blow+1","Reckless Charge+1"],"picked":"Flex+1","floor":41},{"not_picked":["Warcry+1","Spot Weakness+1"],"picked":"Headbutt","floor":44},{"not_picked":["Cleave+1","Entrench+1"],"picked":"Sword Boomerang","floor":46},{"not_picked":["Headbutt","Havoc+1"],"picked":"Warcry+1","floor":49}],"player_experience":1442926,"relics_obtained":[{"floor":9.0,"key":"Juzu Bracelet"},{"floor":26,"key":"Dream Catcher"},{"floor":41,"key":"Old Coin"},{"floor":43,"key":"Paper Frog"},{"floor":48,"key":"Smiling Mask"}],"event_choices":[{"damage_healed":0.0,"max_hp_gain":0.0,"max_hp_loss":0.0,"gold_gain":75.0,"event_name":"World of Goop","player_choice":"Gather Gold","floor":4.0,"gold_loss":0.0,"damage_taken":11.0},{"damage_healed":0.0,"max_hp_gain":5.0,"max_hp_loss":0.0,"gold_gain":0.0,"event_name":"Big Fish","player_choice":"Donut","floor":5.0,"gold_loss":0.0,"damage_taken":0.0},{"damage_healed":0.0,"max_hp_gain":0.0,"max_hp_loss":0.0,"gold_gain":100.0,"event_name":"Golden Shrine","player_choice":"Pray","floor":7.0,"gold_loss":0.0,"damage_taken":0.0},{"damage_healed":0.0,"max_hp_gain":0.0,"max_hp_loss":0.0,"gold_gain":0.0,"cards_transformed":["Defend_R"],"event_name":"Transmorgrifier","player_choice":"Transformed","floor":14.0,"gold_loss":0.0,"damage_taken":0.0,"cards_obtained":["Shrug It Off"]},{"damage_healed":0,"gold_gain":200,"player_choice":"Gold","damage_taken":0,"max_hp_gain":0,"max_hp_loss":0,"event_name":"Wheel of Change","floor":21,"gold_loss":0},{"damage_healed":0,"gold_gain":0,"player_choice":"Opened","damage_taken":0,"relics_obtained":["Blood Vial"],"max_hp_gain":0,"max_hp_loss":0,"event_name":"The Mausoleum","floor":24,"gold_loss":0},{"cards_removed":["Defend_R"],"damage_healed":0,"gold_gain":0,"player_choice":"Elegance","damage_taken":0,"max_hp_gain":0,"max_hp_loss":0,"event_name":"Back to Basics","floor":28,"gold_loss":0},{"cards_removed":["Strike_R"],"damage_healed":0,"gold_gain":0,"player_choice":"Removed Attack","damage_taken":0,"max_hp_gain":0,"max_hp_loss":0,"event_name":"Falling","floor":37,"gold_loss":0},{"damage_healed":0,"gold_gain":0,"player_choice":"Forge","damage_taken":0,"max_hp_gain":0,"max_hp_loss":0,"event_name":"Accursed Blacksmith","floor":38,"gold_loss":0,"cards_upgraded":["Rupture"]},{"damage_healed":0,"gold_gain":0,"player_choice":"Ignored","damage_taken":0,"max_hp_gain":0,"max_hp_loss":0,"event_name":"Mysterious Sphere","floor":39,"gold_loss":0}],"is_beta":false,"boss_relics":[{"not_picked":["Astrolabe","Philosopher\u0027s Stone"],"picked":"Runic Cube"},{"not_picked":["Snecko Eye","Black Star"],"picked":"White Beast Statue"}],"items_purged_floors":[19,36],"is_endless":false,"potions_floor_spawned":[2,3,12,16,18,25,33,35,41,44,46],"killed_by":"Awakened One","ascension_level":0}