{"gold_per_floor":[115,115,115,0,15,15,30,30,76,91,91,103,123,143,143,242,242,224,239,314,20,34,34,34,48,48,48,61,61,75,93,93,191,191,207,217,229,229,138,138,165,165,192,220,220,234,250,250],"floor_reached":48,"playtime":8141,"items_purged":["Strike_G","Defend_G"],"score":537,"play_id":"f9438590-11a1-46a8-a1a1-c5e731119ef1","local_time":"20190604110710","is_ascension_mode":true,"campfire_choices":[{"data":"Infinite Blades","floor":8.0,"key":"SMITH"},{"data":"Accuracy","floor":11.0,"key":"SMITH"},{"data":"Cloak And Dagger","floor":15.0,"key":"SMITH"},{"data":"Apotheosis","floor":23.0,"key":"SMITH"},{"floor":27.0,"key":"REST"},{"floor":29.0,"key":"REST"},{"floor":32.0,"key":"REST"},{"data":"After Image","floor":40,"key":"SMITH"},{"data":"Footwork","floor":42,"key":"SMITH"},{"floor":45,"key":"REST"}],"neow_cost":"NONE","seed_source_timestamp":816568088911540,"circlet_count":0,"master_deck":["Defend_G","Defend_G","Defend_G","Defend_G","Survivor","Neutralize+1","Accuracy+1","Dodge and Roll","Well Laid Plans","Infinite Blades+1","Cloak And Dagger+1","Backflip","Predator","After Image+1","Distraction+1","Backflip","Apotheosis+1","Escape Plan","Cloak And Dagger","Cloak And Dagger","Backflip+1","Corpse Explosion","Distraction+1","Dodge and Roll","Crippling Poison","Footwork+1","Accuracy","Infinite Blades"],"special_seed":0,"relics":["Ring of the Snake","Strawberry","Lizard Tail","Membership Card","Bottled Lightning","Empty Cage","Snake Skull","Anchor","Darkstone Periapt"],"potions_floor_usage":[33,36,44,47],"damage_taken":[{"damage":0.0,"enemies":"Small Slimes","floor":1.0,"turns":4.0},{"damage":1.0,"enemies":"Cultist","floor":5.0,"turns":6.0},{"damage":0.0,"enemies":"2 Louse","floor":7.0,"turns":4.0},{"damage":13.0,"enemies":"Gremlin Gang","floor":10.0,"turns":6.0},{"damage":0.0,"enemies":"Large Slime","floor":12.0,"turns":7.0},{"damage":0.0,"enemies":"Looter","floor":13.0,"turns":4.0},{"damage":10.0,"enemies":"Exordium Wildlife","floor":14.0,"turns":6.0},{"damage":14.0,"enemies":"Hexaghost","floor":16.0,"turns":9.0},{"damage":21.0,"enemies":"2 Thieves","floor":18.0,"turns":4.0},{"damage":26.0,"enemies":"3 Byrds","floor":19.0,"turns":5.0},{"damage":3.0,"enemies":"Snecko","floor":22.0,"turns":8.0},{"damage":12.0,"enemies":"Cultist and Chosen","floor":25.0,"turns":8.0},{"damage":11.0,"enemies":"3 Cultists","floor":28.0,"turns":5.0},{"damage":28.0,"enemies":"Centurion and Healer","floor":30.0,"turns":6.0},{"damage":10.0,"enemies":"Snake Plant","floor":31.0,"turns":4.0},{"damage":50,"enemies":"Automaton","floor":33,"turns":14},{"damage":18,"enemies":"3 Shapes","floor":35,"turns":2},{"damage":14,"enemies":"3 Darklings","floor":36,"turns":5},{"damage":21,"enemies":"Sphere and 2 Shapes","floor":37,"turns":5},{"damage":7,"enemies":"Giant Head","floor":41,"turns":11},{"damage":47,"enemies":"Reptomancer","floor":44,"turns":8},{"damage":15,"enemies":"Maw","floor":46,"turns":8},{"damage":12,"enemies":"Transient","floor":47,"turns":5},{"damage":7,"enemies":"Spire Growth","floor":48,"turns":2}],"seed_played":"-4302740469168376139","potions_obtained":[{"floor":5.0,"key":"Weak Potion"},{"floor":7.0,"key":"SteroidPotion"},{"floor":14.0,"key":"Strength Potion"},{"floor":16.0,"key":"EssenceOfSteel"},{"floor":19.0,"key":"Swift Potion"},{"floor":22.0,"key":"PowerPotion"},{"floor":31.0,"key":"Explosive Potion"},{"floor":33,"key":"SpeedPotion"},{"floor":35,"key":"SpeedPotion"},{"floor":41,"key":"Fire Potion"},{"floor":44,"key":"Swift Potion"},{"floor":47,"key":"GhostInAJar"}],"is_trial":false,"path_per_floor":["M","?","?","$","M","$","M","R","T","M","R","M","M","M","R","B",null,"M","M","?","$","M","R","$","M","T","R","M","R","M","M","R","B",null,"M","M","M","?","$","R","E","R","T","E","R","M","M","M"],"character_chosen":"THE_SILENT","items_purchased":["Well Laid Plans","Membership Card","Apotheosis","Footwork"],"campfire_rested":4,"item_purchase_floors":[4,21,21,39],"current_hp_per_floor":[70,63,63,63,62,62,62,62,69,56,56,56,56,46,46,32,77,56,30,23,23,20,20,20,8,8,31,20,43,15,5,28,18,77,59,45,24,67,67,67,60,60,60,13,33,18,6,0],"gold":250,"neow_bonus":"UPGRADE_CARD","is_prod":false,"is_daily":false,"chose_seed":false,"campfire_upgraded":6,"win_rate":0,"timestamp":1559660830,"path_taken":["M","?","?","$","?","$","M","R","T","M","R","M","?","M","R","BOSS","M","M","?","$","M","R","$","M","T","R","?","R","M","M","R","BOSS","M","?","M","?","$","R","E","R","T","E","R","M","M","M"],"build_version":"2019-01-23","purchased_purges":2,"victory":false,"max_hp_per_floor":[70,70,70,70,70,70,70,70,77,77,77,77,77,77,77,77,77,77,77,77,77,77,77,77,77,77,77,77,77,77,77,77,77,77,77,77,77,67,67,67,67,67,67,67,67,67,67,67],"card_choices":[{"not_picked":["Dodge and Roll","Flechettes"],"picked":"Accuracy","floor":1.0},{"not_picked":["Acrobatics","Accuracy"],"picked":"Infinite Blades","floor":5.0},{"not_picked":["Underhanded Strike","Outmaneuver","Dagger Spray"],"picked":"SKIP","floor":7.0},{"not_picked":["Deadly Poison","Tactician"],"picked":"Cloak And Dagger","floor":10.0},{"not_picked":["Flying Knee","Well Laid Plans"],"picked":"Backflip","floor":12.0},{"not_picked":["Expertise","Quick Slash","Deadly Poison"],"picked":"SKIP","floor":13.0},{"not_picked":["Terror","Distraction"],"picked":"Predator","floor":14.0},{"not_picked":["Venomology","Die Die Die"],"picked":"After Image","floor":16.0},{"not_picked":["PiercingWail","Dodge and Roll"],"picked":"Distraction+1","floor":18.0},{"not_picked":["Slice","Eviscerate+1"],"picked":"Backflip","floor":19.0},{"not_picked":["Poisoned Stab","Prepared","Dagger Spray"],"picked":"SKIP","floor":22.0},{"not_picked":["Blur","Terror"],"picked":"Escape Plan","floor":25.0},{"not_picked":["Poisoned Stab","Wraith Form v2"],"picked":"Cloak And Dagger","floor":28.0},{"not_picked":["Dash","Slice+1"],"picked":"Cloak And Dagger","floor":30.0},{"not_picked":["Backstab+1","Riddle With Holes+1"],"picked":"Backflip+1","floor":31.0},{"not_picked":["Venomology","Doppelganger"],"picked":"Corpse Explosion","floor":33},{"not_picked":["Flechettes","Poisoned Stab"],"picked":"Distraction+1","floor":35},{"not_picked":["Flying Knee+1","Sucker Punch"],"picked":"Dodge and Roll","floor":36},{"not_picked":["Eviscerate+1","Backflip"],"picked":"Crippling Poison","floor":37},{"not_picked":["Bouncing Flask","Leg Sweep"],"picked":"Accuracy","floor":41},{"not_picked":["Distraction+1","Blur","Envenom"],"picked":"SKIP","floor":44},{"not_picked":["Flying Knee+1","Backflip"],"picked":"Infinite Blades","floor":46},{"not_picked":["Deflect+1","Bouncing Flask","Noxious Fumes+1"],"picked":"SKIP","floor":47}],"player_experience":79119,"relics_obtained":[{"floor":9.0,"key":"Strawberry"},{"floor":26.0,"key":"Bottled Lightning"},{"floor":41,"key":"Snake Skull"},{"floor":43,"key":"Anchor"},{"floor":44,"key":"Darkstone Periapt"}],"event_choices":[{"cards_removed":["Strike_G"],"damage_healed":0.0,"max_hp_gain":0.0,"max_hp_loss":0.0,"gold_gain":0.0,"event_name":"Golden Wing","player_choice":"Card Removal","floor":2.0,"gold_loss":0.0,"damage_taken":7.0},{"damage_healed":0.0,"max_hp_gain":0.0,"max_hp_loss":0.0,"gold_gain":0.0,"cards_transformed":["Strike_G"],"event_name":"Transmorgrifier","player_choice":"Transformed","floor":3.0,"gold_loss":0.0,"damage_taken":0.0,"cards_obtained":["Dodge and Roll"]},{"damage_healed":0.0,"max_hp_gain":0.0,"max_hp_loss":0.0,"gold_gain":75.0,"event_name":"FaceTrader","player_choice":"Touch","floor":20.0,"gold_loss":0.0,"damage_taken":7.0},{"damage_healed":67,"gold_gain":0,"player_choice":"Heal","damage_taken":0,"max_hp_gain":0,"max_hp_loss":10,"event_name":"The Moai Head","floor":38,"gold_loss":0}],"is_beta":false,"boss_relics":[{"not_picked":["Calling Bell","Busted Crown"],"picked":"Lizard Tail"},{"not_picked":["Tiny House","Fusion Hammer"],"picked":"Empty Cage"}],"items_purged_floors":[4,39],"is_endless":false,"potions_floor_spawned":[5,7,14,16,19,22,31,33,35,41,44,47],"killed_by":"Spire Growth","ascension_level":2}