{"gold_per_floor":[112,125,141,111,125,157,36,48,48,223,239,252,252,266,266,266],"floor_reached":16,"playtime":1581,"items_purged":[],"score":106,"play_id":"acac8ced-4809-4c80-9761-6b7e75ad9144","local_time":"20190809154136","is_ascension_mode":false,"campfire_choices":[{"floor":13,"key":"REST"},{"data":"Combust","floor":15,"key":"SMITH"}],"neow_cost":"NONE","seed_source_timestamp":0,"circlet_count":0,"master_deck":["Strike_R","Strike_R","Strike_R","Strike_R","Strike_R","Defend_R","Defend_R","Defend_R","Defend_R","Bash","Clash","Armaments","Combust+1","Flex","Rupture","Feel No Pain","Finesse","Ghostly Armor","Perfected Strike","Doubt","True Grit","Reaper","Pummel"],"special_seed":0,"relics":["Burning Blood","Boot","Self Forming Clay","Orichalcum"],"potions_floor_usage":[16,16,16],"damage_taken":[{"damage":0.0,"enemies":"Small Slimes","floor":1.0,"turns":4.0},{"damage":6.0,"enemies":"Jaw Worm","floor":2.0,"turns":2.0},{"damage":1.0,"enemies":"2 Louse","floor":3.0,"turns":2.0},{"damage":0.0,"enemies":"Looter","floor":4.0,"turns":4.0},{"damage":8.0,"enemies":"Gremlin Gang","floor":5.0,"turns":6.0},{"damage":25,"enemies":"3 Sentries","floor":6,"turns":6},{"damage":17,"enemies":"2 Fungi Beasts","floor":8,"turns":5},{"damage":3,"enemies":"Large Slime","floor":11,"turns":6},{"damage":8,"enemies":"Lots of Slimes","floor":12,"turns":3},{"damage":7,"enemies":"3 Louse","floor":14,"turns":5},{"damage":80,"enemies":"Hexaghost","floor":16,"turns":12}],"seed_played":"-4482930940634197759","potions_obtained":[{"floor":2.0,"key":"EssenceOfSteel"},{"floor":5,"key":"LiquidBronze"},{"floor":8,"key":"Block Potion"},{"floor":11,"key":"SteroidPotion"}],"is_trial":false,"path_per_floor":["M","M","M","M","M","E","$","M","T","?","M","M","R","M","R","B"],"character_chosen":"IRONCLAD","items_purchased":["Finesse","Ghostly Armor"],"campfire_rested":1,"item_purchase_floors":[7,7],"current_hp_per_floor":[80,80,80,80,78,59,59,48,48,48,51,49,73,80,80,0],"gold":266,"neow_bonus":"RANDOM_COMMON_RELIC","is_prod":false,"is_daily":false,"chose_seed":false,"campfire_upgraded":1,"win_rate":0.0,"timestamp":1565336496,"path_taken":["M","M","M","M","M","E","$","M","T","?","M","M","R","M","R","BOSS"],"build_version":"2019-07-17","purchased_purges":0,"victory":false,"max_hp_per_floor":[80,80,80,80,80,80,80,80,80,80,80,80,80,80,80,80],"card_choices":[{"not_picked":["Cleave","Twin Strike"],"picked":"Clash","floor":1.0},{"not_picked":["Entrench","Searing Blow"],"picked":"Armaments","floor":2.0},{"not_picked":["Warcry","Armaments"],"picked":"Combust","floor":3.0},{"not_picked":["Searing Blow","Twin Strike"],"picked":"Flex","floor":4.0},{"not_picked":["Twin Strike","Pummel"],"picked":"Rupture","floor":5},{"not_picked":["Feed","Combust"],"picked":"Feel No Pain","floor":6},{"not_picked":["Clash","Headbutt"],"picked":"Perfected Strike","floor":8},{"not_picked":["Disarm","Pommel Strike"],"picked":"True Grit","floor":11},{"not_picked":["Rupture","Clash"],"picked":"Reaper","floor":12},{"not_picked":["True Grit","Inflame"],"picked":"Pummel","floor":14}],"player_experience":12603,"relics_obtained":[{"floor":6,"key":"Self Forming Clay"},{"floor":9,"key":"Orichalcum"}],"event_choices":[{"damage_healed":0,"gold_gain":175,"player_choice":"AGREE","damage_taken":0,"max_hp_gain":0,"max_hp_loss":0,"event_name":"Liars Game","floor":10,"gold_loss":0,"cards_obtained":["Doubt"]}],"is_beta":false,"boss_relics":[],"items_purged_floors":[],"is_endless":false,"potions_floor_spawned":[2,5,8,11],"killed_by":"Hexaghost","ascension_level":0}