{"gold_per_floor":[114,129,149,74,74,74,106,12,90,120,120,158,158,183,183,311],"floor_reached":16,"playtime":915,"items_purged":["Zap"],"score":269,"play_id":"e12d328a-5263-4f42-86fd-1578e1263e01","local_time":"20181010233213","is_ascension_mode":true,"campfire_choices":[{"data":"Hyperbeam","floor":6,"key":"SMITH"},{"floor":13,"key":"REST"},{"floor":15,"key":"REST"}],"neow_cost":"NONE","seed_source_timestamp":1619401556622857,"circlet_count":0,"master_deck":["Strike_B","Strike_B","Strike_B","Strike_B","Defend_B","Defend_B","Defend_B","Defend_B","Dualcast","AscendersBane","Hyperbeam+1","Go for the Eyes","Turbo","Scrape","Impatience","Rebound","Injury","Reboot","Steam"],"relics":["Cracked Core","Smiling Mask","Darkstone Periapt","Mummified Hand","Golden Idol","Torii"],"potions_floor_usage":[10,10],"damage_taken":[{"damage":1,"enemies":"2 Louse","floor":1,"turns":2},{"damage":7,"enemies":"Jaw Worm","floor":2,"turns":2},{"damage":0,"enemies":"Small Slimes","floor":3,"turns":3},{"damage":25,"enemies":"Lagavulin","floor":7,"turns":5},{"damage":8,"enemies":"Gremlin Nob","floor":10,"turns":3},{"damage":25,"enemies":"Lagavulin","floor":12,"turns":7},{"damage":9,"enemies":"Blue Slaver","floor":14,"turns":4},{"damage":36,"enemies":"Slime Boss","floor":16,"turns":11}],"seed_played":"8711963524044154072","potions_obtained":[{"floor":2,"key":"GamblersBrew"},{"floor":7,"key":"GamblersBrew"},{"floor":14,"key":"Strength Potion"}],"is_trial":false,"path_per_floor":["M","M","M","$","?","R","E","$","T","E","?","E","R","M","R"],"character_chosen":"DEFECT","items_purchased":["Impatience"],"campfire_rested":2,"item_purchase_floors":[8],"current_hp_per_floor":[67,60,60,60,65,65,40,40,40,32,38,13,38,29,54,18],"gold":311,"neow_bonus":"ONE_RANDOM_RARE_CARD","is_prod":false,"is_daily":false,"chose_seed":false,"campfire_upgraded":1,"win_rate":0,"timestamp":1539239533,"path_taken":["M","M","M","$","?","R","E","$","T","E","?","E","R","M","R","BOSS"],"build_version":"2018-10-04v2","purchased_purges":1,"victory":false,"max_hp_per_floor":[75,75,75,75,80,80,80,80,80,80,86,86,86,86,86,86],"card_choices":[{"not_picked":["Cold Snap","Stack"],"picked":"Go for the Eyes","floor":1},{"not_picked":["Coolheaded","Doom and Gloom"],"picked":"Turbo","floor":2},{"not_picked":["Go for the Eyes","Turbo"],"picked":"Scrape","floor":3},{"not_picked":["Tempest","Recycle","Redo"],"picked":"SKIP","floor":7},{"not_picked":["Fusion","Consume"],"picked":"Rebound","floor":10},{"not_picked":["Cold Snap","Melter"],"picked":"Reboot","floor":12},{"not_picked":["Turbo","Sweeping Beam"],"picked":"Steam","floor":14}],"player_experience":868574,"relics_obtained":[{"floor":7,"key":"Smiling Mask"},{"floor":9,"key":"Darkstone Periapt"},{"floor":10,"key":"Mummified Hand"},{"floor":12,"key":"Torii"}],"event_choices":[{"event_name":"Big Fish","player_choice":"Donut","floor":5,"damage_taken":0},{"event_name":"Golden Idol","player_choice":"Take Wound","floor":11,"damage_taken":0}],"is_beta":false,"boss_relics":[],"items_purged_floors":[4],"is_endless":false,"potions_floor_spawned":[2,7,14],"killed_by":"Slime Boss","ascension_level":12}