{"gold_per_floor":[111,23,36,36,50,50,70,70,95,95,130,280,27,54,54,131,131,146,160,176,193,39,39,49,49,118,118,129,129,147,178,178,178],"floor_reached":33,"playtime":1433,"items_purged":["Doubt","Strike_B"],"score":574,"play_id":"c6b1e81c-0932-4cbb-95b2-97993913c96e","local_time":"20190531225417","is_ascension_mode":true,"campfire_choices":[{"data":"Zap","floor":6.0,"key":"SMITH"},{"data":"Scrape","floor":8.0,"key":"SMITH"},{"data":"Dualcast","floor":10.0,"key":"SMITH"},{"data":"Scrape","floor":15.0,"key":"SMITH"},{"floor":23,"key":"REST"},{"floor":25,"key":"REST"},{"data":"FTL","floor":27,"key":"SMITH"},{"floor":32,"key":"REST"}],"neow_cost":"NONE","seed_source_timestamp":0,"circlet_count":0,"master_deck":["AscendersBane","Strike_B","Strike_B","Strike_B","Defend_B","Defend_B","Defend_B","Zap+1","Dualcast+1","Core Surge","Rebound","Scrape+1","FTL+1","Go for the Eyes","Beam Cell","Master of Strategy","Scrape+1","Gash","Hologram+1","Gash","Steam","Turbo"],"special_seed":0,"relics":["Cracked Core","Pen Nib","Juzu Bracelet","Art of War","Centennial Puzzle","Nuclear Battery","Darkstone Periapt","Regal Pillow"],"potions_floor_usage":[20,21,31],"damage_taken":[{"damage":1.0,"enemies":"Cultist","floor":1.0,"turns":3.0},{"damage":10.0,"enemies":"Small Slimes","floor":3.0,"turns":3.0},{"damage":2.0,"enemies":"2 Louse","floor":5.0,"turns":2.0},{"damage":0.0,"enemies":"Large Slime","floor":7.0,"turns":4.0},{"damage":6.0,"enemies":"Gremlin Nob","floor":11.0,"turns":3.0},{"damage":0.0,"enemies":"Lagavulin","floor":14.0,"turns":3.0},{"damage":27.0,"enemies":"Hexaghost","floor":16.0,"turns":7.0},{"damage":11,"enemies":"Shell Parasite","floor":18,"turns":3},{"damage":0,"enemies":"Chosen","floor":19,"turns":3},{"damage":23,"enemies":"Shelled Parasite and Fungi","floor":20,"turns":4},{"damage":12,"enemies":"Centurion and Healer","floor":21,"turns":3},{"damage":0,"enemies":"Chosen and Byrds","floor":24,"turns":3},{"damage":32,"enemies":"Snake Plant","floor":28,"turns":4},{"damage":7,"enemies":"Cultist and Chosen","floor":30,"turns":3},{"damage":8,"enemies":"Book of Stabbing","floor":31,"turns":3},{"damage":62,"enemies":"Automaton","floor":33,"turns":6}],"seed_played":"2579211355325376014","potions_obtained":[{"floor":3.0,"key":"LiquidBronze"},{"floor":5.0,"key":"Regen Potion"},{"floor":7.0,"key":"Weak Potion"},{"floor":16.0,"key":"Block Potion"},{"floor":20,"key":"Energy Potion"},{"floor":21,"key":"FearPotion"},{"floor":31,"key":"EssenceOfSteel"}],"is_trial":false,"path_per_floor":["M","$","M","?","M","R","M","R","T","R","E","?","$","E","R","B",null,"M","M","M","M","$","R","M","R","T","R","M","?","M","E","R","B"],"character_chosen":"DEFECT","items_purchased":["Scrape","Master of Strategy","Gash"],"campfire_rested":3,"item_purchase_floors":[2,13,22],"current_hp_per_floor":[63,63,53,53,51,51,51,51,51,51,45,45,45,54,54,27,60,49,49,26,14,14,35,35,56,56,56,24,24,17,9,45,0],"gold":178,"neow_bonus":"ONE_RANDOM_RARE_CARD","is_prod":false,"is_daily":false,"chose_seed":false,"campfire_upgraded":5,"win_rate":0,"timestamp":1559368457,"path_taken":["M","$","?","?","M","R","M","R","T","R","E","?","$","E","R","BOSS","M","M","M","M","$","R","M","R","T","R","M","?","M","E","R","BOSS"],"build_version":"2019-01-23","purchased_purges":2,"victory":false,"max_hp_per_floor":[71,71,71,71,71,71,71,71,71,71,71,71,71,71,71,71,71,71,71,71,71,71,71,71,71,71,71,71,71,71,71,71,71],"card_choices":[{"not_picked":["Go for the Eyes","Chaos"],"picked":"Rebound","floor":1.0},{"not_picked":["Static Discharge","Compile Driver","Loop"],"picked":"SKIP","floor":3.0},{"not_picked":["Hologram","Steam"],"picked":"FTL","floor":5.0},{"not_picked":["Stack","Ball Lightning"],"picked":"Go for the Eyes","floor":7.0},{"not_picked":["Storm","Genetic Algorithm"],"picked":"Beam Cell","floor":11.0},{"not_picked":["Coolheaded","Beam Cell"],"picked":"Scrape","floor":14.0},{"not_picked":["Skim","Static Discharge","Rip and Tear"],"picked":"SKIP","floor":18},{"not_picked":["Beam Cell","Steam"],"picked":"Gash","floor":19},{"not_picked":["Sweeping Beam","Melter"],"picked":"Hologram+1","floor":20},{"not_picked":["Barrage","Stack","Leap"],"picked":"SKIP","floor":21},{"not_picked":["Blizzard+1","Compile Driver+1","Coolheaded"],"picked":"SKIP","floor":24},{"not_picked":["Rebound","Cold Snap"],"picked":"Steam","floor":28},{"not_picked":["Conserve Battery","Darkness+1"],"picked":"Turbo","floor":30},{"not_picked":["Rainbow","Cold Snap","Conserve Battery"],"picked":"SKIP","floor":31}],"player_experience":1374355,"relics_obtained":[{"floor":9.0,"key":"Juzu Bracelet"},{"floor":11.0,"key":"Art of War"},{"floor":14.0,"key":"Centennial Puzzle"},{"floor":26,"key":"Darkstone Periapt"},{"floor":31,"key":"Regal Pillow"}],"event_choices":[{"damage_healed":0.0,"max_hp_gain":0.0,"max_hp_loss":0.0,"gold_gain":0.0,"event_name":"WeMeetAgain","player_choice":"Gave Potion","floor":4.0,"gold_loss":0.0,"damage_taken":0.0,"relics_obtained":["Pen Nib"]},{"damage_healed":0.0,"max_hp_gain":0.0,"max_hp_loss":0.0,"gold_gain":150.0,"event_name":"Liars Game","player_choice":"AGREE","floor":12.0,"gold_loss":0.0,"damage_taken":0.0,"cards_obtained":["Doubt"]},{"cards_removed":["Defend_B"],"damage_healed":0,"gold_gain":0,"player_choice":"Elegance","damage_taken":0,"max_hp_gain":0,"max_hp_loss":0,"event_name":"Back to Basics","floor":29,"gold_loss":0}],"is_beta":false,"boss_relics":[{"not_picked":["Fusion Hammer","Ectoplasm"],"picked":"Nuclear Battery"}],"items_purged_floors":[13,22],"is_endless":false,"potions_floor_spawned":[3,5,7,16,20,21,31],"killed_by":"Automaton","ascension_level":18}