{"gold_per_floor":[118,118,129,204,216,216,247,261,261,261,261],"floor_reached":11,"playtime":514,"items_purged":[],"score":117,"play_id":"b013262a-4daa-4e4b-a1de-abd63efd3b4b","local_time":"20181018133102","is_ascension_mode":true,"campfire_choices":[{"floor":6,"key":"REST"}],"neow_cost":"NONE","seed_source_timestamp":0,"circlet_count":0,"master_deck":["Strike_B","Strike_B","Strike_B","Strike_B","Defend_B","Defend_B","Defend_B","Defend_B","Zap","Dualcast","AscendersBane","Streamline","Scrape","FTL","Decay","Injury"],"special_seed":0,"relics":["Cursed Key","Cables","Frozen Egg 2","Matryoshka","Golden Idol"],"potions_floor_usage":[7],"damage_taken":[{"damage":7.0,"enemies":"Jaw Worm","floor":1.0,"turns":3.0},{"damage":0.0,"enemies":"Small Slimes","floor":3.0,"turns":3.0},{"damage":8,"enemies":"2 Louse","floor":5,"turns":3},{"damage":15,"enemies":"3 Sentries","floor":7,"turns":6},{"damage":1,"enemies":"2 Fungi Beasts","floor":8,"turns":3},{"damage":42,"enemies":"Gremlin Gang","floor":11,"turns":3}],"seed_played":"-1365248243463721419","potions_obtained":[{"floor":5,"key":"Explosive Potion"},{"floor":8,"key":"LiquidBronze"}],"is_trial":false,"path_per_floor":["M","?","M","?","M","R","E","M","T","?"],"character_chosen":"DEFECT","items_purchased":[],"campfire_rested":1,"item_purchase_floors":[],"current_hp_per_floor":[61,49,49,42,34,56,41,40,40,40,0],"gold":261,"neow_bonus":"BOSS_RELIC","is_prod":false,"is_daily":false,"chose_seed":false,"campfire_upgraded":0,"win_rate":0,"timestamp":1539894662,"path_taken":["M","?","M","?","?","R","E","M","T","?","M"],"build_version":"2018-10-11","purchased_purges":0,"victory":false,"max_hp_per_floor":[75,75,75,75,75,75,75,75,75,75,75],"card_choices":[{"not_picked":["Conserve Battery","Force Field"],"picked":"Streamline","floor":1.0},{"not_picked":["Stack","Barrage","Coolheaded"],"picked":"SKIP","floor":3.0},{"not_picked":["Steam","Conserve Battery"],"picked":"Scrape","floor":5},{"not_picked":["Capacitor","Go for the Eyes"],"picked":"FTL","floor":7},{"not_picked":["Coolheaded","Redo","Conserve Battery"],"picked":"SKIP","floor":8}],"player_experience":893663,"relics_obtained":[{"floor":7,"key":"Frozen Egg 2"},{"floor":9,"key":"Matryoshka"}],"event_choices":[{"event_name":"Scrap Ooze","player_choice":"success","floor":2.0,"damage_taken":12.0},{"event_name":"FaceTrader","player_choice":"Touch","floor":4,"damage_taken":0},{"event_name":"Golden Idol","player_choice":"Take Wound","floor":10,"damage_taken":0}],"is_beta":false,"boss_relics":[],"items_purged_floors":[],"is_endless":false,"potions_floor_spawned":[5,8],"killed_by":"Gremlin Gang","ascension_level":12}