{"gold_per_floor":[112,131,131,145,160,185,185,213,213,213,104,104,279,311,311,407,407,391,425,444,463,463,483,483,501,526,317,317,348,367,383,383,383],"floor_reached":33,"playtime":3180,"items_purged":["Strike_R","Doubt"],"score":355,"play_id":"eb920f49-6ef3-4f59-aca4-f5e4fb9e3f89","local_time":"20190401200422","is_ascension_mode":true,"campfire_choices":[{"data":"Rampage","floor":7,"key":"SMITH"},{"floor":10,"key":"REST"},{"data":"Corruption","floor":12,"key":"SMITH"},{"data":"Pommel Strike","floor":15,"key":"SMITH"},{"floor":24,"key":"REST"},{"floor":28,"key":"REST"},{"data":"Metallicize","floor":32,"key":"SMITH"}],"neow_cost":"NONE","seed_source_timestamp":201915066375058,"circlet_count":0,"master_deck":["Strike_R","Strike_R","Strike_R","Strike_R","Defend_R","Defend_R","Defend_R","Defend_R","Bash","Warcry","Rampage+1","Evolve","Corruption+1","Pommel Strike+1","Double Tap","Reckless Charge","Headbutt","Dark Embrace+1","Shrug It Off","Warcry+1","Sentinel","Spot Weakness+1","Infernal Blade","Power Through","Shrug It Off","Dark Shackles","Armaments+1","Ghostly Armor","Metallicize+1"],"relics":["Burning Blood","Bronze Scales","Blood Vial","Self Forming Clay","Centennial Puzzle","Boot","White Beast Statue","Red Mask","Orichalcum","Pear"],"potions_floor_usage":[6,6,8,14,18,23,23,25,29,29,33,33],"damage_taken":[{"damage":6,"enemies":"Cultist","floor":1,"turns":4},{"damage":6,"enemies":"2 Louse","floor":2,"turns":3},{"damage":11,"enemies":"Small Slimes","floor":4,"turns":4},{"damage":11,"enemies":"Blue Slaver","floor":5,"turns":4},{"damage":39,"enemies":"Gremlin Nob","floor":6,"turns":5},{"damage":35,"enemies":"3 Sentries","floor":8,"turns":7},{"damage":10,"enemies":"Gremlin Nob","floor":14,"turns":3},{"damage":34,"enemies":"Hexaghost","floor":16,"turns":7},{"damage":12,"enemies":"2 Thieves","floor":18,"turns":4},{"damage":41,"enemies":"Masked Bandits","floor":19,"turns":6},{"damage":6,"enemies":"Spheric Guardian","floor":20,"turns":3},{"damage":27,"enemies":"Centurion and Healer","floor":21,"turns":7},{"damage":30,"enemies":"3 Cultists","floor":23,"turns":5},{"damage":25,"enemies":"Sentry and Sphere","floor":25,"turns":5},{"damage":40,"enemies":"Slavers","floor":29,"turns":7},{"damage":0,"enemies":"Centurion and Healer","floor":30,"turns":4},{"damage":21,"enemies":"Snake Plant","floor":31,"turns":4},{"damage":43,"enemies":"Collector","floor":33,"turns":8}],"seed_played":"360892752451707484","potions_obtained":[{"floor":2,"key":"Dexterity Potion"},{"floor":5,"key":"Swift Potion"},{"floor":6,"key":"SteroidPotion"},{"floor":8,"key":"Regen Potion"},{"floor":16,"key":"LiquidBronze"},{"floor":18,"key":"SpeedPotion"},{"floor":19,"key":"Strength Potion"},{"floor":20,"key":"Ancient Potion"},{"floor":21,"key":"Block Potion"},{"floor":23,"key":"Ancient Potion"},{"floor":25,"key":"Regen Potion"},{"floor":29,"key":"FearPotion"},{"floor":30,"key":"FearPotion"},{"floor":31,"key":"LiquidBronze"}],"is_trial":false,"path_per_floor":["M","M","?","M","M","E","R","E","T","R","$","R","?","E","R","B",null,"M","?","M","M","?","M","R","M","T","$","R","E","M","M","R","B"],"character_chosen":"IRONCLAD","items_purchased":["Reckless Charge","Shrug It Off","Dark Shackles"],"campfire_rested":3,"item_purchase_floors":[11,27,27],"current_hp_per_floor":[88,88,81,76,71,38,38,11,11,37,37,37,37,44,44,18,88,82,49,51,32,32,10,36,19,19,19,45,38,46,33,33,0],"gold":383,"neow_bonus":"TEN_PERCENT_HP_BONUS","is_prod":false,"is_daily":false,"chose_seed":false,"campfire_upgraded":4,"win_rate":0,"timestamp":1554145462,"path_taken":["M","M","?","M","M","E","R","E","T","R","$","R","?","E","R","BOSS","M","?","M","M","?","M","R","M","T","$","R","E","?","M","R","BOSS"],"build_version":"2019-03-15","purchased_purges":2,"victory":false,"max_hp_per_floor":[88,88,88,88,88,88,88,88,88,88,88,88,88,88,88,88,88,88,88,88,88,88,88,88,88,88,88,88,98,98,98,98,98],"card_choices":[{"not_picked":["Flex","Rupture"],"picked":"Warcry","floor":1},{"not_picked":["True Grit","Entrench"],"picked":"Rampage","floor":2},{"not_picked":["Warcry","Iron Wave"],"picked":"Evolve","floor":4},{"not_picked":["Carnage","Spot Weakness"],"picked":"Corruption","floor":5},{"not_picked":["Burning Pact","Wild Strike"],"picked":"Pommel Strike","floor":6},{"not_picked":["Pummel","Entrench"],"picked":"Double Tap","floor":8},{"not_picked":["Pummel","Armaments"],"picked":"Headbutt","floor":14},{"not_picked":["Exhume","Impervious"],"picked":"Dark Embrace","floor":16},{"not_picked":["Reckless Charge+1","Blood for Blood"],"picked":"Shrug It Off","floor":18},{"not_picked":["Clothesline","Burning Pact"],"picked":"Warcry+1","floor":19},{"not_picked":["Clothesline","Cleave"],"picked":"Sentinel","floor":20},{"not_picked":["Iron Wave+1","Uppercut"],"picked":"Spot Weakness+1","floor":21},{"not_picked":["Uppercut","Fire Breathing"],"picked":"Infernal Blade","floor":23},{"not_picked":["Combust","Body Slam"],"picked":"Power Through","floor":25},{"not_picked":["Rampage","Berserk"],"picked":"Armaments+1","floor":29},{"not_picked":["Thunderclap","Iron Wave"],"picked":"Ghostly Armor","floor":30},{"not_picked":["Pummel","Headbutt"],"picked":"Metallicize","floor":31}],"player_experience":257997,"relics_obtained":[{"floor":6,"key":"Blood Vial"},{"floor":8,"key":"Self Forming Clay"},{"floor":9,"key":"Centennial Puzzle"},{"floor":14,"key":"Boot"},{"floor":19,"key":"Red Mask"},{"floor":26,"key":"Orichalcum"},{"floor":29,"key":"Pear"}],"event_choices":[{"damage_healed":0,"gold_gain":0,"player_choice":"Success","damage_taken":7,"relics_obtained":["Bronze Scales"],"max_hp_gain":0,"max_hp_loss":0,"event_name":"Scrap Ooze","floor":3,"gold_loss":0},{"damage_healed":0,"gold_gain":175,"player_choice":"AGREE","damage_taken":0,"max_hp_gain":0,"max_hp_loss":0,"event_name":"Liars Game","floor":13,"gold_loss":0,"cards_obtained":["Doubt"]},{"damage_healed":0,"gold_gain":0,"player_choice":"Fought Bandits","damage_taken":0,"max_hp_gain":0,"max_hp_loss":0,"event_name":"Masked Bandits","floor":19,"gold_loss":0},{"damage_healed":0,"gold_gain":0,"player_choice":"Forge","damage_taken":0,"max_hp_gain":0,"max_hp_loss":0,"event_name":"Accursed Blacksmith","floor":22,"gold_loss":0,"cards_upgraded":["Dark Embrace"]}],"is_beta":true,"boss_relics":[{"not_picked":["Eternal Feather","Snecko Eye"],"picked":"White Beast Statue"}],"items_purged_floors":[11,27],"is_endless":false,"potions_floor_spawned":[2,5,6,8,16,18,19,20,21,23,25,29,30,31],"killed_by":"Collector","ascension_level":3}