{"gold_per_floor":[119,131,131,158,169,169,184,217,240,270,270,280,297,0,0,99,99,109,109,119,119,34,64,64,94,94,128,128,140,140,140,140,240,240,258,0,16,16,35,63,63,96,174,174,185,199,199,230,230,230,230,230,57,90,90],"floor_reached":56,"playtime":3875,"items_purged":["Normality"],"score":1668,"play_id":"4659f368-28a2-4f6d-a044-1c46bd7041a3","local_time":"20190815230024","is_ascension_mode":true,"campfire_choices":[{"data":"Berserk","floor":6,"key":"SMITH"},{"data":"Bash","floor":11,"key":"SMITH"},{"data":"Entrench","floor":15,"key":"SMITH"},{"data":"Feed","floor":24,"key":"SMITH"},{"data":"True Grit","floor":28,"key":"SMITH"},{"data":"Double Tap","floor":30,"key":"SMITH"},{"data":"Carnage","floor":32,"key":"SMITH"},{"data":"Metallicize","floor":41,"key":"SMITH"},{"data":"Immolate","floor":44,"key":"SMITH"},{"data":"Entrench","floor":47,"key":"SMITH"},{"floor":49,"key":"RECALL"},{"data":"Brutality","floor":52,"key":"SMITH"}],"neow_cost":"NONE","seed_source_timestamp":161488887175300,"circlet_count":0,"master_deck":["Strike_R+1","Strike_R","Strike_R+1","Defend_R","Defend_R","Defend_R","Defend_R","Bash+1","Metallicize+1","Spot Weakness","Berserk+1","Shrug It Off","Ghostly Armor","Inflame","Carnage+1","Entrench+1","Feed+1","Seeing Red+1","Ghostly","Ghostly","Ghostly","Ghostly","Ghostly","Inflame+1","Double Tap+1","True Grit+1","Shockwave+1","Impervious","Brutality+1","Barricade+1","Body Slam+1","Disarm","Immolate+1","Sentinel+1","Entrench+1","Headbutt"],"relics":["Burning Blood","Red Skull","Anchor","StoneCalendar","Whetstone","Strawberry","Incense Burner","Runic Cube","Pantograph","Oddly Smooth Stone","Regal Pillow","Bag of Preparation","Thread and Needle","Cursed Key","Red Mask","PreservedInsect","Darkstone Periapt","Letter Opener","Art of War"],"potions_floor_usage":[18,23,27,33,33,42,55],"damage_taken":[{"damage":6,"enemies":"2 Louse","floor":1,"turns":2},{"damage":0,"enemies":"Jaw Worm","floor":2,"turns":5},{"damage":3,"enemies":"Cultist","floor":5,"turns":4},{"damage":15,"enemies":"3 Louse","floor":7,"turns":4},{"damage":25,"enemies":"Gremlin Nob","floor":8,"turns":5},{"damage":9,"enemies":"3 Sentries","floor":10,"turns":7},{"damage":0,"enemies":"2 Fungi Beasts","floor":12,"turns":4},{"damage":0,"enemies":"Exordium Wildlife","floor":13,"turns":5},{"damage":48,"enemies":"The Guardian","floor":16,"turns":9},{"damage":4,"enemies":"3 Byrds","floor":18,"turns":7},{"damage":0,"enemies":"Spheric Guardian","floor":20,"turns":7},{"damage":15,"enemies":"Book of Stabbing","floor":23,"turns":7},{"damage":8,"enemies":"Slavers","floor":25,"turns":7},{"damage":4,"enemies":"Book of Stabbing","floor":27,"turns":7},{"damage":0,"enemies":"Snake Plant","floor":29,"turns":7},{"damage":8,"enemies":"Champ","floor":33,"turns":11},{"damage":0,"enemies":"3 Shapes","floor":35,"turns":3},{"damage":7,"enemies":"Orb Walker","floor":37,"turns":7},{"damage":5,"enemies":"Maw","floor":39,"turns":7},{"damage":6,"enemies":"Nemesis","floor":40,"turns":7},{"damage":3,"enemies":"Reptomancer","floor":42,"turns":7},{"damage":2,"enemies":"Transient","floor":45,"turns":5},{"damage":15,"enemies":"Writhing Mass","floor":46,"turns":9},{"damage":0,"enemies":"Giant Head","floor":48,"turns":9},{"damage":9,"enemies":"Donu and Deca","floor":50,"turns":10},{"damage":5,"enemies":"Shield and Spear","floor":54,"turns":6},{"damage":8,"enemies":"The Heart","floor":55,"turns":9}],"seed_played":"-2297944844267979178","potions_obtained":[{"floor":1,"key":"SmokeBomb"},{"floor":5,"key":"LiquidBronze"},{"floor":8,"key":"Poison Potion"},{"floor":10,"key":"EssenceOfSteel"},{"floor":23,"key":"Swift Potion"},{"floor":27,"key":"Poison Potion"},{"floor":33,"key":"SpeedPotion"},{"floor":37,"key":"Swift Potion"},{"floor":39,"key":"BloodPotion"},{"floor":46,"key":"SpeedPotion"},{"floor":54,"key":"LiquidBronze"}],"is_trial":false,"path_per_floor":["M","M","?","T","M","R","M","E","T","E","R","M","M","$","R","B",null,"M","?","M","?","?","E","R","E","T","E","R","M","R","?","R","B",null,"M","?","M","?","M","E","R","E","T","R","M","M","R","E","R","B",null,"R","$","E","B",null],"character_chosen":"IRONCLAD","items_purchased":["Incense Burner","Block Potion","SkillPotion"],"campfire_rested":0,"item_purchase_floors":[14,53,53],"current_hp_per_floor":[80,80,85,85,85,85,76,57,57,61,61,67,73,73,73,31,92,95,47,47,40,40,31,31,33,33,39,39,49,49,49,49,62,64,68,68,71,71,76,76,76,76,82,82,82,73,73,83,83,83,86,86,86,90,88],"gold":90,"neow_bonus":"RANDOM_COMMON_RELIC","is_prod":false,"is_daily":false,"chose_seed":false,"campfire_upgraded":11,"win_rate":0,"timestamp":1565935224,"path_taken":["M","M","?","?","?","R","M","E","T","E","R","M","M","$","R","BOSS","M","?","M","?","?","E","R","E","T","E","R","?","R","?","R","BOSS","M","?","M","?","M","E","R","E","T","R","M","?","R","E","R","BOSS","R","$","E","BOSS"],"build_version":"2019-07-17","purchased_purges":1,"victory":true,"max_hp_per_floor":[80,80,85,85,85,85,85,85,85,92,92,92,92,92,92,92,92,95,47,47,52,52,52,52,56,56,60,60,64,64,64,64,64,64,68,68,72,72,76,76,76,76,82,82,82,82,82,86,86,86,86,86,86,90,90],"card_choices":[{"not_picked":["Wild Strike","Havoc"],"picked":"Metallicize","floor":1},{"not_picked":["Rage","Pommel Strike"],"picked":"Spot Weakness","floor":2},{"not_picked":["Seeing Red","Flex"],"picked":"Berserk","floor":5},{"not_picked":["Infernal Blade","Twin Strike"],"picked":"Shrug It Off","floor":7},{"not_picked":["Armaments","Wild Strike"],"picked":"Ghostly Armor","floor":8},{"not_picked":["Fire Breathing","Double Tap"],"picked":"Inflame","floor":10},{"not_picked":["Anger","Sword Boomerang"],"picked":"Carnage","floor":12},{"not_picked":["Shrug It Off","Havoc"],"picked":"Entrench","floor":13},{"not_picked":["Bludgeon","Exhume"],"picked":"Feed","floor":16},{"not_picked":["Clash","Anger+1"],"picked":"Seeing Red+1","floor":18},{"not_picked":["Armaments+1","Feel No Pain"],"picked":"Inflame+1","floor":20},{"not_picked":["Pummel","Rage+1"],"picked":"Double Tap","floor":23},{"not_picked":["Fire Breathing","Anger","Thunderclap"],"picked":"SKIP","floor":25},{"not_picked":["Combust","Havoc"],"picked":"True Grit","floor":27},{"not_picked":["Rage","Body Slam"],"picked":"Shockwave+1","floor":29},{"not_picked":["Dark Embrace","Limit Break"],"picked":"Barricade","floor":33},{"not_picked":["Havoc","Wild Strike"],"picked":"Body Slam+1","floor":35},{"not_picked":["Hemokinesis","Twin Strike+1","Flex+1"],"picked":"SKIP","floor":37},{"not_picked":["Clash+1","Second Wind+1","Wild Strike+1"],"picked":"SKIP","floor":39},{"not_picked":["Sentinel+1","Power Through"],"picked":"Disarm","floor":40},{"not_picked":["Warcry","Clothesline"],"picked":"Immolate","floor":42},{"not_picked":["Bloodletting+1","Flex"],"picked":"Sentinel+1","floor":45},{"not_picked":["True Grit","Clothesline"],"picked":"Entrench","floor":46},{"not_picked":["Heavy Blade+1","Clash+1","Wild Strike+1"],"picked":"SKIP","floor":48},{"not_picked":["Warcry+1","Intimidate+1"],"picked":"Headbutt","floor":54}],"player_experience":1037341,"relics_obtained":[{"floor":4,"key":"Anchor"},{"floor":8,"key":"StoneCalendar"},{"floor":9,"key":"Whetstone"},{"floor":10,"key":"Strawberry"},{"floor":23,"key":"Oddly Smooth Stone"},{"floor":25,"key":"Regal Pillow"},{"floor":26,"key":"Bag of Preparation"},{"floor":27,"key":"Thread and Needle"},{"floor":40,"key":"PreservedInsect"},{"floor":42,"key":"Darkstone Periapt"},{"floor":48,"key":"Letter Opener"},{"floor":54,"key":"Art of War"}],"event_choices":[{"damage_healed":0,"gold_gain":0,"player_choice":"Donut","damage_taken":0,"max_hp_gain":5,"max_hp_loss":0,"event_name":"Big Fish","floor":3,"gold_loss":0},{"damage_healed":0,"gold_gain":0,"player_choice":"Became a Ghost","damage_taken":0,"max_hp_gain":0,"max_hp_loss":48,"event_name":"Ghosts","floor":19,"gold_loss":0,"cards_obtained":["Ghostly","Ghostly","Ghostly","Ghostly","Ghostly"]},{"damage_healed":0,"gold_gain":0,"player_choice":"Shed Blood","damage_taken":12,"max_hp_gain":5,"max_hp_loss":0,"event_name":"Forgotten Altar","floor":21,"gold_loss":0},{"damage_healed":0,"gold_gain":0,"player_choice":"Obtained Relic","damage_taken":0,"relics_obtained":["Pantograph"],"max_hp_gain":0,"max_hp_loss":0,"event_name":"Addict","floor":22,"gold_loss":85},{"damage_healed":0,"gold_gain":0,"cards_transformed":["Strike_R","Strike_R"],"player_choice":"Became Test Subject","damage_taken":0,"max_hp_gain":0,"max_hp_loss":0,"event_name":"Drug Dealer","floor":31,"gold_loss":0,"cards_obtained":["Impervious","Brutality"]},{"damage_healed":0,"gold_gain":0,"player_choice":"Paid","damage_taken":0,"relics_obtained":["Red Mask"],"max_hp_gain":0,"max_hp_loss":0,"event_name":"Tomb of Lord Red Mask","floor":36,"gold_loss":258},{"damage_healed":0,"gold_gain":0,"player_choice":"Upgraded","damage_taken":0,"max_hp_gain":0,"max_hp_loss":0,"event_name":"Upgrade Shrine","floor":38,"gold_loss":0,"cards_upgraded":["Barricade"]}],"is_beta":false,"boss_relics":[{"not_picked":["Busted Crown","Runic Dome"],"picked":"Runic Cube"},{"not_picked":["Black Star","Orrery"],"picked":"Cursed Key"}],"items_purged_floors":[53],"is_endless":false,"potions_floor_spawned":[1,5,8,10,23,27,33,37,39,46,54],"ascension_level":1}