{"gold_per_floor":[144,189,234,279,324,414,459,459,459,309,399,254,299,344,344,644,644,689,297,497,247,292,292,382,427,452,452,52,97,142,187,187,487,487,532,577,622,634,691,793,850,952,1039,91,115,160,205,250,250,250],"floor_reached":51,"playtime":3420,"items_purged":["Headbutt","Hemokinesis"],"score":1049,"play_id":"26e86283-ea39-4be6-a1d9-eb8956043166","local_time":"20190218130226","daily_mods":["Draft","Vintage","Midas"],"is_ascension_mode":false,"campfire_choices":[{"floor":8,"key":"REST"},{"floor":15,"key":"REST"},{"floor":23,"key":"REST"},{"floor":27,"key":"REST"},{"floor":32,"key":"REST"},{"floor":49,"key":"REST"}],"neow_cost":"","seed_source_timestamp":0,"circlet_count":0,"master_deck":["Twin Strike","Perfected Strike+1","Warcry","Twin Strike","Twin Strike+1","Pommel Strike","Wild Strike","Shockwave+1","Shrug It Off+1","Pommel Strike","Seeing Red","True Grit","Shrug It Off+1","Power Through+1","Perfected Strike","Flame Barrier+1","Impervious+1","Double Tap+1","Cleave+1","Infernal Blade+1","Dropkick+1"],"special_seed":17945,"relics":["Burning Blood","Vajra","Bottled Lightning","Juzu Bracelet","Happy Flower","Bag of Marbles","Toxic Egg 2","Omamori","Self Forming Clay","Whetstone","Ancient Tea Set","Incense Burner","Bottled Flame","Busted Crown","StoneCalendar","Dodecahedron","War Paint","The Courier","Torii","Blood Vial","Bronze Scales","ClockworkSouvenir","Bag of Preparation","Lantern","Oddly Smooth Stone","Strawberry","Centennial Puzzle","Black Star","Dead Branch","Bird Faced Urn","MawBank","Boot","Ornamental Fan","Pen Nib","Anchor","Shuriken","Kunai","Blue Candle","Letter Opener","Gremlin Horn","Paper Frog","Darkstone Periapt","OrangePellets","Ice Cream","Pear","Magic Flower","Ginger"],"potions_floor_usage":[4,11,16,24,40,50,50,50],"damage_taken":[{"damage":0,"enemies":"Cultist","floor":1,"turns":2},{"damage":3,"enemies":"Jaw Worm","floor":2,"turns":2},{"damage":0,"enemies":"2 Louse","floor":3,"turns":1},{"damage":5,"enemies":"Exordium Wildlife","floor":4,"turns":3},{"damage":7,"enemies":"Looter","floor":5,"turns":2},{"damage":3,"enemies":"Lagavulin","floor":6,"turns":3},{"damage":0,"enemies":"3 Louse","floor":7,"turns":1},{"damage":3,"enemies":"3 Sentries","floor":11,"turns":3},{"damage":4,"enemies":"Lots of Slimes","floor":13,"turns":3},{"damage":0,"enemies":"Large Slime","floor":14,"turns":3},{"damage":7,"enemies":"The Guardian","floor":16,"turns":5},{"damage":6,"enemies":"Chosen","floor":18,"turns":2},{"damage":0,"enemies":"3 Byrds","floor":22,"turns":2},{"damage":7,"enemies":"Slavers","floor":24,"turns":2},{"damage":0,"enemies":"Snake Plant","floor":25,"turns":2},{"damage":0,"enemies":"Centurion and Healer","floor":29,"turns":2},{"damage":0,"enemies":"Shelled Parasite and Fungi","floor":30,"turns":1},{"damage":0,"enemies":"Snake Plant","floor":31,"turns":1},{"damage":0,"enemies":"Champ","floor":33,"turns":5},{"damage":0,"enemies":"Orb Walker","floor":35,"turns":2},{"damage":0,"enemies":"3 Shapes","floor":36,"turns":2},{"damage":2,"enemies":"Writhing Mass","floor":37,"turns":3},{"damage":15,"enemies":"4 Shapes","floor":39,"turns":2},{"damage":0,"enemies":"Giant Head","floor":40,"turns":5},{"damage":6,"enemies":"Transient","floor":41,"turns":5},{"damage":3,"enemies":"Reptomancer","floor":42,"turns":1},{"damage":0,"enemies":"2 Orb Walkers","floor":45,"turns":1},{"damage":1,"enemies":"Writhing Mass","floor":46,"turns":2},{"damage":0,"enemies":"Spire Growth","floor":47,"turns":2},{"damage":0,"enemies":"4 Shapes","floor":48,"turns":1},{"damage":0,"enemies":"Donu and Deca","floor":50,"turns":3}],"seed_played":"-8239529163417230353","potions_obtained":[{"floor":1,"key":"GamblersBrew"},{"floor":2,"key":"GamblersBrew"},{"floor":3,"key":"SkillPotion"},{"floor":13,"key":"Fire Potion"},{"floor":16,"key":"Explosive Potion"},{"floor":18,"key":"Block Potion"},{"floor":22,"key":"PowerPotion"},{"floor":31,"key":"Dexterity Potion"},{"floor":33,"key":"PowerPotion"},{"floor":40,"key":"Fire Potion"},{"floor":42,"key":"Strength Potion"},{"floor":47,"key":"AttackPotion"}],"is_trial":false,"path_per_floor":["M","M","M","M","M","E","M","R","T","$","E","$","M","M","R","B",null,"M","$","?","$","M","R","E","M","T","R","$","M","M","M","R","B",null,"M","M","M","?","M","E","M","E","T","$","?","M","M","M","R","B",null],"character_chosen":"IRONCLAD","items_purchased":["Whetstone","Flame Barrier+1","Dodecahedron","Double Tap+1","War Paint","ClockworkSouvenir","Bag of Preparation","Lantern","Letter Opener","Gremlin Horn","Paper Frog","Darkstone Periapt","OrangePellets"],"campfire_rested":6,"item_purchase_floors":[10,12,19,19,21,28,28,28,44,44,44,44,44],"current_hp_per_floor":[80,80,80,80,79,80,80,80,80,80,80,80,80,80,80,79,80,80,80,80,80,80,80,79,80,80,80,80,80,87,87,87,87,87,87,87,87,87,78,87,87,87,87,87,87,97,97,97,97,97],"gold":250,"neow_bonus":"","is_prod":false,"is_daily":true,"chose_seed":false,"campfire_upgraded":0,"win_rate":0,"timestamp":1550491346,"path_taken":["M","M","M","M","M","E","M","R","T","$","E","$","M","M","R","BOSS","M","$","?","?","M","R","E","M","T","R","$","M","M","M","R","BOSS","M","M","M","?","M","E","M","E","T","$","?","M","M","M","R","BOSS"],"build_version":"2019-02-06","purchased_purges":2,"victory":true,"max_hp_per_floor":[80,80,80,80,80,80,80,80,80,80,80,80,80,80,80,80,80,80,80,80,80,80,80,80,80,80,80,80,80,87,87,87,87,87,87,87,87,87,87,87,87,87,87,87,87,97,97,97,97,97],"card_choices":[{"not_picked":["Flex","Perfected Strike"],"picked":"Headbutt","floor":0},{"not_picked":["Havoc","Twin Strike"],"picked":"Hemokinesis","floor":0},{"not_picked":["Wild Strike","Rupture"],"picked":"Twin Strike","floor":0},{"not_picked":["Iron Wave","Second Wind"],"picked":"Perfected Strike","floor":0},{"not_picked":["Carnage","Thunderclap"],"picked":"Warcry","floor":0},{"not_picked":["Shrug It Off","Warcry"],"picked":"Twin Strike","floor":0},{"not_picked":["Cleave","Whirlwind"],"picked":"Twin Strike","floor":0},{"not_picked":["Sword Boomerang","True Grit"],"picked":"Pommel Strike","floor":0},{"not_picked":["Heavy Blade","Cleave"],"picked":"Wild Strike","floor":0},{"not_picked":["Reckless Charge","Evolve"],"picked":"Shockwave","floor":0},{"not_picked":["Iron Wave","Metallicize"],"picked":"Shrug It Off","floor":0},{"not_picked":["Headbutt","Twin Strike"],"picked":"Pommel Strike","floor":0},{"not_picked":["Pommel Strike","Evolve"],"picked":"Seeing Red","floor":0},{"not_picked":["Bloodletting","Shrug It Off"],"picked":"True Grit","floor":0},{"not_picked":["Headbutt","Iron Wave"],"picked":"Shrug It Off","floor":0},{"not_picked":["Pummel","Thunderclap"],"picked":"Power Through","floor":6},{"not_picked":["Anger","Combust"],"picked":"Perfected Strike","floor":11},{"not_picked":["Double Tap+1","Exhume+1"],"picked":"Impervious+1","floor":16},{"not_picked":[],"picked":"Cleave+1","floor":24},{"not_picked":[],"picked":"Infernal Blade+1","floor":40},{"not_picked":["Intimidate+1"],"picked":"SKIP","floor":42},{"not_picked":[],"picked":"Dropkick+1","floor":45}],"player_experience":146375,"relics_obtained":[{"floor":1,"key":"Vajra"},{"floor":2,"key":"Bottled Lightning"},{"floor":3,"key":"Juzu Bracelet"},{"floor":4,"key":"Happy Flower"},{"floor":5,"key":"Bag of Marbles"},{"floor":6,"key":"Toxic Egg 2"},{"floor":7,"key":"Omamori"},{"floor":9,"key":"Self Forming Clay"},{"floor":11,"key":"Ancient Tea Set"},{"floor":13,"key":"Incense Burner"},{"floor":14,"key":"Bottled Flame"},{"floor":18,"key":"StoneCalendar"},{"floor":22,"key":"The Courier"},{"floor":24,"key":"Torii"},{"floor":25,"key":"Blood Vial"},{"floor":26,"key":"Bronze Scales"},{"floor":29,"key":"Oddly Smooth Stone"},{"floor":30,"key":"Strawberry"},{"floor":31,"key":"Centennial Puzzle"},{"floor":35,"key":"Dead Branch"},{"floor":36,"key":"Bird Faced Urn"},{"floor":37,"key":"MawBank"},{"floor":39,"key":"Boot"},{"floor":40,"key":"Ornamental Fan"},{"floor":40,"key":"Pen Nib"},{"floor":41,"key":"Anchor"},{"floor":42,"key":"Shuriken"},{"floor":42,"key":"Kunai"},{"floor":43,"key":"Blue Candle"},{"floor":45,"key":"Ice Cream"},{"floor":46,"key":"Pear"},{"floor":47,"key":"Magic Flower"},{"floor":48,"key":"Ginger"}],"event_choices":[{"damage_healed":0,"gold_gain":200,"player_choice":"Gold","damage_taken":0,"max_hp_gain":0,"max_hp_loss":0,"event_name":"Wheel of Change","floor":20,"gold_loss":0},{"damage_healed":0,"gold_gain":0,"player_choice":"Upgraded","damage_taken":0,"max_hp_gain":0,"max_hp_loss":0,"event_name":"Upgrade Shrine","floor":38,"gold_loss":0,"cards_upgraded":["Shockwave"]},{"damage_healed":0,"gold_gain":0,"player_choice":"Fight","damage_taken":0,"max_hp_gain":0,"max_hp_loss":0,"event_name":"Mysterious Sphere","floor":45,"gold_loss":0}],"is_beta":true,"boss_relics":[{"not_picked":["Orrery","Mark of Pain"],"picked":"Busted Crown"},{"not_picked":["Astrolabe","Lizard Tail"],"picked":"Black Star"}],"items_purged_floors":[12,21],"is_endless":false,"potions_floor_spawned":[1,2,3,13,16,18,22,31,33,37,40,42,47,48],"ascension_level":0}