{"gold_per_floor":[109,120,120,195,68,97,97,97,120,120,51,70,80,92,92,187,187,203,214,176,187,187,221,221,238,238,238,252,252,351,351,351,451,451,466,293,323,391,406,406,421,217,217,217,228,228,242,253,253,253],"floor_reached":51,"playtime":4921,"items_purged":["Strike_B","Gash"],"score":622,"play_id":"6c120865-f52d-4e2b-8499-19dd26651f8e","local_time":"20190816101727","is_ascension_mode":false,"campfire_choices":[{"data":"Gash","floor":7,"key":"SMITH"},{"floor":15,"key":"REST"},{"floor":27,"key":"DIG"},{"floor":29,"key":"DIG"},{"data":"Glacier","floor":32,"key":"SMITH"},{"data":"Defragment","floor":40,"key":"SMITH"},{"data":"Echo Form","floor":44,"key":"SMITH"},{"data":"Go for the Eyes","floor":46,"key":"SMITH"},{"floor":49,"key":"REST"}],"neow_cost":"NONE","seed_source_timestamp":42933808542500,"circlet_count":0,"master_deck":["Defend_B","Defend_B","Defend_B","Defend_B","Zap+1","Dualcast","Skim","Streamline","Ball Lightning","Gash+1","Coolheaded","Go for the Eyes+1","Heatsinks","Electrodynamics","Seek","Undo","Leap","Loop","Glacier+1","Self Repair+1","Flash of Steel","Hologram+1","Echo Form+1","Conserve Battery+1","Defragment+1","BootSequence+1","Chill","Chill+1","Beam Cell+1","Core Surge"],"relics":["Cracked Core","Incense Burner","Mercury Hourglass","Anchor","Empty Cage","Red Mask","Shovel","Regal Pillow","Question Card","Matryoshka","Black Star","Tiny Chest","Mummified Hand","Omamori","Meat on the Bone","Medical Kit","PreservedInsect"],"potions_floor_usage":[16,23,23,47,47,50],"damage_taken":[{"damage":0,"enemies":"Jaw Worm","floor":1,"turns":3},{"damage":0,"enemies":"Small Slimes","floor":2,"turns":4},{"damage":23,"enemies":"Gremlin Nob","floor":6,"turns":4},{"damage":0,"enemies":"Cultist","floor":12,"turns":2},{"damage":0,"enemies":"Exordium Wildlife","floor":13,"turns":4},{"damage":0,"enemies":"2 Fungi Beasts","floor":14,"turns":3},{"damage":4,"enemies":"Slime Boss","floor":16,"turns":7},{"damage":5,"enemies":"Shell Parasite","floor":18,"turns":6},{"damage":0,"enemies":"3 Byrds","floor":19,"turns":2},{"damage":5,"enemies":"Shelled Parasite and Fungi","floor":21,"turns":6},{"damage":18,"enemies":"Masked Bandits","floor":23,"turns":5},{"damage":9,"enemies":"Snake Plant","floor":25,"turns":6},{"damage":2,"enemies":"Cultist and Chosen","floor":28,"turns":4},{"damage":54,"enemies":"Automaton","floor":33,"turns":11},{"damage":18,"enemies":"Orb Walker","floor":35,"turns":5},{"damage":19,"enemies":"3 Darklings","floor":39,"turns":5},{"damage":2,"enemies":"Jaw Worm Horde","floor":41,"turns":3},{"damage":5,"enemies":"Sphere and 2 Shapes","floor":45,"turns":6},{"damage":32,"enemies":"Maw","floor":47,"turns":11},{"damage":6,"enemies":"Writhing Mass","floor":48,"turns":8},{"damage":108,"enemies":"Time Eater","floor":50,"turns":21}],"seed_played":"1962241842614407449","potions_obtained":[{"floor":6,"key":"FearPotion"},{"floor":12,"key":"Dexterity Potion"},{"floor":23,"key":"Fruit Juice"},{"floor":25,"key":"FairyPotion"},{"floor":33,"key":"SkillPotion"},{"floor":39,"key":"FearPotion"},{"floor":41,"key":"Explosive Potion"},{"floor":47,"key":"Dexterity Potion"}],"is_trial":false,"path_per_floor":["M","M","?","?","$","E","R","?","T","?","$","M","M","M","R","B",null,"M","M","$","M","?","?","?","M","T","R","M","R","?","T","R","B",null,"M","$","T","T","M","R","M","$","T","R","M","R","M","M","R","B",null],"character_chosen":"DEFECT","items_purchased":["Ball Lightning","Gash","Coolheaded","Loop","Defragment","Medical Kit"],"campfire_rested":2,"item_purchase_floors":[5,11,11,20,36,42],"current_hp_per_floor":[75,75,72,61,61,38,38,38,38,38,38,38,38,38,60,56,75,70,70,70,65,65,52,52,53,53,53,61,61,61,61,61,7,80,72,72,72,72,53,53,51,51,51,51,56,56,46,62,80,28],"gold":253,"neow_bonus":"UPGRADE_CARD","is_prod":false,"is_daily":false,"chose_seed":false,"campfire_upgraded":5,"win_rate":0,"timestamp":1565921847,"path_taken":["M","M","?","?","$","E","R","?","T","?","$","M","?","M","R","BOSS","M","M","$","?","?","?","?","?","T","R","M","R","?","?","R","BOSS","M","?","?","?","M","R","?","$","T","R","M","R","M","M","R","BOSS"],"build_version":"2019-07-17","purchased_purges":2,"victory":true,"max_hp_per_floor":[75,75,75,75,75,75,75,75,75,75,75,75,75,75,75,75,75,75,75,75,75,75,80,80,80,80,80,80,80,80,80,80,80,80,80,80,80,80,80,80,80,80,80,80,80,80,80,80,80,80],"card_choices":[{"not_picked":["Leap","Double Energy"],"picked":"Skim","floor":1},{"not_picked":["Go for the Eyes","Hologram"],"picked":"Streamline","floor":2},{"not_picked":["Rebound","Beam Cell"],"picked":"Gash","floor":6},{"not_picked":["Steam Power","Sweeping Beam"],"picked":"Go for the Eyes","floor":12},{"not_picked":["Compile Driver","Streamline"],"picked":"Heatsinks","floor":13},{"not_picked":["Heatsinks","Coolheaded"],"picked":"Electrodynamics","floor":14},{"not_picked":["Meteor Strike","Biased Cognition"],"picked":"Seek","floor":16},{"not_picked":["Stack","Aggregate"],"picked":"Undo","floor":18},{"not_picked":["Sweeping Beam","Streamline"],"picked":"Leap","floor":19},{"not_picked":["Ball Lightning","Beam Cell"],"picked":"Glacier","floor":21},{"not_picked":["Lockon","Heatsinks"],"picked":"Self Repair+1","floor":23},{"not_picked":["Capacitor","Redo"],"picked":"Hologram+1","floor":25},{"not_picked":["Go for the Eyes","Gash","Streamline"],"picked":"SKIP","floor":28},{"not_picked":["All For One","Electrodynamics","Amplify"],"picked":"Echo Form","floor":33},{"not_picked":["Scrape+1","Gash+1","Streamline"],"picked":"Conserve Battery+1","floor":35},{"not_picked":["Sweeping Beam","Hologram+1","Steam Power+1"],"picked":"BootSequence+1","floor":39},{"not_picked":["Double Energy+1","Turbo","Coolheaded"],"picked":"Chill","floor":41},{"not_picked":["Chaos","Stack+1","Sunder"],"picked":"Chill+1","floor":45},{"not_picked":["Auto Shields","Stack","Ball Lightning+1"],"picked":"Beam Cell+1","floor":47},{"not_picked":["Double Energy","Redo","Rebound"],"picked":"Core Surge","floor":48}],"player_experience":179711,"relics_obtained":[{"floor":6,"key":"Mercury Hourglass"},{"floor":9,"key":"Anchor"},{"floor":23,"key":"Red Mask"},{"floor":26,"key":"Shovel"},{"floor":27,"key":"Regal Pillow"},{"floor":29,"key":"Question Card"},{"floor":31,"key":"Matryoshka"},{"floor":37,"key":"Tiny Chest"},{"floor":37,"key":"Mummified Hand"},{"floor":38,"key":"Omamori"},{"floor":38,"key":"Meat on the Bone"},{"floor":43,"key":"PreservedInsect"}],"event_choices":[{"damage_healed":0,"gold_gain":0,"player_choice":"Success","damage_taken":3,"relics_obtained":["Incense Burner"],"max_hp_gain":0,"max_hp_loss":0,"event_name":"Scrap Ooze","floor":3,"gold_loss":0},{"damage_healed":0,"gold_gain":75,"player_choice":"Gather Gold","damage_taken":11,"max_hp_gain":0,"max_hp_loss":0,"event_name":"World of Goop","floor":4,"gold_loss":0},{"cards_removed":["Strike_B"],"damage_healed":0,"gold_gain":0,"player_choice":"Forget","damage_taken":0,"max_hp_gain":0,"max_hp_loss":0,"event_name":"Living Wall","floor":8,"gold_loss":0},{"damage_healed":0,"gold_gain":0,"player_choice":"Ignored","damage_taken":0,"max_hp_gain":0,"max_hp_loss":0,"event_name":"Shining Light","floor":10,"gold_loss":0},{"damage_healed":0,"gold_gain":0,"player_choice":"Ignored","damage_taken":0,"max_hp_gain":0,"max_hp_loss":0,"event_name":"Ghosts","floor":22,"gold_loss":0},{"damage_healed":0,"gold_gain":0,"player_choice":"Fought Bandits","damage_taken":0,"max_hp_gain":0,"max_hp_loss":0,"event_name":"Masked Bandits","floor":23,"gold_loss":0},{"damage_healed":0,"gold_gain":0,"player_choice":"1 cards matched","damage_taken":0,"max_hp_gain":0,"max_hp_loss":0,"event_name":"Match and Keep!","floor":24,"gold_loss":0,"cards_obtained":["Flash of Steel"]},{"damage_healed":0,"gold_gain":99,"player_choice":"Stole From Cult","damage_taken":0,"max_hp_gain":0,"max_hp_loss":0,"event_name":"Nest","floor":30,"gold_loss":0}],"is_beta":false,"boss_relics":[{"not_picked":["Cursed Key","White Beast Statue"],"picked":"Empty Cage"},{"not_picked":["Inserter","Astrolabe"],"picked":"Black Star"}],"items_purged_floors":[5,36],"is_endless":false,"potions_floor_spawned":[6,12,23,25,33,39,41,47],"ascension_level":0}