{"gold_per_floor":[369,369,17,33,33,33,45,80,80,90,105,105,140,155,155,256,256,269,368,368,380,400,400,400],"floor_reached":24,"playtime":1750,"items_purged":["Strike_B"],"score":229,"play_id":"cb755dea-1056-4f15-a0ce-34504d00d035","local_time":"20190715182703","is_ascension_mode":true,"campfire_choices":[{"floor":6,"key":"RECALL"},{"data":"Defragment","floor":12,"key":"SMITH"},{"floor":15,"key":"REST"},{"data":"Creative AI","floor":23,"key":"SMITH"}],"neow_cost":"CURSE","seed_source_timestamp":1165319039541531,"circlet_count":0,"master_deck":["Strike_B","Defend_B","Defend_B","Defend_B","Defend_B","Zap","Dualcast","Gash","Capacitor","Ball Lightning+1","Rebound+1","FTL+1","Cold Snap+1","Defragment+1","Capacitor","Ball Lightning+1","Creative AI+1","Capacitor+1","Ball Lightning+1","Genetic Algorithm","Steam","Beam Cell+1"],"relics":["Cracked Core","Molten Egg 2","Letter Opener","Blood Vial","Coffee Dripper"],"potions_floor_usage":[8,16,18,24,24],"damage_taken":[{"damage":0,"enemies":"Small Slimes","floor":1,"turns":2},{"damage":0,"enemies":"Cultist","floor":4,"turns":3},{"damage":0,"enemies":"2 Louse","floor":7,"turns":2},{"damage":21,"enemies":"Lagavulin","floor":8,"turns":5},{"damage":24,"enemies":"Exordium Wildlife","floor":10,"turns":3},{"damage":1,"enemies":"Looter","floor":11,"turns":2},{"damage":25,"enemies":"3 Sentries","floor":13,"turns":5},{"damage":0,"enemies":"2 Fungi Beasts","floor":14,"turns":3},{"damage":24,"enemies":"The Guardian","floor":16,"turns":7},{"damage":20,"enemies":"Shell Parasite","floor":18,"turns":5},{"damage":16,"enemies":"2 Thieves","floor":21,"turns":3},{"damage":33,"enemies":"Sentry and Sphere","floor":22,"turns":4},{"damage":14,"enemies":"Gremlin Leader","floor":24,"turns":3}],"seed_played":"-4396586398602454326","potions_obtained":[{"floor":4,"key":"AttackPotion"},{"floor":11,"key":"Poison Potion"},{"floor":13,"key":"SpeedPotion"},{"floor":14,"key":"Dexterity Potion"},{"floor":21,"key":"Strength Potion"}],"is_trial":false,"path_per_floor":["M","?","$","M","$","R","M","E","T","M","M","R","E","M","R","B",null,"M","?","?","M","M","R","E"],"character_chosen":"DEFECT","items_purchased":["Molten Egg 2","Capacitor"],"campfire_rested":1,"item_purchase_floors":[3,3],"current_hp_per_floor":[75,75,75,75,75,75,75,54,54,30,29,29,4,6,28,6,75,55,55,55,41,10,10,0],"gold":400,"neow_bonus":"TWO_FIFTY_GOLD","is_prod":false,"is_daily":false,"chose_seed":false,"campfire_upgraded":2,"win_rate":0,"timestamp":1563229623,"path_taken":["M","?","$","M","?","R","M","E","T","M","M","R","E","M","R","BOSS","M","?","?","M","M","R","E"],"build_version":"2019-07-05","purchased_purges":1,"victory":false,"max_hp_per_floor":[75,75,75,75,75,75,75,75,75,75,75,75,75,75,75,75,75,75,75,75,75,75,75,75],"card_choices":[{"not_picked":["Beam Cell","Force Field"],"picked":"Gash","floor":1},{"not_picked":["Turbo","Rip and Tear+1"],"picked":"Ball Lightning+1","floor":4},{"not_picked":["Double Energy","Force Field"],"picked":"Rebound+1","floor":7},{"not_picked":["Leap","Sweeping Beam+1"],"picked":"FTL+1","floor":8},{"not_picked":["Sweeping Beam+1","Hologram"],"picked":"Cold Snap+1","floor":10},{"not_picked":["Blizzard+1","Steam"],"picked":"Defragment","floor":11},{"not_picked":["Heatsinks","Turbo"],"picked":"Capacitor","floor":13},{"not_picked":["Beam Cell+1","Hologram"],"picked":"Ball Lightning+1","floor":14},{"not_picked":["Machine Learning","Hyperbeam+1"],"picked":"Creative AI","floor":16},{"not_picked":["Turbo+1","Go for the Eyes+1"],"picked":"Capacitor+1","floor":18},{"not_picked":["Heatsinks","Loop"],"picked":"Steam","floor":21},{"not_picked":["Self Repair","Capacitor"],"picked":"Beam Cell+1","floor":22}],"player_experience":250658,"relics_obtained":[{"floor":8,"key":"Letter Opener"},{"floor":13,"key":"Blood Vial"}],"event_choices":[{"cards_removed":["Injury"],"damage_healed":0,"gold_gain":0,"player_choice":"Purged","damage_taken":0,"max_hp_gain":0,"max_hp_loss":0,"event_name":"Purifier","floor":2,"gold_loss":0},{"damage_healed":0,"gold_gain":99,"player_choice":"Stole From Cult","damage_taken":0,"max_hp_gain":0,"max_hp_loss":0,"event_name":"Nest","floor":19,"gold_loss":0},{"damage_healed":0,"gold_gain":0,"cards_transformed":["Strike_B","Strike_B"],"player_choice":"Became Test Subject","damage_taken":0,"max_hp_gain":0,"max_hp_loss":0,"event_name":"Drug Dealer","floor":20,"gold_loss":0,"cards_obtained":["Ball Lightning","Genetic Algorithm"]}],"is_beta":false,"boss_relics":[{"not_picked":["FrozenCore","Orrery"],"picked":"Coffee Dripper"}],"items_purged_floors":[3],"is_endless":false,"potions_floor_spawned":[4,11,13,14,21],"killed_by":"Gremlin Leader","ascension_level":2}