{"gold_per_floor":[119,44,54,72,88,88,38,38,38,68,68,103,123,123,123,243,243,263,213,232,266,118,161,182,23,46,65,65,85,120,45,45,175,175,190,213,213,10,25,25,59,59,59,73,73,107,107,107,107,107],"floor_reached":51,"playtime":2661,"items_purged":["Defend_R","Defend_R","Strike_R","Strike_R"],"score":853,"play_id":"b2cee793-dac5-4864-bcdb-31ef6761f2a4","local_time":"20180806184926","is_ascension_mode":false,"campfire_choices":[{"data":"Demon Form","floor":6,"key":"SMITH"},{"data":"Bash","floor":8,"key":"SMITH"},{"data":"Offering","floor":15,"key":"SMITH"},{"data":"Limit Break","floor":28,"key":"SMITH"},{"data":"Inflame","floor":32,"key":"SMITH"},{"data":"Flex","floor":40,"key":"SMITH"},{"floor":42,"key":"REST"},{"data":"Battle Trance","floor":45,"key":"SMITH"},{"data":"Shrug It Off","floor":47,"key":"SMITH"},{"floor":49,"key":"REST"}],"neow_cost":"NONE","seed_source_timestamp":524004856305722,"circlet_count":0,"master_deck":["Defend_R","Defend_R","Bash+1","Demon Form+1","Twin Strike","Shrug It Off+1","Offering+1","Reaper+1","Whirlwind+1","Flex+1","Twin Strike+1","Limit Break+1","Headbutt+1","Inflame+1","Heavy Blade+1","Heavy Blade+1","Feed+1","Sword Boomerang+1","True Grit+1","Flex+1","Battle Trance+1","Flex+1"],"relics":["Burning Blood","Centennial Puzzle","Kunai","Molten Egg 2","Golden Idol","Mark of Pain","Red Mask","Ornamental Fan","Juzu Bracelet","Regal Pillow","Runic Dome","Matryoshka","Toxic Egg 2","Mango","Darkstone Periapt","Unceasing Top"],"potions_floor_usage":[16,16,23],"damage_taken":[{"damage":5,"enemies":"Cultist","floor":1,"turns":4},{"damage":8,"enemies":"2 Louse","floor":3,"turns":4},{"damage":3,"enemies":"Small Slimes","floor":4,"turns":3},{"damage":10,"enemies":"Looter","floor":5,"turns":3},{"damage":18,"enemies":"Lagavulin","floor":10,"turns":5},{"damage":6,"enemies":"Gremlin Nob","floor":12,"turns":3},{"damage":0,"enemies":"Large Slime","floor":13,"turns":4},{"damage":20,"enemies":"The Guardian","floor":16,"turns":8},{"damage":12,"enemies":"3 Byrds","floor":18,"turns":5},{"damage":7,"enemies":"Spheric Guardian","floor":20,"turns":3},{"damage":5,"floor":21,"turns":2},{"damage":5,"enemies":"Gremlin Leader","floor":23,"turns":4},{"damage":5,"enemies":"Chosen and Byrds","floor":24,"turns":3},{"damage":11,"enemies":"Centurion and Healer","floor":27,"turns":3},{"damage":12,"enemies":"Snecko","floor":29,"turns":4},{"damage":50,"enemies":"Book of Stabbing","floor":30,"turns":5},{"damage":19,"enemies":"Automaton","floor":33,"turns":4},{"damage":5,"enemies":"3 Darklings","floor":35,"turns":1},{"damage":22,"enemies":"Flame Bruiser 1 Orb","floor":36,"turns":3},{"damage":11,"enemies":"Transient","floor":39,"turns":5},{"damage":82,"enemies":"Nemesis","floor":41,"turns":5},{"damage":5,"enemies":"Flame Bruiser 2 Orb","floor":44,"turns":3},{"damage":5,"enemies":"2 Orb Walkers","floor":46,"turns":1},{"damage":31,"floor":48,"turns":4},{"damage":92,"enemies":"Donu and Deca","floor":50,"turns":7}],"seed_played":"2485924351037588893","potions_obtained":[{"floor":10,"key":"EssenceOfSteel"},{"floor":12,"key":"SteroidPotion"},{"floor":13,"key":"EssenceOfSteel"},{"floor":16,"key":"Dexterity Potion"},{"floor":18,"key":"Poison Potion"},{"floor":20,"key":"Strength Potion"},{"floor":24,"key":"FairyPotion"},{"floor":30,"key":"Block Potion"}],"is_trial":false,"path_per_floor":["M","$","M","M","M","R","?","R","T","E","?","E","M","?","R","B",null,"M","?","M","?","$","E","M","$","T","M","R","M","E","?","R","B",null,"M","M","?","$","M","R","E","R","T","M","R","E","R","?","R","B"],"character_chosen":"IRONCLAD","items_purchased":["Twin Strike+1","Inflame","Flex"],"campfire_rested":2,"item_purchase_floors":[22,25,38],"current_hp_per_floor":[80,80,78,80,76,76,76,76,76,64,57,57,63,43,43,29,80,76,76,75,80,80,80,80,80,80,75,75,74,43,43,43,63,80,80,73,73,73,84,84,8,48,62,98,98,98,98,79,98,70],"gold":107,"neow_bonus":"ONE_RANDOM_RARE_CARD","is_prod":false,"is_daily":false,"chose_seed":false,"campfire_upgraded":8,"win_rate":0,"timestamp":1533606566,"path_taken":["M","$","?","?","M","R","?","R","T","E","?","E","M","?","R","BOSS","M","?","M","?","$","E","M","$","T","M","R","M","E","?","R","BOSS","M","M","?","$","M","R","E","R","T","M","R","E","R","?","R","BOSS"],"build_version":"2018-08-02","purchased_purges":4,"victory":true,"max_hp_per_floor":[80,80,80,80,80,80,80,80,80,80,80,80,80,80,80,80,80,80,80,80,80,80,80,80,80,80,80,80,80,80,80,80,80,80,80,84,84,84,84,84,84,84,98,98,98,98,98,98,98,102],"card_choices":[{"not_picked":["Headbutt","Pommel Strike","Clothesline"],"picked":"SKIP","floor":1},{"not_picked":["Body Slam","Clothesline","Headbutt"],"picked":"SKIP","floor":3},{"not_picked":["Second Wind","Metallicize","Evolve"],"picked":"SKIP","floor":4},{"not_picked":["Pommel Strike","True Grit"],"picked":"Twin Strike","floor":5},{"not_picked":["Blood for Blood","Warcry","Anger"],"picked":"SKIP","floor":10},{"not_picked":["Havoc","Uppercut"],"picked":"Shrug It Off","floor":12},{"not_picked":["Rage","Inflame"],"picked":"Offering","floor":13},{"not_picked":["Demon Form","Dark Embrace"],"picked":"Reaper+1","floor":16},{"not_picked":["Clash+1","Havoc"],"picked":"Whirlwind+1","floor":18},{"not_picked":["Corruption","Warcry+1"],"picked":"Flex+1","floor":20},{"not_picked":["Uppercut+1","Body Slam+1"],"picked":"Limit Break","floor":23},{"not_picked":["Dual Wield","Sentinel"],"picked":"Headbutt+1","floor":24},{"not_picked":["Blood for Blood+1","Uppercut+1","Iron Wave+1"],"picked":"SKIP","floor":27},{"not_picked":["Carnage+1","Pommel Strike+1"],"picked":"Heavy Blade+1","floor":29},{"not_picked":["Twin Strike+1","Carnage+1"],"picked":"Heavy Blade+1","floor":30},{"not_picked":["Immolate+1","Brutality"],"picked":"Feed+1","floor":33},{"not_picked":["Warcry","Flex+1"],"picked":"Sword Boomerang+1","floor":35},{"not_picked":["Armaments+1","Intimidate+1"],"picked":"True Grit+1","floor":36},{"not_picked":["Evolve+1","Hemokinesis+1","Perfected Strike+1"],"picked":"SKIP","floor":39},{"not_picked":["Thunderclap+1","Disarm"],"picked":"Battle Trance","floor":41},{"not_picked":["Cleave+1","Havoc+1"],"picked":"Flex+1","floor":44},{"not_picked":["Body Slam+1","Clothesline+1","Thunderclap+1"],"picked":"SKIP","floor":46}],"player_experience":585884,"relics_obtained":[{"floor":9,"key":"Centennial Puzzle"},{"floor":10,"key":"Kunai"},{"floor":12,"key":"Molten Egg 2"},{"floor":21,"key":"Red Mask"},{"floor":23,"key":"Ornamental Fan"},{"floor":26,"key":"Juzu Bracelet"},{"floor":30,"key":"Regal Pillow"},{"floor":41,"key":"Matryoshka"},{"floor":43,"key":"Toxic Egg 2"},{"floor":43,"key":"Mango"},{"floor":46,"key":"Darkstone Periapt"},{"floor":48,"key":"Unceasing Top"}],"event_choices":[{"event_name":"The Cleric","player_choice":"Card Removal","floor":7,"damage_taken":0},{"event_name":"Golden Wing","player_choice":"Card Removal","floor":11,"damage_taken":0},{"event_name":"Golden Idol","player_choice":"Take Damage","floor":14,"damage_taken":0},{"event_name":"The Joust","player_choice":"Bet on Owner","floor":19,"damage_taken":0},{"event_name":"Masked Bandits","player_choice":"Fought over 232 gold","floor":21,"damage_taken":0},{"event_name":"Beggar","player_choice":"Gave Gold","floor":31,"damage_taken":0},{"event_name":"SecretPortal","player_choice":"Rejected Portal.","floor":37,"damage_taken":0},{"event_name":"MindBloom","player_choice":"Fight","floor":48,"damage_taken":0}],"is_beta":false,"boss_relics":[{"not_picked":["Black Blood","Astrolabe"],"picked":"Mark of Pain"},{"not_picked":["Snecko Eye","Coffee Dripper"],"picked":"Runic Dome"}],"items_purged_floors":[2,22,25,38],"is_endless":false,"potions_floor_spawned":[10,12,13,16,18,20,24,30,35,39,41,44],"ascension_level":0}