{"gold_per_floor":[119,131,149,149,74,103,103,103,103,103,121,153,167,196,196,297,297],"floor_reached":17,"playtime":829,"items_purged":["Defend_R"],"score":279,"play_id":"45f474c2-a01a-4fc6-8ffd-bda31c07d91d","local_time":"20180916121050","is_ascension_mode":true,"campfire_choices":[{"data":"Armaments","floor":7,"key":"SMITH"},{"data":"Bash","floor":10,"key":"SMITH"},{"floor":15,"key":"REST"}],"neow_cost":"PERCENT_DAMAGE","seed_source_timestamp":1532824176423706,"circlet_count":0,"master_deck":["Strike_R","Strike_R","Strike_R","Strike_R","Strike_R","Defend_R","Defend_R","Bash+1","Armaments+1","Rupture","Clash","Cleave","Sentinel","Inflame","Double Tap"],"relics":["Burning Blood","Nunchaku","Ginger","Du-Vu Doll","Champion Belt"],"potions_floor_usage":[16],"damage_taken":[{"damage":1,"enemies":"Cultist","floor":1,"turns":4},{"damage":8,"enemies":"Jaw Worm","floor":2,"turns":4},{"damage":0,"enemies":"Small Slimes","floor":3,"turns":3},{"damage":15,"enemies":"Lagavulin","floor":6,"turns":5},{"damage":14,"enemies":"Red Slaver","floor":11,"turns":3},{"damage":25,"enemies":"3 Sentries","floor":12,"turns":6},{"damage":6,"enemies":"Looter","floor":13,"turns":3},{"damage":17,"enemies":"Lagavulin","floor":14,"turns":5},{"damage":20,"enemies":"The Guardian","floor":16,"turns":7}],"seed_played":"-6975616836385982975","potions_obtained":[{"floor":2,"key":"Ancient Potion"},{"floor":12,"key":"AttackPotion"},{"floor":13,"key":"Fire Potion"},{"floor":16,"key":"Block Potion"}],"is_trial":false,"path_per_floor":["M","M","M","?","$","E","R","?","T","R","M","E","M","E","R","B"],"character_chosen":"IRONCLAD","items_purchased":[],"campfire_rested":1,"item_purchase_floors":[],"current_hp_per_floor":[69,67,73,73,73,64,64,64,64,64,56,37,37,26,54,40,40],"gold":297,"neow_bonus":"TWENTY_PERCENT_HP_BONUS","is_prod":false,"is_daily":false,"chose_seed":false,"campfire_upgraded":2,"win_rate":0,"timestamp":1537125050,"path_taken":["M","M","M","?","$","E","R","?","T","R","M","E","M","E","R","BOSS"],"build_version":"2018-09-06","purchased_purges":1,"victory":false,"max_hp_per_floor":[96,96,96,96,96,96,96,96,96,96,96,96,96,96,96,96,96],"card_choices":[{"not_picked":["Body Slam","Twin Strike"],"picked":"Armaments","floor":1},{"not_picked":["Clothesline","Pommel Strike"],"picked":"Rupture","floor":2},{"not_picked":["Power Through","Body Slam"],"picked":"Clash","floor":3},{"not_picked":["Berserk","Battle Trance"],"picked":"Cleave","floor":6},{"not_picked":["Disarm","Clothesline","Thunderclap"],"picked":"SKIP","floor":11},{"not_picked":["Clash","Warcry"],"picked":"Sentinel","floor":12},{"not_picked":["Headbutt","Armaments","Evolve"],"picked":"SKIP","floor":13},{"not_picked":["Twin Strike","Cleave"],"picked":"Inflame","floor":14},{"not_picked":["Juggernaut","Fiend Fire"],"picked":"Double Tap","floor":16}],"player_experience":813470,"relics_obtained":[{"floor":6,"key":"Nunchaku"},{"floor":9,"key":"Ginger"},{"floor":12,"key":"Du-Vu Doll"},{"floor":14,"key":"Champion Belt"}],"event_choices":[{"event_name":"Purifier","player_choice":"One Purge","floor":4,"damage_taken":0},{"event_name":"The Woman in Blue","player_choice":"Bought 0 Potions","floor":8,"damage_taken":0}],"is_beta":false,"boss_relics":[],"items_purged_floors":[5],"is_endless":false,"potions_floor_spawned":[2,12,13,16],"ascension_level":9}