{"gold_per_floor":[114,114,114,127,52,81,81,93,93,124,124,24,37,2,2,105,105,120,135,50,50],"floor_reached":21,"playtime":1414,"items_purged":["Defend_R","Strike_R"],"score":252,"play_id":"8fbec7e6-d81e-4adb-a8a9-217bfdd9938b","local_time":"20180820005502","is_ascension_mode":true,"campfire_choices":[{"floor":7,"key":"REST"},{"floor":11,"key":"REST"},{"floor":15,"key":"REST"}],"neow_cost":"NONE","seed_source_timestamp":243485307116923,"circlet_count":0,"master_deck":["Strike_R","Strike_R","Defend_R","Defend_R","Bash","Spot Weakness","Pummel","Heavy Blade","Heavy Blade","Dual Wield","Flex","Pommel Strike","Sword Boomerang","Double Tap","Heavy Blade","Demon Form","Flex"],"relics":["Orrery","Nunchaku","Pantograph","Letter Opener","Blue Candle","Empty Cage","Charon\u0027s Ashes"],"potions_floor_usage":[6,16],"damage_taken":[{"damage":7,"enemies":"Jaw Worm","floor":1,"turns":3},{"damage":8,"enemies":"Small Slimes","floor":4,"turns":4},{"damage":40,"enemies":"3 Sentries","floor":6,"turns":7},{"damage":0,"enemies":"2 Louse","floor":8,"turns":3},{"damage":35,"enemies":"Lagavulin","floor":10,"turns":5},{"damage":12,"enemies":"Looter","floor":13,"turns":3},{"damage":33,"enemies":"Slime Boss","floor":16,"turns":9},{"damage":21,"enemies":"3 Byrds","floor":18,"turns":5},{"damage":28,"enemies":"2 Thieves","floor":19,"turns":4},{"damage":30,"enemies":"Cultist and Chosen","floor":21,"turns":4}],"seed_played":"-6601388107614633755","potions_obtained":[{"floor":1,"key":"SkillPotion"},{"floor":13,"key":"FearPotion"},{"floor":16,"key":"FearPotion"}],"is_trial":false,"path_per_floor":["M","?","?","M","$","E","R","M","T","E","R","$","M","?","R","B",null,"M","M","?"],"character_chosen":"IRONCLAD","items_purchased":[],"campfire_rested":3,"item_purchase_floors":[],"current_hp_per_floor":[65,62,62,54,54,14,38,38,38,3,27,27,15,35,59,47,72,51,23,23,0],"gold":50,"neow_bonus":"BOSS_RELIC","is_prod":false,"is_daily":false,"chose_seed":false,"campfire_upgraded":0,"win_rate":0,"timestamp":1534751702,"path_taken":["M","?","?","M","$","E","R","M","T","E","R","$","M","?","R","BOSS","M","M","?","M"],"build_version":"2018-08-16","purchased_purges":2,"victory":false,"max_hp_per_floor":[80,80,80,80,80,80,80,80,80,80,80,80,80,80,80,80,80,80,80,80,80],"card_choices":[{"not_picked":["Twin Strike","Shrug It Off"],"picked":"Spot Weakness","floor":0},{"not_picked":["Flame Barrier","Uppercut"],"picked":"Pummel","floor":0},{"not_picked":["Wild Strike","Shrug It Off"],"picked":"Heavy Blade","floor":0},{"not_picked":["Rampage","Iron Wave"],"picked":"Heavy Blade","floor":0},{"not_picked":["Evolve","Sever Soul"],"picked":"Dual Wield","floor":0},{"not_picked":["Fiend Fire","Anger","Headbutt"],"picked":"SKIP","floor":1},{"not_picked":["Fire Breathing","Havoc"],"picked":"Flex","floor":4},{"not_picked":["Blood for Blood","Headbutt"],"picked":"Pommel Strike","floor":6},{"not_picked":["Shrug It Off","Twin Strike"],"picked":"Sword Boomerang","floor":8},{"not_picked":["Clash","Headbutt"],"picked":"Double Tap","floor":10},{"not_picked":["Anger","Headbutt"],"picked":"Heavy Blade","floor":13},{"not_picked":["Bludgeon","Double Tap"],"picked":"Demon Form","floor":16},{"not_picked":["Entrench","Headbutt+1"],"picked":"Flex","floor":18},{"not_picked":["Perfected Strike","Pommel Strike","Thunderclap"],"picked":"SKIP","floor":19}],"player_experience":690044,"relics_obtained":[{"floor":6,"key":"Pantograph"},{"floor":9,"key":"Letter Opener"},{"floor":10,"key":"Blue Candle"}],"event_choices":[{"event_name":"Scrap Ooze","player_choice":"success","floor":2,"damage_taken":3},{"event_name":"Living Wall","player_choice":"Forget","floor":3,"damage_taken":0},{"event_name":"The Cleric","player_choice":"Healed","floor":14,"damage_taken":0},{"event_name":"Addict","player_choice":"Obtained Relic","floor":20,"damage_taken":0}],"is_beta":false,"boss_relics":[{"not_picked":["Fusion Hammer","Black Star"],"picked":"Empty Cage"}],"items_purged_floors":[5,12],"is_endless":false,"potions_floor_spawned":[1,13,16],"killed_by":"Cultist and Chosen","ascension_level":7}