{"gold_per_floor":[118,43,62,62,72,72,72,72,72,97,115,128,128,28,28,124,124,140,15,33,43,43,43,55,88,168,18,18,18,29,41,41,144,144,158,176,0,11,11,11,11],"floor_reached":41,"playtime":4074,"items_purged":["Defend_B","Strike_B","Defend_B","Strike_B"],"score":718,"play_id":"28ee3ee9-458b-4f68-9f40-51d5b439570a","local_time":"20180913144536","is_ascension_mode":true,"campfire_choices":[{"data":"Rainbow","floor":6.0,"key":"SMITH"},{"data":"Zap","floor":8.0,"key":"SMITH"},{"floor":13.0,"key":"REST"},{"data":"Ball Lightning","floor":15.0,"key":"SMITH"},{"floor":23.0,"key":"REST"},{"data":"Rainbow","floor":28.0,"key":"SMITH"},{"data":"Conserve Battery","floor":32.0,"key":"SMITH"},{"data":"White Noise","floor":40,"key":"SMITH"}],"neow_cost":"NONE","seed_source_timestamp":0,"circlet_count":0,"master_deck":["Strike_B","Defend_B","Zap+1","Dualcast","AscendersBane","Rainbow+1","Conserve Battery+1","Melter","Doom and Gloom","Ball Lightning+1","Rainbow+1","Compile Driver","White Noise+1","Ball Lightning+1","Shame","Compile Driver+1","Cold Snap+1","Defragment+1"],"special_seed":0,"relics":["Cracked Core","Symbiotic Virus","Meat on the Bone","Velvet Choker","Molten Egg 2","Ornamental Fan","Frozen Egg 2","Lizard Tail","Red Mask","Peace Pipe"],"potions_floor_usage":[41,41],"damage_taken":[{"damage":3.0,"enemies":"Small Slimes","floor":1.0,"turns":3.0},{"damage":5.0,"enemies":"Jaw Worm","floor":3.0,"turns":3.0},{"damage":0.0,"enemies":"Cultist","floor":5.0,"turns":3.0},{"damage":16.0,"enemies":"Gremlin Nob","floor":10.0,"turns":3.0},{"damage":13.0,"enemies":"Large Slime","floor":11.0,"turns":3.0},{"damage":14.0,"enemies":"Exordium Wildlife","floor":12.0,"turns":4.0},{"damage":0.0,"enemies":"Slime Boss","floor":16.0,"turns":6.0},{"damage":7.0,"enemies":"Shell Parasite","floor":18.0,"turns":3.0},{"damage":3.0,"enemies":"Chosen","floor":20.0,"turns":3.0},{"damage":27.0,"enemies":"Centurion and Healer","floor":21.0,"turns":4.0},{"damage":17.0,"enemies":"Snake Plant","floor":24.0,"turns":3.0},{"damage":29.0,"enemies":"Gremlin Leader","floor":25.0,"turns":5.0},{"damage":5.0,"enemies":"Cultist and Chosen","floor":30.0,"turns":4.0},{"damage":15.0,"enemies":"3 Cultists","floor":31.0,"turns":4.0},{"damage":41.0,"enemies":"Collector","floor":33.0,"turns":8.0},{"damage":20,"enemies":"Orb Walker","floor":35,"turns":3},{"damage":54,"enemies":"3 Darklings","floor":36,"turns":4},{"damage":0,"enemies":"Sphere and 2 Shapes","floor":38,"turns":2},{"damage":0,"enemies":"Mind Bloom Boss Battle","floor":39,"turns":5},{"damage":79,"enemies":"Giant Head","floor":41,"turns":8}],"seed_played":"8523621322817448082","potions_obtained":[{"floor":12.0,"key":"Explosive Potion"},{"floor":16.0,"key":"Block Potion"},{"floor":21.0,"key":"AttackPotion"},{"floor":24.0,"key":"SpeedPotion"},{"floor":25.0,"key":"Fruit Juice"},{"floor":35,"key":"Poison Potion"},{"floor":36,"key":"SkillPotion"}],"is_trial":false,"path_per_floor":["M","$","M","?","M","R","?","R","T","E","M","M","R","$","R","B",null,"M","$","M","M","?","R","M","E","T","$","R","?","M","M","R","B",null,"M","M","?","M","?","R"],"character_chosen":"DEFECT","items_purchased":[],"campfire_rested":2,"item_purchase_floors":[],"current_hp_per_floor":[65,65,60,53,53,53,53,53,53,37,36,34,56,56,56,56,70,63,63,60,45,31,55,50,33,33,33,33,33,40,42,42,13,67,47,54,54,54,54,54,0],"gold":11,"neow_bonus":"ONE_RANDOM_RARE_CARD","is_prod":false,"is_daily":false,"chose_seed":false,"campfire_upgraded":6,"win_rate":0,"timestamp":1536875136,"path_taken":["M","$","M","?","M","R","?","R","T","E","M","M","R","$","R","BOSS","M","$","M","M","?","R","M","E","T","$","R","?","?","M","R","BOSS","M","?","?","?","?","R","E"],"build_version":"2018-09-06","purchased_purges":4,"victory":false,"max_hp_per_floor":[75,75,75,75,75,75,75,75,75,75,75,75,75,75,75,75,75,75,75,75,75,80,80,80,80,80,80,80,80,80,85,85,85,85,85,85,85,85,85,85,85],"card_choices":[{"not_picked":["Streamline","Go for the Eyes"],"picked":"Conserve Battery","floor":1.0},{"not_picked":["Turbo","Sweeping Beam","Sunder"],"picked":"SKIP","floor":3.0},{"not_picked":["Recycle","Ball Lightning"],"picked":"Melter","floor":5.0},{"not_picked":["Redo","Rebound"],"picked":"Doom and Gloom","floor":10.0},{"not_picked":["Scrape","Force Field","Static Discharge"],"picked":"SKIP","floor":11.0},{"not_picked":["Undo","Sweeping Beam"],"picked":"Ball Lightning","floor":12.0},{"not_picked":["Multi-Cast","Seek"],"picked":"Rainbow","floor":16.0},{"not_picked":["Lockon","Sweeping Beam","Hello World"],"picked":"SKIP","floor":18.0},{"not_picked":["Barrage","Sweeping Beam"],"picked":"Compile Driver","floor":20.0},{"not_picked":["Conserve Battery","Redo"],"picked":"White Noise","floor":21.0},{"not_picked":["Heatsinks","Stack"],"picked":"Ball Lightning+1","floor":24.0},{"not_picked":["FTL","Streamline","Reprogram"],"picked":"SKIP","floor":25.0},{"not_picked":["Gash+1","Darkness","Scrape+1"],"picked":"SKIP","floor":30.0},{"not_picked":["Beam Cell+1","Consume+1","Steam"],"picked":"SKIP","floor":31.0},{"not_picked":["Sweeping Beam+1","Turbo+1"],"picked":"Compile Driver+1","floor":35},{"not_picked":["Sweeping Beam+1","Sunder+1"],"picked":"Cold Snap+1","floor":36},{"not_picked":["Undo+1","Conserve Battery+1"],"picked":"Defragment+1","floor":38}],"player_experience":793523,"relics_obtained":[{"floor":9.0,"key":"Symbiotic Virus"},{"floor":10.0,"key":"Meat on the Bone"},{"floor":25.0,"key":"Molten Egg 2"},{"floor":26.0,"key":"Ornamental Fan"},{"floor":39,"key":"Peace Pipe"}],"event_choices":[{"event_name":"Golden Wing","player_choice":"Card Removal","floor":4.0,"damage_taken":0.0},{"event_name":"Bonfire Elementals","player_choice":"BASIC","floor":7.0,"damage_taken":0.0},{"event_name":"Forgotten Altar","player_choice":"Shed Blood","floor":22.0,"damage_taken":0.0},{"event_name":"Addict","player_choice":"Stole Relic","floor":29.0,"damage_taken":0.0},{"event_name":"Tomb of Lord Red Mask","player_choice":"Paid","floor":37,"damage_taken":0},{"event_name":"MindBloom","player_choice":"Fight","floor":39,"damage_taken":0}],"is_beta":false,"boss_relics":[{"not_picked":["Black Star","Tiny House"],"picked":"Velvet Choker"},{"not_picked":["FrozenCore","Coffee Dripper"],"picked":"Lizard Tail"}],"items_purged_floors":[2,14,19,27],"is_endless":false,"potions_floor_spawned":[12,16,21,24,25,35,36],"killed_by":"Giant Head","ascension_level":11}