{"gold_per_floor":[119,44,61,79,92,92,107,133,158,158,176,176,201,221,221,319,319,335,187,187,187,62,62,90,120,132,159,171],"floor_reached":28,"playtime":1660,"items_purged":["Defend_G","Defend_G","Defend_G"],"score":300,"play_id":"72ae2587-bc43-4830-b1aa-2d442379710c","local_time":"20180819002735","is_ascension_mode":true,"campfire_choices":[{"data":"Dagger Spray","floor":6.0,"key":"SMITH"},{"floor":10.0,"key":"REST"},{"data":"Storm of Steel","floor":12.0,"key":"SMITH"},{"floor":15.0,"key":"REST"},{"data":"Reflex","floor":23,"key":"SMITH"}],"neow_cost":"PERCENT_DAMAGE","seed_source_timestamp":0,"circlet_count":0,"master_deck":["Defend_G","Defend_G","Strike_G+1","Strike_G","Strike_G+1","Survivor","Neutralize","Glass Knife","Underhanded Strike","Dagger Spray+1","Backflip","Reflex+1","Storm of Steel+1","All Out Attack","Acrobatics","Tools of the Trade","Dagger Throw","Terror","Prepared+1"],"special_seed":0,"relics":["Ring of the Snake","Pen Nib","Whetstone","Snake Skull","Runic Dome","MawBank","Smiling Mask"],"potions_floor_usage":[],"damage_taken":[{"damage":0.0,"enemies":"Jaw Worm","floor":1.0,"turns":3.0},{"damage":0.0,"enemies":"Cultist","floor":3.0,"turns":4.0},{"damage":0.0,"enemies":"Small Slimes","floor":4.0,"turns":2.0},{"damage":0.0,"enemies":"Looter","floor":5.0,"turns":2.0},{"damage":3.0,"enemies":"2 Fungi Beasts","floor":7.0,"turns":3.0},{"damage":30.0,"enemies":"Lagavulin","floor":8.0,"turns":6.0},{"damage":0.0,"enemies":"Large Slime","floor":11.0,"turns":3.0},{"damage":9.0,"enemies":"3 Sentries","floor":13.0,"turns":5.0},{"damage":2.0,"enemies":"Exordium Wildlife","floor":14.0,"turns":2.0},{"damage":35.0,"enemies":"Hexaghost","floor":16.0,"turns":11.0},{"damage":12,"enemies":"Shell Parasite","floor":18,"turns":3},{"damage":36,"enemies":"Slavers","floor":24,"turns":3},{"damage":1,"enemies":"3 Byrds","floor":25,"turns":3},{"damage":16,"enemies":"Centurion and Healer","floor":27,"turns":4},{"damage":12,"enemies":"Chosen and Byrds","floor":28,"turns":4}],"seed_played":"7482834933150457925","potions_obtained":[{"floor":3.0,"key":"EssenceOfSteel"},{"floor":4.0,"key":"Dexterity Potion"},{"floor":7.0,"key":"FearPotion"},{"floor":11.0,"key":"GhostInAJar"},{"floor":13.0,"key":"Block Potion"},{"floor":25,"key":"AttackPotion"}],"is_trial":false,"path_per_floor":["M","$","M","M","M","R","M","E","T","R","M","R","E","M","R","B",null,"M","$","?","?","$","R","E","M","T","M"],"character_chosen":"THE_SILENT","items_purchased":["Dagger Throw"],"campfire_rested":2,"item_purchase_floors":[19],"current_hp_per_floor":[49,49,49,49,49,49,46,16,16,37,37,37,28,26,47,12,70,58,58,58,58,58,58,22,21,21,5,0],"gold":171,"neow_bonus":"THREE_RARE_CARDS","is_prod":false,"is_daily":false,"chose_seed":false,"campfire_upgraded":3,"win_rate":0,"timestamp":1534663655,"path_taken":["M","$","M","M","M","R","M","E","T","R","M","R","E","M","R","BOSS","M","$","?","?","?","R","E","M","T","?","M"],"build_version":"2018-08-16","purchased_purges":3,"victory":false,"max_hp_per_floor":[70,70,70,70,70,70,70,70,70,70,70,70,70,70,70,70,70,70,70,70,70,70,70,70,70,70,70,70],"card_choices":[{"not_picked":["Venomology","Malaise"],"picked":"Glass Knife","floor":0.0},{"not_picked":["PiercingWail","Deflect"],"picked":"Underhanded Strike","floor":1.0},{"not_picked":["Blade Dance","Deadly Poison"],"picked":"Dagger Spray","floor":3.0},{"not_picked":["Bane","Dodge and Roll"],"picked":"Backflip","floor":4.0},{"not_picked":["Deflect","PiercingWail","Backflip"],"picked":"SKIP","floor":5.0},{"not_picked":["Dagger Spray","Underhanded Strike"],"picked":"Reflex","floor":7.0},{"not_picked":["PiercingWail","Outmaneuver"],"picked":"Storm of Steel","floor":8.0},{"not_picked":["Dagger Spray","Quick Slash","Distraction"],"picked":"SKIP","floor":11.0},{"not_picked":["Blur","Flying Knee"],"picked":"All Out Attack","floor":13.0},{"not_picked":["Flying Knee","Quick Slash"],"picked":"Acrobatics","floor":14.0},{"not_picked":["Burst","Doppelganger"],"picked":"Tools of the Trade","floor":16.0},{"not_picked":["Backflip","Accuracy","Outmaneuver+1"],"picked":"SKIP","floor":18},{"not_picked":["Noxious Fumes+1","Riddle With Holes"],"picked":"Terror","floor":24},{"not_picked":["PiercingWail+1","Poisoned Stab"],"picked":"Prepared+1","floor":25},{"not_picked":["Predator+1","Slice","Cloak And Dagger"],"picked":"SKIP","floor":27}],"player_experience":676986,"relics_obtained":[{"floor":8.0,"key":"Pen Nib"},{"floor":9.0,"key":"Whetstone"},{"floor":13.0,"key":"Snake Skull"},{"floor":24,"key":"MawBank"},{"floor":26,"key":"Smiling Mask"}],"event_choices":[{"event_name":"Bonfire Elementals","player_choice":"BASIC","floor":20,"damage_taken":0},{"event_name":"Back to Basics","player_choice":"Elegance","floor":21,"damage_taken":0}],"is_beta":false,"boss_relics":[{"not_picked":["Pandora\u0027s Box","Snecko Eye"],"picked":"Runic Dome"}],"items_purged_floors":[2,19,22],"is_endless":false,"potions_floor_spawned":[3,4,7,11,13,25],"killed_by":"Chosen and Byrds","ascension_level":4}