{"gold_per_floor":[111,131,148,166,184,212,212,239,239,239,142,142,160,86,86,190,240,257,257,257,269,281,281,307,307],"floor_reached":25,"playtime":1351,"items_purged":["Strike_B","Zap"],"score":293,"play_id":"26afa89b-d63b-4445-8261-fa699e011f64","local_time":"20180810135038","is_ascension_mode":true,"campfire_choices":[{"floor":7,"key":"REST"},{"floor":10,"key":"REST"},{"floor":15,"key":"REST"},{"floor":23,"key":"REST"}],"neow_cost":"NONE","seed_source_timestamp":537039327921662,"circlet_count":0,"master_deck":["Strike_B","Strike_B","Strike_B","Defend_B","Defend_B","Defend_B","Dualcast","Streamline","FTL","Streamline","Steam Power","All For One+1","Gash","Streamline","Redo","All For One","Reprogram","Redo","Gash+1","Redo","Buffer"],"relics":["Fusion Hammer","Calipers","Smiling Mask","Symbiotic Virus","Tiny House","Mango"],"potions_floor_usage":[22,24],"damage_taken":[{"damage":0,"enemies":"Cultist","floor":1,"turns":3},{"damage":0,"enemies":"Small Slimes","floor":2,"turns":3},{"damage":0,"enemies":"2 Louse","floor":3,"turns":2},{"damage":13,"enemies":"Large Slime","floor":4,"turns":5},{"damage":3,"enemies":"Blue Slaver","floor":5,"turns":4},{"damage":20,"enemies":"Lagavulin","floor":6,"turns":6},{"damage":19,"enemies":"3 Sentries","floor":8,"turns":6},{"damage":1,"enemies":"Looter","floor":13,"turns":2},{"damage":51,"enemies":"Hexaghost","floor":16,"turns":6},{"damage":20,"enemies":"Spheric Guardian","floor":18,"turns":4},{"damage":18,"enemies":"2 Thieves","floor":21,"turns":3},{"damage":0,"enemies":"Snecko","floor":22,"turns":2},{"damage":54,"enemies":"Book of Stabbing","floor":24,"turns":4},{"damage":17,"enemies":"3 Cultists","floor":25,"turns":3}],"seed_played":"828144179308859159","potions_obtained":[{"floor":4,"key":"Regen Potion"},{"floor":5,"key":"SpeedPotion"},{"floor":8,"key":"PowerPotion"},{"floor":17,"key":"Energy Potion"},{"floor":22,"key":"SteroidPotion"},{"floor":24,"key":"Poison Potion"}],"is_trial":false,"path_per_floor":["M","M","M","M","M","E","R","E","T","R","$","?","M","$","R","B",null,"M","?","?","M","M","R","E"],"character_chosen":"DEFECT","items_purchased":["Gash","Redo"],"campfire_rested":4,"item_purchase_floors":[11,14],"current_hp_per_floor":[75,75,75,62,59,39,61,42,42,64,64,64,63,63,75,24,80,60,45,45,27,32,57,17,0],"gold":307,"neow_bonus":"BOSS_RELIC","is_prod":false,"is_daily":false,"chose_seed":false,"campfire_upgraded":0,"win_rate":0,"timestamp":1533934238,"path_taken":["M","M","M","M","M","E","R","E","T","R","$","?","M","$","R","BOSS","M","?","?","M","?","R","E","M"],"build_version":"2018-08-02","purchased_purges":2,"victory":false,"max_hp_per_floor":[75,75,75,75,75,75,75,75,75,75,75,75,75,75,75,75,80,80,85,85,85,85,85,99,99],"card_choices":[{"not_picked":["Stack","Barrage"],"picked":"Streamline","floor":1},{"not_picked":["Conserve Battery","Chaos","Coolheaded"],"picked":"SKIP","floor":2},{"not_picked":["Stack","Ball Lightning"],"picked":"FTL","floor":3},{"not_picked":["Stack","Conserve Battery","Force Field"],"picked":"SKIP","floor":4},{"not_picked":["Double Energy","Conserve Battery"],"picked":"Streamline","floor":5},{"not_picked":["Coolheaded","Rainbow"],"picked":"Steam Power","floor":6},{"not_picked":["Reboot","Melter"],"picked":"All For One","floor":8},{"not_picked":["Cold Snap","Sweeping Beam"],"picked":"Streamline","floor":13},{"not_picked":["Rainbow","Seek"],"picked":"All For One","floor":16},{"not_picked":["Tempest","Leap"],"picked":"Reprogram","floor":17},{"not_picked":["Stack","Turbo"],"picked":"Redo","floor":18},{"not_picked":["Steam","Cold Snap"],"picked":"Gash+1","floor":21},{"not_picked":["Streamline","Chaos"],"picked":"Redo","floor":22},{"not_picked":["Heatsinks","Echo Form"],"picked":"Buffer","floor":24}],"player_experience":592088,"relics_obtained":[{"floor":6,"key":"Calipers"},{"floor":8,"key":"Smiling Mask"},{"floor":9,"key":"Symbiotic Virus"},{"floor":24,"key":"Mango"}],"event_choices":[{"event_name":"Living Wall","player_choice":"Forget","floor":12,"damage_taken":0},{"event_name":"Forgotten Altar","player_choice":"Shed Blood","floor":19,"damage_taken":0},{"event_name":"Vampires","player_choice":"Ignored","floor":20,"damage_taken":0}],"is_beta":false,"boss_relics":[{"not_picked":["Philosopher\u0027s Stone","Sozu"],"picked":"Tiny House"}],"items_purged_floors":[11,14],"is_endless":false,"potions_floor_spawned":[4,5,8,22,24],"killed_by":"3 Cultists","ascension_level":3}