{"gold_per_floor":[117,131,2,0,0,0,40,40,40,40,80,109,109,130,130,250,250,269,368,368,59,73,73,24,24],"floor_reached":25,"playtime":2027,"items_purged":["Strike_B","Strike_B"],"score":230,"play_id":"eda0bcde-5543-4b31-ab67-c6af824f22c9","local_time":"20190813122259","is_ascension_mode":false,"campfire_choices":[{"data":"Zap","floor":6,"key":"SMITH"},{"data":"Dualcast","floor":10,"key":"SMITH"},{"data":"Barrage","floor":15,"key":"SMITH"},{"data":"Creative AI","floor":23,"key":"SMITH"}],"neow_cost":"NONE","seed_source_timestamp":182666014688000,"circlet_count":0,"master_deck":["Strike_B","Defend_B","Defend_B","Defend_B","Defend_B","Zap+1","Dualcast+1","Go for the Eyes+1","Cold Snap","Ball Lightning","Thunder Strike","Darkness","Barrage+1","Steam","Creative AI+1","Sweeping Beam","Darkness","Reboot","Hologram","Hello World","Consume","Beam Cell"],"relics":["Cracked Core","NeowsBlessing","Golden Idol","Oddly Smooth Stone","Darkstone Periapt","Torii","Odd Mushroom","Nuclear Battery"],"potions_floor_usage":[16,16],"damage_taken":[{"damage":0,"enemies":"Small Slimes","floor":1,"turns":2},{"damage":0,"enemies":"Jaw Worm","floor":2,"turns":1},{"damage":0,"enemies":"Lagavulin","floor":7,"turns":1},{"damage":10,"enemies":"3 Sentries","floor":11,"turns":7},{"damage":2,"enemies":"The Mushroom Lair","floor":12,"turns":5},{"damage":0,"enemies":"2 Louse","floor":14,"turns":2},{"damage":4,"enemies":"Hexaghost","floor":16,"turns":8},{"damage":9,"enemies":"Shell Parasite","floor":18,"turns":5},{"damage":19,"enemies":"2 Thieves","floor":22,"turns":4},{"damage":53,"enemies":"Gremlin Leader","floor":25,"turns":10}],"seed_played":"508597388964466320","potions_obtained":[{"floor":2,"key":"Strength Potion"},{"floor":7,"key":"Dexterity Potion"},{"floor":12,"key":"SneckoOil"},{"floor":16,"key":"Swift Potion"},{"floor":18,"key":"Dexterity Potion"}],"is_trial":false,"path_per_floor":["M","M","$","?","?","R","E","?","T","R","E","?","?","M","R","B",null,"M","?","?","$","M","R","$","E"],"character_chosen":"DEFECT","items_purchased":["Ball Lightning","Reboot","Hologram","Hello World","Beam Cell"],"campfire_rested":0,"item_purchase_floors":[3,21,21,21,24],"current_hp_per_floor":[75,75,75,75,69,69,69,62,62,62,52,50,50,50,50,46,69,60,60,60,60,41,41,41,0],"gold":24,"neow_bonus":"THREE_ENEMY_KILL","is_prod":false,"is_daily":false,"chose_seed":false,"campfire_upgraded":4,"win_rate":0.0,"timestamp":1565670179,"path_taken":["M","M","$","?","?","R","E","?","T","R","E","?","?","M","R","BOSS","M","?","?","$","?","R","?","E"],"build_version":"2019-07-17","purchased_purges":2,"victory":false,"max_hp_per_floor":[75,75,75,75,69,69,69,69,69,69,69,69,69,69,69,69,69,69,69,69,69,69,69,69,69],"card_choices":[{"not_picked":["Blizzard","Coolheaded"],"picked":"Go for the Eyes","floor":1},{"not_picked":["Ball Lightning","Go for the Eyes"],"picked":"Cold Snap","floor":2},{"not_picked":["Rip and Tear","Undo"],"picked":"Thunder Strike","floor":7},{"not_picked":["Fusion","Doom and Gloom"],"picked":"Darkness","floor":11},{"not_picked":["Leap","Steam Power"],"picked":"Barrage","floor":12},{"not_picked":["Force Field","Genetic Algorithm"],"picked":"Steam","floor":14},{"not_picked":["Fission","Buffer"],"picked":"Creative AI","floor":16},{"not_picked":["Stack","Darkness+1"],"picked":"Sweeping Beam","floor":18},{"not_picked":["Go for the Eyes+1","Streamline"],"picked":"Consume","floor":22}],"player_experience":99667,"relics_obtained":[{"floor":7,"key":"Oddly Smooth Stone"},{"floor":9,"key":"Darkstone Periapt"},{"floor":11,"key":"Torii"},{"floor":12,"key":"Odd Mushroom"}],"event_choices":[{"damage_healed":0,"gold_gain":0,"player_choice":"Left Gold","damage_taken":0,"max_hp_gain":0,"max_hp_loss":0,"event_name":"World of Goop","floor":4,"gold_loss":2},{"damage_healed":0,"gold_gain":0,"player_choice":"Lose Max HP","damage_taken":0,"relics_obtained":["Golden Idol"],"max_hp_gain":0,"max_hp_loss":6,"event_name":"Golden Idol","floor":5,"gold_loss":0},{"cards_removed":["Strike_B"],"damage_healed":0,"gold_gain":0,"player_choice":"Card Removal","damage_taken":7,"max_hp_gain":0,"max_hp_loss":0,"event_name":"Golden Wing","floor":8,"gold_loss":0},{"damage_healed":0,"gold_gain":0,"player_choice":"Fought Mushrooms","damage_taken":0,"max_hp_gain":0,"max_hp_loss":0,"event_name":"Mushrooms","floor":12,"gold_loss":0},{"damage_healed":0,"gold_gain":0,"player_choice":"Forge","damage_taken":0,"max_hp_gain":0,"max_hp_loss":0,"event_name":"Accursed Blacksmith","floor":13,"gold_loss":0,"cards_upgraded":["Go for the Eyes"]},{"damage_healed":0,"gold_gain":99,"player_choice":"Stole From Cult","damage_taken":0,"max_hp_gain":0,"max_hp_loss":0,"event_name":"Nest","floor":19,"gold_loss":0},{"damage_healed":0,"gold_gain":0,"player_choice":"1 cards matched","damage_taken":0,"max_hp_gain":0,"max_hp_loss":0,"event_name":"Match and Keep!","floor":20,"gold_loss":0,"cards_obtained":["Darkness"]}],"is_beta":false,"boss_relics":[{"not_picked":["Runic Pyramid","Runic Dome"],"picked":"Nuclear Battery"}],"items_purged_floors":[3,21],"is_endless":false,"potions_floor_spawned":[2,7,12,16,18,22],"killed_by":"Gremlin Leader","ascension_level":0}