{"gold_per_floor":[111,286,286,306,306,306,306,344,344,344,46,65,108,128,128,252,252,267,192,192,45,45,45,45,45,68,68,87,118,130,167,179,322,334,360,372,399,321,358,370,406,436,448,376,391,155,174,190,190,190],"floor_reached":51,"playtime":995,"items_purged":["Defend_R","Defend_R","Hemokinesis","Sword Boomerang"],"score":825,"play_id":"9b149fa1-8084-4974-89d9-c968936a8269","local_time":"20190723174831","is_ascension_mode":false,"campfire_choices":[{"data":"Bash","floor":6.0,"key":"SMITH"},{"floor":10.0,"key":"REST"},{"data":"Heavy Blade","floor":15.0,"key":"SMITH"},{"data":"Perfected Strike","floor":23.0,"key":"SMITH"},{"data":"Perfected Strike","floor":25.0,"key":"SMITH"},{"data":"Perfected Strike","floor":27.0,"key":"SMITH"},{"data":"Dual Wield","floor":30.0,"key":"SMITH"},{"data":"Pommel Strike","floor":32.0,"key":"SMITH"},{"data":"Double Tap","floor":40.0,"key":"SMITH"},{"floor":49.0,"key":"REST"}],"neow_cost":"NONE","seed_source_timestamp":0,"circlet_count":0,"master_deck":["Strike_R+1","Strike_R","Strike_R+1","Strike_R","Bash+1","Twin Strike+1","Heavy Blade+1","Perfected Strike+1","Pommel Strike+1","Reaper","Sword Boomerang","Limit Break","Wild Strike+1","Perfected Strike+1","Perfected Strike+1","Twin Strike+1","Dual Wield+1","Perfected Strike+1","Twin Strike","Pommel Strike+1","Double Tap+1","Pummel+1","Pommel Strike+1","Pommel Strike","Inflame+1","Headbutt","Twin Strike+1","Dual Wield","Perfected Strike+1","Disarm","Offering","Twin Strike+1"],"special_seed":0,"relics":["Burning Blood","PreservedInsect","Golden Idol","Prayer Wheel","Mercury Hourglass","Red Skull","Vajra","Blood Vial","Sozu","Smiling Mask","MawBank","Mark of Pain","Dodecahedron","Centennial Puzzle"],"potions_floor_usage":[],"damage_taken":[{"damage":11.0,"enemies":"Jaw Worm","floor":1.0,"turns":2.0},{"damage":5.0,"enemies":"Small Slimes","floor":4.0,"turns":5.0},{"damage":21.0,"enemies":"3 Sentries","floor":8.0,"turns":6.0},{"damage":2.0,"enemies":"2 Louse","floor":12.0,"turns":2.0},{"damage":3.0,"enemies":"Gremlin Nob","floor":13.0,"turns":2.0},{"damage":0.0,"enemies":"2 Fungi Beasts","floor":14.0,"turns":2.0},{"damage":49.0,"enemies":"Hexaghost","floor":16.0,"turns":6.0},{"damage":33.0,"enemies":"Shell Parasite","floor":18.0,"turns":3.0},{"damage":10.0,"enemies":"Chosen","floor":28.0,"turns":2.0},{"damage":12.0,"enemies":"Slavers","floor":29.0,"turns":2.0},{"damage":24.0,"enemies":"Snake Plant","floor":31.0,"turns":2.0},{"damage":28.0,"enemies":"Champ","floor":33.0,"turns":5.0},{"damage":0.0,"enemies":"3 Shapes","floor":35.0,"turns":2.0},{"damage":0.0,"enemies":"Orb Walker","floor":37.0,"turns":1.0},{"damage":5.0,"enemies":"Sphere and 2 Shapes","floor":39.0,"turns":2.0},{"damage":0.0,"enemies":"Spire Growth","floor":41.0,"turns":2.0},{"damage":31.0,"enemies":"Writhing Mass","floor":42.0,"turns":3.0},{"damage":20.0,"enemies":"Jaw Worm Horde","floor":45.0,"turns":2.0},{"damage":10.0,"enemies":"3 Darklings","floor":47.0,"turns":2.0},{"damage":3.0,"enemies":"Sphere and 2 Shapes","floor":48.0,"turns":2.0},{"damage":48,"enemies":"Time Eater","floor":50,"turns":3}],"seed_played":"-1838620055496832008","potions_obtained":[{"floor":12.0,"key":"Explosive Potion"},{"floor":14.0,"key":"Poison Potion"},{"floor":16.0,"key":"Strength Potion"}],"is_trial":false,"path_per_floor":["M","?","?","M","?","R","?","E","T","R","$","M","E","M","R","B",null,"M","$","?","$","?","R","?","R","T","R","M","E","R","M","R","B",null,"M","?","M","?","M","R","M","M","T","$","M","$","M","M","R","B",null],"character_chosen":"IRONCLAD","items_purchased":["Red Skull","Vajra","Perfected Strike","Dual Wield","Centennial Puzzle","Disarm"],"campfire_rested":2,"item_purchase_floors":[11,11,21,44,46,46],"current_hp_per_floor":[75,75,55,56,40,40,33,18,18,42,42,46,49,57,57,21,80,62,62,62,62,62,62,80,80,80,80,76,72,72,56,56,36,80,80,80,80,80,80,80,80,55,55,55,43,43,41,46,70,30],"gold":190,"neow_bonus":"RANDOM_COMMON_RELIC","is_prod":false,"is_daily":false,"chose_seed":false,"campfire_upgraded":8,"win_rate":0,"timestamp":1563929311,"path_taken":["M","?","?","M","?","R","?","E","T","R","$","?","E","M","R","BOSS","M","$","?","$","?","R","?","R","T","R","M","E","R","?","R","BOSS","M","?","M","?","?","R","M","M","T","$","?","$","M","M","R","BOSS"],"build_version":"2019-07-17","purchased_purges":4,"victory":true,"max_hp_per_floor":[80,80,80,80,80,80,80,80,80,80,80,80,80,80,80,80,80,80,80,80,80,80,80,80,80,80,80,80,80,80,80,80,80,80,80,80,80,80,80,80,80,80,80,80,80,80,80,80,80,80],"card_choices":[{"not_picked":["Pommel Strike","Shrug It Off"],"picked":"Twin Strike","floor":1.0},{"not_picked":["Sever Soul","Bloodletting"],"picked":"Heavy Blade","floor":4.0},{"not_picked":["Cleave","Shrug It Off"],"picked":"Perfected Strike","floor":8.0},{"not_picked":["Searing Blow","Fiend Fire"],"picked":"Pommel Strike","floor":12.0},{"not_picked":["Fire Breathing","Seeing Red"],"picked":"Hemokinesis","floor":12.0},{"not_picked":["Cleave","Havoc","Shrug It Off"],"picked":"SKIP","floor":13.0},{"not_picked":["Sword Boomerang","Heavy Blade"],"picked":"Reaper","floor":14.0},{"not_picked":["Bloodletting","Evolve"],"picked":"Sword Boomerang","floor":14.0},{"not_picked":["Dark Embrace","Offering"],"picked":"Limit Break","floor":16.0},{"not_picked":["Hemokinesis","Dropkick"],"picked":"Wild Strike+1","floor":18.0},{"not_picked":["Anger","Disarm"],"picked":"Sword Boomerang","floor":18.0},{"not_picked":["Anger","Clothesline"],"picked":"Twin Strike+1","floor":28.0},{"not_picked":["Cleave+1","Infernal Blade+1"],"picked":"Dual Wield","floor":28.0},{"not_picked":["Twin Strike","Ghostly Armor"],"picked":"Perfected Strike+1","floor":29.0},{"not_picked":["Anger","Fiend Fire"],"picked":"Twin Strike","floor":31.0},{"not_picked":["Second Wind","Sentinel"],"picked":"Pommel Strike+1","floor":31.0},{"not_picked":["Feed","Demon Form"],"picked":"Double Tap","floor":33.0},{"not_picked":["Warcry+1","Sentinel+1"],"picked":"Pummel+1","floor":35.0},{"not_picked":["Sword Boomerang","Cleave+1"],"picked":"Pommel Strike+1","floor":35.0},{"not_picked":["Warcry+1","Wild Strike+1"],"picked":"Pommel Strike","floor":37.0},{"not_picked":["Spot Weakness+1","Seeing Red"],"picked":"Inflame+1","floor":37.0},{"not_picked":["Whirlwind","Anger"],"picked":"Headbutt","floor":39.0},{"not_picked":["Body Slam+1","Clash","Reckless Charge+1"],"picked":"SKIP","floor":39.0},{"not_picked":["Body Slam","Wild Strike+1"],"picked":"Twin Strike+1","floor":41.0},{"not_picked":["Body Slam","Immolate","Anger+1"],"picked":"SKIP","floor":41.0},{"not_picked":["Sword Boomerang","Iron Wave+1","Uppercut"],"picked":"SKIP","floor":42.0},{"not_picked":["Carnage","True Grit+1","Blood for Blood"],"picked":"SKIP","floor":42.0},{"not_picked":["Armaments+1","Searing Blow+1"],"picked":"Perfected Strike+1","floor":45.0},{"not_picked":["Searing Blow+1","Headbutt+1","Uppercut+1"],"picked":"SKIP","floor":45.0},{"not_picked":["Shrug It Off","Sword Boomerang"],"picked":"Offering","floor":47.0},{"not_picked":["Cleave","Clothesline+1","Inflame"],"picked":"SKIP","floor":47.0},{"not_picked":["Armaments+1","Pummel+1"],"picked":"Twin Strike+1","floor":48.0},{"not_picked":["Second Wind","Burning Pact+1","Warcry"],"picked":"SKIP","floor":48.0}],"player_experience":1445999,"relics_obtained":[{"floor":8.0,"key":"Prayer Wheel"},{"floor":9.0,"key":"Mercury Hourglass"},{"floor":13.0,"key":"Blood Vial"},{"floor":26.0,"key":"Smiling Mask"},{"floor":29.0,"key":"MawBank"},{"floor":43.0,"key":"Dodecahedron"}],"event_choices":[{"damage_healed":0.0,"max_hp_gain":0.0,"max_hp_loss":0.0,"gold_gain":175.0,"event_name":"Liars Game","player_choice":"AGREE","floor":2.0,"gold_loss":0.0,"damage_taken":0.0,"cards_obtained":["Doubt"]},{"damage_healed":0.0,"max_hp_gain":0.0,"max_hp_loss":0.0,"gold_gain":0.0,"event_name":"Golden Idol","player_choice":"Take Damage","floor":3.0,"gold_loss":0.0,"damage_taken":20.0,"relics_obtained":["Golden Idol"]},{"damage_healed":0.0,"max_hp_gain":0.0,"max_hp_loss":0.0,"gold_gain":0.0,"event_name":"Shining Light","player_choice":"Entered Light","floor":5.0,"gold_loss":0.0,"damage_taken":16.0,"cards_upgraded":["Strike_R","Twin Strike"]},{"cards_removed":["Doubt"],"damage_healed":0.0,"max_hp_gain":0.0,"max_hp_loss":0.0,"gold_gain":0.0,"event_name":"Golden Wing","player_choice":"Card Removal","floor":7.0,"gold_loss":0.0,"damage_taken":7.0},{"damage_healed":0.0,"max_hp_gain":0.0,"max_hp_loss":0.0,"gold_gain":0.0,"event_name":"The Library","player_choice":"Read","floor":20.0,"gold_loss":0.0,"damage_taken":0.0,"cards_obtained":["Perfected Strike"]},{"cards_removed":["Defend_R"],"damage_healed":0.0,"max_hp_gain":0.0,"max_hp_loss":0.0,"gold_gain":0.0,"event_name":"Back to Basics","player_choice":"Elegance","floor":22.0,"gold_loss":0.0,"damage_taken":0.0},{"damage_healed":18.0,"max_hp_gain":0.0,"max_hp_loss":0.0,"gold_gain":0.0,"event_name":"Wheel of Change","player_choice":"Full Heal","floor":24.0,"gold_loss":0.0,"damage_taken":0.0},{"cards_removed":["Strike_R"],"damage_healed":0.0,"max_hp_gain":0.0,"max_hp_loss":0.0,"gold_gain":0.0,"event_name":"Falling","player_choice":"Removed Attack","floor":36.0,"gold_loss":0.0,"damage_taken":0.0},{"cards_removed":["Defend_R"],"damage_healed":0.0,"max_hp_gain":0.0,"max_hp_loss":0.0,"gold_gain":0.0,"event_name":"Designer","player_choice":"Upgrade and Remove","floor":38.0,"gold_loss":90.0,"damage_taken":0.0,"cards_upgraded":["Strike_R"]}],"is_beta":false,"boss_relics":[{"not_picked":["Tiny House","Astrolabe"],"picked":"Sozu"},{"not_picked":["Pandora\u0027s Box","Black Blood"],"picked":"Mark of Pain"}],"items_purged_floors":[19,21,44,46],"is_endless":false,"potions_floor_spawned":[12,14,16,18,33,37,42,47],"ascension_level":0}