{"gold_per_floor":[18,35,35,52,66,96,96,154,177,31,31,31,31,65,65,163,163,175,175,194,58,78,78],"floor_reached":23,"playtime":2043,"items_purged":[],"score":334,"play_id":"77be20ac-5ee1-43ac-9130-9e731d258d60","local_time":"20181025050449","is_ascension_mode":true,"campfire_choices":[{"data":"Storm","floor":7.0,"key":"SMITH"},{"floor":13.0,"key":"REST"},{"floor":15.0,"key":"REST"}],"neow_cost":"NO_GOLD","seed_source_timestamp":0,"circlet_count":0,"master_deck":["Strike_B","Strike_B","Defend_B","Defend_B","Zap","Dualcast","AscendersBane","Storm+1","Heatsinks","Machine Learning","Ball Lightning","Tempest","Fission","Stack","Storm","Thunder Strike"],"special_seed":0,"relics":["Cracked Core","Incense Burner","Tiny Chest","Happy Flower","Regal Pillow","Juzu Bracelet","Velvet Choker"],"potions_floor_usage":[19,22,23,23],"damage_taken":[{"damage":1.0,"enemies":"Small Slimes","floor":1.0,"turns":3.0},{"damage":7.0,"enemies":"Jaw Worm","floor":2.0,"turns":3.0},{"damage":1.0,"enemies":"2 Louse","floor":4.0,"turns":3.0},{"damage":7.0,"enemies":"Looter","floor":5.0,"turns":3.0},{"damage":12.0,"enemies":"Lagavulin","floor":6.0,"turns":7.0},{"damage":20.0,"enemies":"Gremlin Nob","floor":8.0,"turns":4.0},{"damage":17.0,"enemies":"3 Sentries","floor":14.0,"turns":5.0},{"damage":41.0,"enemies":"Slime Boss","floor":16.0,"turns":8.0},{"damage":4.0,"enemies":"Chosen","floor":18.0,"turns":4.0},{"damage":0,"enemies":"Colosseum Slavers","floor":19,"turns":1},{"damage":19,"enemies":"2 Thieves","floor":20,"turns":4},{"damage":33,"enemies":"Sentry and Sphere","floor":22,"turns":4},{"damage":11,"enemies":"Slavers","floor":23,"turns":1}],"seed_played":"8704587025613343064","potions_obtained":[{"floor":2.0,"key":"Dexterity Potion"},{"floor":6.0,"key":"SpeedPotion"},{"floor":8.0,"key":"PowerPotion"},{"floor":16.0,"key":"PowerPotion"},{"floor":18.0,"key":"Dexterity Potion"},{"floor":20,"key":"Weak Potion"},{"floor":22,"key":"Weak Potion"}],"is_trial":false,"path_per_floor":["M","M","?","M","M","E","R","E","T","$","?","$","R","E","R","B",null,"M","?","M","$","M"],"character_chosen":"DEFECT","items_purchased":["Regal Pillow","Thunder Strike"],"campfire_rested":2,"item_purchase_floors":[10,21],"current_hp_per_floor":[67,60,60,59,52,40,40,20,20,20,13,13,50,33,70,29,64,60,60,41,41,8,0],"gold":78,"neow_bonus":"REMOVE_TWO","is_prod":false,"is_daily":false,"chose_seed":false,"campfire_upgraded":1,"win_rate":0,"timestamp":1540469089,"path_taken":["M","M","?","M","M","E","R","E","T","$","?","?","R","E","R","BOSS","M","?","M","$","M","E"],"build_version":"2018-10-18","purchased_purges":0,"victory":false,"max_hp_per_floor":[75,75,75,75,75,75,75,75,75,75,75,75,75,75,75,75,75,75,75,75,75,75,75],"card_choices":[{"not_picked":["Steam","Beam Cell"],"picked":"Storm","floor":1.0},{"not_picked":["Gash","Steam"],"picked":"Heatsinks","floor":2.0},{"not_picked":["Cold Snap","Streamline"],"picked":"Machine Learning","floor":4.0},{"not_picked":["Auto Shields","Redo"],"picked":"Ball Lightning","floor":5.0},{"not_picked":["Undo","Cold Snap","Chaos"],"picked":"SKIP","floor":6.0},{"not_picked":["Go for the Eyes","Aggregate"],"picked":"Tempest","floor":8.0},{"not_picked":["Steam Power","Consume","Steam"],"picked":"SKIP","floor":14.0},{"not_picked":["Hyperbeam","Biased Cognition"],"picked":"Fission","floor":16.0},{"not_picked":["Conserve Battery","Coolheaded"],"picked":"Stack","floor":18.0},{"not_picked":["Compile Driver","Rebound"],"picked":"Storm","floor":20},{"not_picked":["Steam","Go for the Eyes","Coolheaded"],"picked":"SKIP","floor":22}],"player_experience":904742,"relics_obtained":[{"floor":6.0,"key":"Incense Burner"},{"floor":8.0,"key":"Tiny Chest"},{"floor":9.0,"key":"Happy Flower"},{"floor":14.0,"key":"Juzu Bracelet"}],"event_choices":[{"cards_removed":["Strike_B"],"damage_healed":0.0,"max_hp_gain":0.0,"max_hp_loss":0.0,"gold_gain":0.0,"event_name":"Living Wall","player_choice":"Forget","floor":3.0,"gold_loss":0.0,"damage_taken":0.0},{"cards_removed":["Defend_B"],"damage_healed":0.0,"max_hp_gain":0.0,"max_hp_loss":0.0,"gold_gain":0.0,"event_name":"Golden Wing","player_choice":"Card Removal","floor":11.0,"gold_loss":0.0,"damage_taken":7.0},{"damage_healed":0,"gold_gain":0,"player_choice":"Fight","damage_taken":0,"max_hp_gain":0,"max_hp_loss":0,"event_name":"Colosseum","floor":19,"gold_loss":0},{"damage_healed":0,"gold_gain":0,"player_choice":"Fled From Nobs","damage_taken":0,"max_hp_gain":0,"max_hp_loss":0,"event_name":"Colosseum","floor":19,"gold_loss":0}],"is_beta":false,"boss_relics":[{"not_picked":["Empty Cage","Tiny House"],"picked":"Velvet Choker"}],"items_purged_floors":[],"is_endless":false,"potions_floor_spawned":[2,6,8,16,18,20,22],"killed_by":"Slavers","ascension_level":12}