{"gold_per_floor":[11,21,34,47,222,222,252,252,252,314,314,349,360,377,377,377],"floor_reached":16,"playtime":1060,"items_purged":[],"score":118,"play_id":"a84d1899-df8b-4194-9f40-220963c18044","local_time":"20180805192055","is_ascension_mode":true,"campfire_choices":[{"data":"Immolate","floor":6,"key":"SMITH"},{"data":"Armaments","floor":8,"key":"SMITH"},{"data":"Bash","floor":11,"key":"SMITH"},{"data":"Warcry","floor":15,"key":"SMITH"}],"neow_cost":"NO_GOLD","seed_source_timestamp":521649358816150,"circlet_count":0,"master_deck":["Strike_R","Strike_R","Strike_R","Strike_R","Defend_R","Defend_R","Defend_R","Bash+1","Bloodletting","Immolate+1","Armaments+1","Sentinel","Wild Strike","Doubt","Warcry","Burning Pact","Warcry+1"],"relics":["Burning Blood","Self Forming Clay","Meat on the Bone","Shuriken","Girya"],"potions_floor_usage":[12,16,16,16],"damage_taken":[{"damage":0,"enemies":"Cultist","floor":1,"turns":2},{"damage":0,"enemies":"Small Slimes","floor":2,"turns":3},{"damage":4,"enemies":"Jaw Worm","floor":3,"turns":2},{"damage":12,"enemies":"Blue Slaver","floor":4,"turns":4},{"damage":14,"enemies":"3 Sentries","floor":7,"turns":4},{"damage":6,"enemies":"Gremlin Nob","floor":10,"turns":3},{"damage":13,"enemies":"Lagavulin","floor":12,"turns":5},{"damage":10,"enemies":"2 Fungi Beasts","floor":13,"turns":2},{"damage":13,"enemies":"Lots of Slimes","floor":14,"turns":3},{"damage":67,"enemies":"The Guardian","floor":16,"turns":8}],"seed_played":"9048042778917681764","potions_obtained":[{"floor":1,"key":"Regen Potion"},{"floor":4,"key":"Ancient Potion"},{"floor":10,"key":"AttackPotion"},{"floor":14,"key":"EssenceOfSteel"}],"is_trial":false,"path_per_floor":["M","M","M","M","?","R","E","R","T","?","R","E","M","M","R"],"character_chosen":"IRONCLAD","items_purchased":[],"campfire_rested":0,"item_purchase_floors":[],"current_hp_per_floor":[80,80,80,74,74,74,66,66,66,66,66,59,55,48,48,0],"gold":377,"neow_bonus":"TRANSFORM_TWO_CARDS","is_prod":false,"is_daily":false,"chose_seed":false,"campfire_upgraded":4,"win_rate":0,"timestamp":1533522055,"path_taken":["M","?","M","M","?","R","E","R","T","?","R","E","M","M","R","BOSS"],"build_version":"2018-08-02","purchased_purges":0,"victory":false,"max_hp_per_floor":[80,80,80,80,80,80,80,80,80,80,80,80,80,80,80,80],"card_choices":[{"not_picked":["Clothesline","Clash","Rage"],"picked":"SKIP","floor":1},{"not_picked":["Iron Wave","Ghostly Armor"],"picked":"Armaments","floor":2},{"not_picked":["Flex","Pommel Strike"],"picked":"Sentinel","floor":3},{"not_picked":["Bloodletting","True Grit"],"picked":"Wild Strike","floor":4},{"not_picked":["Havoc","Headbutt"],"picked":"Warcry","floor":7},{"not_picked":["Iron Wave","Double Tap"],"picked":"Burning Pact","floor":12},{"not_picked":["Twin Strike","Pommel Strike"],"picked":"Warcry","floor":13},{"not_picked":["Searing Blow","Flex","Metallicize"],"picked":"SKIP","floor":14}],"player_experience":584824,"relics_obtained":[{"floor":7,"key":"Self Forming Clay"},{"floor":9,"key":"Meat on the Bone"},{"floor":10,"key":"Shuriken"},{"floor":12,"key":"Girya"}],"event_choices":[{"event_name":"Liars Game","player_choice":"agreed","floor":5,"damage_taken":0},{"event_name":"Dead Adventurer","player_choice":"Searched \u00271\u0027 times","floor":10,"damage_taken":0}],"is_beta":false,"boss_relics":[],"items_purged_floors":[],"is_endless":false,"potions_floor_spawned":[1,4,10,14],"killed_by":"The Guardian","ascension_level":1}