{"gold_per_floor":[20,20,32,32,32,32,52,79,79,149,161,86,119,136,136,136],"floor_reached":16,"playtime":665,"items_purged":["Strike_G"],"score":233,"play_id":"3cf7151c-609b-478f-8ed3-f62719ba2fb2","local_time":"20190501014959","is_ascension_mode":true,"campfire_choices":[{"data":"Adrenaline","floor":6.0,"key":"SMITH"},{"floor":15,"key":"REST"}],"neow_cost":"NO_GOLD","seed_source_timestamp":0,"circlet_count":0,"master_deck":["AscendersBane","Defend_G","Defend_G","Defend_G","Defend_G","Strike_G","Strike_G","Strike_G","Strike_G","Survivor","Neutralize","Adrenaline+1","Escape Plan","Dagger Spray","Blur","Poisoned Stab","Noxious Fumes","Noxious Fumes"],"special_seed":0,"relics":["Ring of the Snake","SsserpentHead","Gremlin Horn","Bag of Marbles","Ancient Tea Set"],"potions_floor_usage":[8,13,16,16],"damage_taken":[{"damage":0.0,"enemies":"2 Louse","floor":1.0,"turns":3.0},{"damage":0.0,"enemies":"Small Slimes","floor":3.0,"turns":4.0},{"damage":0.0,"enemies":"Cultist","floor":7.0,"turns":3.0},{"damage":23,"enemies":"Gremlin Nob","floor":8,"turns":5},{"damage":0,"enemies":"Exordium Wildlife","floor":10,"turns":1},{"damage":5,"enemies":"Red Slaver","floor":11,"turns":4},{"damage":0,"enemies":"Lagavulin","floor":13,"turns":7},{"damage":6,"enemies":"Blue Slaver","floor":14,"turns":3},{"damage":45,"enemies":"Slime Boss","floor":16,"turns":5}],"seed_played":"-453152837132141379","potions_obtained":[{"floor":1.0,"key":"Strength Potion"},{"floor":8,"key":"SpeedPotion"},{"floor":10,"key":"SkillPotion"},{"floor":14,"key":"Fire Potion"}],"is_trial":false,"path_per_floor":["M","?","M","?","?","R","M","E","T","M","M","$","E","M","R","B"],"character_chosen":"THE_SILENT","items_purchased":[],"campfire_rested":1,"item_purchase_floors":[],"current_hp_per_floor":[59,64,64,57,57,57,57,34,34,34,29,29,29,23,44,0],"gold":136,"neow_bonus":"THREE_RARE_CARDS","is_prod":false,"is_daily":false,"chose_seed":false,"campfire_upgraded":1,"win_rate":0,"timestamp":1556700599,"path_taken":["M","?","M","?","?","R","M","E","T","?","M","$","E","M","R","BOSS"],"build_version":"2019-01-23","purchased_purges":1,"victory":false,"max_hp_per_floor":[66,71,71,71,71,71,71,71,71,71,71,71,71,71,71,71],"card_choices":[{"not_picked":["Burst","Unload"],"picked":"Adrenaline","floor":0.0},{"not_picked":["Dagger Throw","Outmaneuver"],"picked":"Escape Plan","floor":1.0},{"not_picked":["Poisoned Stab","Bouncing Flask"],"picked":"Dagger Spray","floor":3.0},{"not_picked":["PiercingWail","Slice"],"picked":"Blur","floor":7.0},{"not_picked":["Underhanded Strike","Bane"],"picked":"Poisoned Stab","floor":8},{"not_picked":["Flying Knee","Backstab"],"picked":"Noxious Fumes","floor":10},{"not_picked":["Sucker Punch","Flying Knee"],"picked":"Noxious Fumes","floor":11},{"not_picked":["Predator","Dagger Throw","Slice"],"picked":"SKIP","floor":13},{"not_picked":["Outmaneuver","Riddle With Holes","Dagger Spray"],"picked":"SKIP","floor":14}],"player_experience":1313676,"relics_obtained":[{"floor":8,"key":"Gremlin Horn"},{"floor":9,"key":"Bag of Marbles"},{"floor":13,"key":"Ancient Tea Set"}],"event_choices":[{"damage_healed":0.0,"max_hp_gain":5.0,"max_hp_loss":0.0,"gold_gain":0.0,"event_name":"Big Fish","player_choice":"Donut","floor":2.0,"gold_loss":0.0,"damage_taken":0.0},{"cards_removed":["Defend_G"],"damage_healed":0.0,"max_hp_gain":0.0,"max_hp_loss":0.0,"gold_gain":0.0,"event_name":"Golden Wing","player_choice":"Card Removal","floor":4.0,"gold_loss":0.0,"damage_taken":7.0},{"damage_healed":0.0,"max_hp_gain":0.0,"max_hp_loss":0.0,"gold_gain":0.0,"event_name":"FaceTrader","player_choice":"Trade","floor":5.0,"gold_loss":0.0,"damage_taken":0.0,"relics_obtained":["SsserpentHead"]}],"is_beta":false,"boss_relics":[],"items_purged_floors":[12],"is_endless":false,"potions_floor_spawned":[1,8,10,14],"killed_by":"Slime Boss","ascension_level":14}