{"gold_per_floor":[119,135,135,151,164,190,190,209,266,284,284,103,128,147,147,250,250,266,266,166,166,178,210,210,85,136,163,163,182,193,205,205,302,302,319,169,218,43,63,63,63,73,100,112,124,146,191,203,215,227],"floor_reached":51,"playtime":3932,"items_purged":["Entrench+1","Corruption","Defend_R","Strike_R","Strike_R"],"score":752,"play_id":"8c7cd2be-7c67-4093-8826-137b5b0b992b","local_time":"20181116145445","is_ascension_mode":false,"campfire_choices":[{"data":"Clash","floor":7,"key":"SMITH"},{"floor":11,"key":"REST"},{"data":"Rampage","floor":15,"key":"SMITH"},{"data":"Feed","floor":24,"key":"SMITH"},{"data":"Rampage","floor":28,"key":"SMITH"},{"data":"Inflame","floor":32,"key":"SMITH"},{"data":"Strike_R","floor":40,"key":"PURGE"},{"data":"Decay","floor":45,"key":"PURGE"},{"data":"Battle Trance","floor":49,"key":"SMITH"}],"neow_cost":"NONE","seed_source_timestamp":42878282949355,"circlet_count":0,"master_deck":["Bash","Intimidate+1","Sever Soul+1","Clash","Clash+1","Rampage+1","Clash","Inflame+1","Rampage+1","Feed+1","Battle Trance+1","Warcry+1"],"relics":["Astrolabe","Red Skull","Tiny Chest","Anchor","Busted Crown","Ornamental Fan","Nilry\u0027s Codex","Bronze Scales","Ancient Tea Set","Oddly Smooth Stone","Empty Cage","Peace Pipe","MawBank","Bag of Marbles"],"potions_floor_usage":[5,13,16,18,23,27,31,33,47,50],"damage_taken":[{"damage":5,"enemies":"Small Slimes","floor":1,"turns":3},{"damage":0,"enemies":"Cultist","floor":2,"turns":2},{"damage":0,"enemies":"2 Louse","floor":4,"turns":1},{"damage":9,"enemies":"2 Fungi Beasts","floor":5,"turns":2},{"damage":16,"enemies":"Gremlin Nob","floor":6,"turns":4},{"damage":0,"enemies":"Large Slime","floor":8,"turns":4},{"damage":18,"enemies":"Exordium Thugs","floor":10,"turns":3},{"damage":11,"enemies":"3 Sentries","floor":13,"turns":4},{"damage":0,"enemies":"2 Fungi Beasts","floor":14,"turns":2},{"damage":0,"enemies":"Slime Boss","floor":16,"turns":6},{"damage":0,"enemies":"2 Thieves","floor":18,"turns":2},{"damage":0,"enemies":"Chosen","floor":22,"turns":4},{"damage":17,"enemies":"Book of Stabbing","floor":23,"turns":4},{"damage":11,"enemies":"Slavers","floor":27,"turns":3},{"damage":1,"enemies":"Snake Plant","floor":29,"turns":3},{"damage":9,"enemies":"Centurion and Healer","floor":30,"turns":3},{"damage":0,"enemies":"Shelled Parasite and Fungi","floor":31,"turns":2},{"damage":28,"enemies":"Automaton","floor":33,"turns":6},{"damage":0,"enemies":"3 Shapes","floor":35,"turns":2},{"damage":27,"enemies":"2 Orb Walkers","floor":37,"turns":3},{"damage":0,"enemies":"Orb Walker","floor":39,"turns":2},{"damage":16,"enemies":"Maw","floor":42,"turns":4},{"damage":29,"enemies":"4 Shapes","floor":46,"turns":4},{"damage":24,"enemies":"Reptomancer","floor":47,"turns":3},{"damage":75,"enemies":"Awakened One","floor":50,"turns":7}],"seed_played":"5654265408157256108","potions_obtained":[{"floor":1,"key":"FearPotion"},{"floor":3,"key":"EssenceOfSteel"},{"floor":3,"key":"Weak Potion"},{"floor":4,"key":"SteroidPotion"},{"floor":5,"key":"Explosive Potion"},{"floor":18,"key":"Fire Potion"},{"floor":22,"key":"Block Potion"},{"floor":29,"key":"Explosive Potion"},{"floor":31,"key":"Regen Potion"},{"floor":35,"key":"Regen Potion"},{"floor":42,"key":"GamblersBrew"},{"floor":46,"key":"GamblersBrew"},{"floor":47,"key":"Weak Potion"}],"is_trial":false,"path_per_floor":["M","M","?","M","M","E","R","M","T","M","R","$","E","M","R","B",null,"M","T","$","?","M","E","R","$","T","E","R","M","M","M","R","B",null,"M","$","?","$","M","R","?","M","T","?","R","M","E","?","R","B",null],"character_chosen":"IRONCLAD","items_purchased":["Clash","Inflame"],"campfire_rested":1,"item_purchase_floors":[12,12],"current_hp_per_floor":[75,75,75,75,66,50,50,50,50,32,56,56,45,45,45,45,80,83,83,83,67,70,56,56,56,56,49,49,48,43,47,47,38,105,109,109,86,86,86,86,86,70,70,70,70,41,30,102,102,31],"gold":239,"neow_bonus":"BOSS_RELIC","is_prod":false,"is_daily":false,"chose_seed":false,"campfire_upgraded":6,"win_rate":0,"timestamp":1542408885,"path_taken":["M","M","?","M","M","E","R","?","T","M","R","$","E","M","R","BOSS","M","?","$","?","M","E","R","$","T","E","R","M","M","M","R","BOSS","M","$","?","$","M","R","?","M","T","?","R","?","E","?","R","BOSS"],"build_version":"2018-11-15","purchased_purges":5,"victory":true,"max_hp_per_floor":[80,80,80,80,80,80,80,80,80,80,80,80,80,80,80,80,80,83,83,83,83,86,89,89,89,89,93,93,93,97,101,101,105,105,109,109,113,113,113,113,113,113,113,113,113,113,117,102,102,106],"card_choices":[{"not_picked":["Metallicize","Cleave"],"picked":"Clash","floor":1},{"not_picked":["Infernal Blade","Carnage","Pommel Strike"],"picked":"SKIP","floor":2},{"not_picked":["Burning Pact","Clothesline","Second Wind"],"picked":"SKIP","floor":4},{"not_picked":["Headbutt","Flex"],"picked":"Clash","floor":5},{"not_picked":["Iron Wave","Thunderclap","Wild Strike"],"picked":"SKIP","floor":6},{"not_picked":["Metallicize","Warcry"],"picked":"Rampage","floor":8},{"not_picked":["Anger","Perfected Strike"],"picked":"Corruption","floor":10},{"not_picked":["Whirlwind","Bludgeon","Entrench"],"picked":"SKIP","floor":13},{"not_picked":["Havoc","Twin Strike"],"picked":"Rampage","floor":14},{"not_picked":["Berserk","Fiend Fire"],"picked":"Feed","floor":16},{"not_picked":["Corruption+1"],"picked":"SKIP","floor":18},{"not_picked":["Clothesline"],"picked":"SKIP","floor":22},{"not_picked":["Clothesline+1"],"picked":"SKIP","floor":23},{"not_picked":["Heavy Blade+1"],"picked":"SKIP","floor":27},{"not_picked":[],"picked":"Battle Trance","floor":29},{"not_picked":["Metallicize"],"picked":"SKIP","floor":30},{"not_picked":["Disarm"],"picked":"SKIP","floor":31},{"not_picked":["Thunderclap+1"],"picked":"SKIP","floor":35},{"not_picked":[],"picked":"Warcry+1","floor":39},{"not_picked":[],"picked":"Warcry+1","floor":42},{"not_picked":["Clothesline"],"picked":"SKIP","floor":46},{"not_picked":["Intimidate"],"picked":"SKIP","floor":47}],"player_experience":983840,"relics_obtained":[{"floor":6,"key":"Red Skull"},{"floor":9,"key":"Tiny Chest"},{"floor":13,"key":"Anchor"},{"floor":19,"key":"Ornamental Fan"},{"floor":21,"key":"Nilry\u0027s Codex"},{"floor":23,"key":"Bronze Scales"},{"floor":26,"key":"Ancient Tea Set"},{"floor":27,"key":"Oddly Smooth Stone"},{"floor":37,"key":"Peace Pipe"},{"floor":43,"key":"MawBank"},{"floor":47,"key":"Bag of Marbles"}],"event_choices":[{"damage_healed":0,"gold_gain":0,"player_choice":"Got Potions","damage_taken":0,"max_hp_gain":0,"max_hp_loss":0,"event_name":"Lab","floor":3,"gold_loss":0},{"damage_healed":0,"gold_gain":0,"player_choice":"Obtained Book","damage_taken":16,"max_hp_gain":0,"max_hp_loss":0,"event_name":"Cursed Tome","floor":21,"gold_loss":0},{"damage_healed":0,"gold_gain":0,"player_choice":"Fight","damage_taken":0,"max_hp_gain":0,"max_hp_loss":0,"event_name":"Mysterious Sphere","floor":37,"gold_loss":0},{"cards_removed":["Warcry"],"damage_healed":0,"gold_gain":0,"player_choice":"Removed Skill","damage_taken":0,"max_hp_gain":0,"max_hp_loss":0,"event_name":"Falling","floor":41,"gold_loss":0},{"damage_healed":0,"gold_gain":0,"player_choice":"Cursed","damage_taken":0,"max_hp_gain":0,"max_hp_loss":0,"event_name":"Wheel of Change","floor":44,"gold_loss":0,"cards_obtained":["Decay"]},{"damage_healed":102,"gold_gain":0,"player_choice":"Heal","damage_taken":0,"max_hp_gain":0,"max_hp_loss":15,"event_name":"The Moai Head","floor":48,"gold_loss":0}],"is_beta":false,"boss_relics":[{"not_picked":["Pandora\u0027s Box","Eternal Feather"],"picked":"Busted Crown"},{"not_picked":["Runic Dome","Mark of Pain"],"picked":"Empty Cage"}],"items_purged_floors":[12,20,25,36,38],"is_endless":false,"potions_floor_spawned":[1,4,5,18,22,29,31,35,42,46,47],"ascension_level":0}