{"gold_per_floor":[365,378,14,33,44,44,78,78,78,108,123,73,73,89,89,192,192,212,212,228,228,228,228,247,280,280,280,299,334,18,18,18,120,120,133,233,288,304,319,319,329,329,329,329,361,361,25,40,40,40,40,40,40,72,72],"floor_reached":56,"playtime":5874,"items_purged":["Underhanded Strike"],"score":2108,"play_id":"828acf30-8d56-4c4b-ba70-7855c9e95efb","local_time":"20190812184734","is_ascension_mode":true,"campfire_choices":[{"data":"Skewer","floor":6.0,"key":"SMITH"},{"data":"Neutralize","floor":8.0,"key":"SMITH"},{"data":"Footwork","floor":15.0,"key":"SMITH"},{"data":"Dagger Spray","floor":23.0,"key":"SMITH"},{"floor":27.0,"key":"REST"},{"floor":32.0,"key":"DIG"},{"floor":40.0,"key":"DIG"},{"floor":42.0,"key":"DIG"},{"data":"Catalyst","floor":44.0,"key":"SMITH"},{"floor":49.0,"key":"RECALL"},{"floor":52,"key":"DIG"}],"neow_cost":"PERCENT_DAMAGE","seed_source_timestamp":1189542657056832,"circlet_count":0,"master_deck":["AscendersBane","Defend_G","Defend_G","Defend_G","Defend_G","Defend_G","Survivor","Neutralize+1","Skewer+1","Cloak And Dagger","Backflip","Masterful Stab+1","Dagger Spray+1","Backflip","After Image","Dodge and Roll","Footwork+1","Corpse Explosion","Die Die Die+1","Outmaneuver+1","Crippling Poison+1","Footwork+1","Infinite Blades","Doppelganger","PiercingWail","Escape Plan","Noxious Fumes+1","Footwork+1","Night Terror","After Image+1","Backstab","Catalyst+1","Escape Plan","Cloak And Dagger+1","Tools of the Trade+1","Noxious Fumes+1","Noxious Fumes+1","Noxious Fumes+1","Cloak And Dagger","Escape Plan+1"],"special_seed":0,"relics":["Ring of the Snake","Thread and Needle","Anchor","Shuriken","Kunai","Turnip","Astrolabe","Dodecahedron","Whetstone","The Courier","Shovel","Frozen Egg 2","Ginger","Runic Pyramid","Gambling Chip","Ice Cream","Ornamental Fan","Mercury Hourglass","Pantograph","Bottled Tornado","Torii"],"potions_floor_usage":[55,55],"damage_taken":[{"damage":0.0,"enemies":"Cultist","floor":1.0,"turns":4.0},{"damage":0.0,"enemies":"Small Slimes","floor":2.0,"turns":3.0},{"damage":0.0,"enemies":"Jaw Worm","floor":4.0,"turns":3.0},{"damage":3.0,"enemies":"Large Slime","floor":5.0,"turns":5.0},{"damage":8.0,"enemies":"3 Sentries","floor":7.0,"turns":6.0},{"damage":4.0,"enemies":"Gremlin Nob","floor":10.0,"turns":4.0},{"damage":0.0,"enemies":"3 Louse","floor":11.0,"turns":3.0},{"damage":0.0,"enemies":"2 Fungi Beasts","floor":14.0,"turns":3.0},{"damage":0.0,"enemies":"The Guardian","floor":16.0,"turns":13.0},{"damage":0.0,"enemies":"Shell Parasite","floor":18.0,"turns":5.0},{"damage":0.0,"enemies":"Spheric Guardian","floor":20.0,"turns":6.0},{"damage":0.0,"enemies":"Snake Plant","floor":24.0,"turns":7.0},{"damage":22.0,"enemies":"Book of Stabbing","floor":25.0,"turns":8.0},{"damage":4.0,"enemies":"Shelled Parasite and Fungi","floor":28.0,"turns":6.0},{"damage":22.0,"enemies":"Gremlin Leader","floor":29.0,"turns":7.0},{"damage":2.0,"enemies":"Champ","floor":33.0,"turns":15.0},{"damage":0.0,"enemies":"Orb Walker","floor":35.0,"turns":6.0},{"damage":0.0,"enemies":"Mind Bloom Boss Battle","floor":36.0,"turns":7.0},{"damage":0.0,"enemies":"2 Orb Walkers","floor":37.0,"turns":5.0},{"damage":10.0,"enemies":"3 Shapes","floor":38.0,"turns":3.0},{"damage":0.0,"enemies":"Spire Growth","floor":39.0,"turns":8.0},{"damage":0.0,"enemies":"4 Shapes","floor":41.0,"turns":1.0},{"damage":0.0,"enemies":"Nemesis","floor":45.0,"turns":9.0},{"damage":0.0,"enemies":"Maw","floor":48.0,"turns":8.0},{"damage":0,"enemies":"Time Eater","floor":50,"turns":11},{"damage":10,"enemies":"Shield and Spear","floor":54,"turns":6},{"damage":0,"enemies":"The Heart","floor":55,"turns":10}],"seed_played":"-205804511341930698","potions_obtained":[{"floor":10.0,"key":"EssenceOfSteel"},{"floor":11.0,"key":"Energy Potion"},{"floor":16.0,"key":"Poison Potion"},{"floor":18.0,"key":"Fire Potion"},{"floor":24.0,"key":"AttackPotion"},{"floor":29.0,"key":"GhostInAJar"},{"floor":38.0,"key":"Explosive Potion"},{"floor":41.0,"key":"GhostInAJar"}],"is_trial":false,"path_per_floor":["M","M","$","M","M","R","E","R","T","E","M","?","T","M","R","B",null,"M","?","M","?","?","R","M","E","T","R","M","E","$","?","R","B",null,"M","?","?","M","M","R","M","R","T","R","E","?","$","M","R","B",null,"R","$","E","B",null],"character_chosen":"THE_SILENT","items_purchased":["Thread and Needle","Backflip","Frozen Egg 2","Noxious Fumes+1","Footwork+1","Noxious Fumes+1","Noxious Fumes+1","Noxious Fumes+1","Block Potion","GhostInAJar","Cloak And Dagger"],"campfire_rested":1,"item_purchase_floors":[3,3,30,30,30,47,47,47,47,47,47],"current_hp_per_floor":[45,45,45,45,42,42,34,34,34,30,30,30,30,30,30,30,60,60,60,60,60,60,60,60,38,38,59,55,33,33,33,33,31,60,60,60,60,50,50,50,50,50,50,50,50,50,50,50,50,70,70,70,70,60,70],"gold":72,"neow_bonus":"TWO_FIFTY_GOLD","is_prod":false,"is_daily":false,"chose_seed":false,"campfire_upgraded":5,"win_rate":0,"timestamp":1565650054,"path_taken":["M","M","$","M","?","R","E","R","T","E","M","?","?","M","R","BOSS","M","?","M","?","?","R","?","E","T","R","M","E","$","?","R","BOSS","M","?","?","M","M","R","M","R","T","R","E","?","$","M","R","BOSS","R","$","E","BOSS"],"build_version":"2019-07-17","purchased_purges":1,"victory":true,"max_hp_per_floor":[70,70,70,70,70,70,70,70,70,70,70,70,70,70,70,70,70,70,70,70,70,70,70,70,70,70,70,70,70,70,70,70,70,70,70,70,70,70,70,70,70,70,70,70,70,70,70,70,70,70,70,70,70,70,70],"card_choices":[{"not_picked":["Dodge and Roll","Dagger Throw"],"picked":"Skewer","floor":1.0},{"not_picked":["Deadly Poison","Dodge and Roll"],"picked":"Cloak And Dagger","floor":2.0},{"not_picked":["Catalyst","Infinite Blades"],"picked":"Masterful Stab","floor":4.0},{"not_picked":["Sucker Punch","Eviscerate"],"picked":"Dagger Spray","floor":5.0},{"not_picked":["Deadly Poison","Riddle With Holes"],"picked":"Backflip","floor":7.0},{"not_picked":["Prepared","Slice"],"picked":"After Image","floor":10.0},{"not_picked":["Terror","Deadly Poison"],"picked":"Dodge and Roll","floor":11.0},{"not_picked":["Poisoned Stab","Outmaneuver"],"picked":"Footwork","floor":14.0},{"not_picked":["Glass Knife","Malaise"],"picked":"Corpse Explosion","floor":16.0},{"not_picked":["Bane","Dagger Spray","Prepared"],"picked":"SKIP","floor":18.0},{"not_picked":["Acrobatics","Prepared"],"picked":"Crippling Poison+1","floor":20.0},{"not_picked":["Eviscerate+1","Quick Slash+1"],"picked":"Infinite Blades","floor":24.0},{"not_picked":["Quick Slash","Accuracy+1"],"picked":"Doppelganger","floor":25.0},{"not_picked":["Terror+1","Deflect"],"picked":"PiercingWail","floor":28.0},{"not_picked":["Catalyst","Deflect"],"picked":"Escape Plan","floor":29.0},{"not_picked":["Night Terror","Unload"],"picked":"After Image+1","floor":33.0},{"not_picked":["Deadly Poison","Cloak And Dagger+1"],"picked":"Backstab","floor":35.0},{"not_picked":["Acrobatics","Slice"],"picked":"Catalyst","floor":36.0},{"not_picked":["Outmaneuver","Slice+1"],"picked":"Escape Plan","floor":37.0},{"not_picked":["Dagger Spray","Deadly Poison+1"],"picked":"Cloak And Dagger+1","floor":38.0},{"not_picked":["Finisher+1","Well Laid Plans+1","Predator"],"picked":"SKIP","floor":39.0},{"not_picked":["Flying Knee","Sucker Punch+1"],"picked":"Tools of the Trade+1","floor":41.0},{"not_picked":["Slice+1","Masterful Stab","Well Laid Plans+1"],"picked":"SKIP","floor":45.0},{"not_picked":["Dash","Well Laid Plans+1","Riddle With Holes+1"],"picked":"SKIP","floor":48.0},{"not_picked":["Predator+1","Dagger Spray"],"picked":"Escape Plan+1","floor":54}],"player_experience":469431,"relics_obtained":[{"floor":7.0,"key":"Anchor"},{"floor":9.0,"key":"Shuriken"},{"floor":10.0,"key":"Kunai"},{"floor":13.0,"key":"Turnip"},{"floor":25.0,"key":"Whetstone"},{"floor":26.0,"key":"The Courier"},{"floor":29.0,"key":"Shovel"},{"floor":32.0,"key":"Ginger"},{"floor":36.0,"key":"Gambling Chip"},{"floor":37.0,"key":"Ice Cream"},{"floor":40.0,"key":"Ornamental Fan"},{"floor":42.0,"key":"Mercury Hourglass"},{"floor":45.0,"key":"Pantograph"},{"floor":52,"key":"Bottled Tornado"},{"floor":54,"key":"Torii"}],"event_choices":[{"cards_removed":["Strike_G"],"damage_healed":0.0,"max_hp_gain":0.0,"max_hp_loss":0.0,"gold_gain":0.0,"event_name":"The Cleric","player_choice":"Card Removal","floor":12.0,"gold_loss":50.0,"damage_taken":0.0},{"damage_healed":0.0,"max_hp_gain":0.0,"max_hp_loss":0.0,"gold_gain":0.0,"event_name":"Vampires","player_choice":"Ignored","floor":19.0,"gold_loss":0.0,"damage_taken":0.0},{"damage_healed":0.0,"max_hp_gain":0.0,"max_hp_loss":0.0,"gold_gain":0.0,"event_name":"The Mausoleum","player_choice":"Opened","floor":21.0,"gold_loss":0.0,"damage_taken":0.0,"relics_obtained":["Dodecahedron"]},{"damage_healed":0.0,"max_hp_gain":0.0,"max_hp_loss":0.0,"gold_gain":0.0,"event_name":"Duplicator","player_choice":"Copied","floor":22.0,"gold_loss":0.0,"damage_taken":0.0,"cards_obtained":["Footwork"]},{"damage_healed":0.0,"max_hp_gain":0.0,"max_hp_loss":0.0,"gold_gain":0.0,"cards_transformed":["Eviscerate","Strike_G"],"event_name":"Drug Dealer","player_choice":"Became Test Subject","floor":31.0,"gold_loss":0.0,"damage_taken":0.0,"cards_obtained":["Underhanded Strike","Night Terror"]},{"damage_healed":0.0,"max_hp_gain":0.0,"max_hp_loss":0.0,"gold_gain":0.0,"event_name":"MindBloom","player_choice":"Fight","floor":36.0,"gold_loss":0.0,"damage_taken":0.0},{"damage_healed":0.0,"max_hp_gain":0.0,"max_hp_loss":0.0,"gold_gain":0.0,"event_name":"Mysterious Sphere","player_choice":"Fight","floor":37.0,"gold_loss":0.0,"damage_taken":0.0},{"damage_healed":0.0,"max_hp_gain":0.0,"max_hp_loss":0.0,"gold_gain":0.0,"event_name":"SensoryStone","player_choice":"Memory 1","floor":46.0,"gold_loss":0.0,"damage_taken":0.0}],"is_beta":false,"boss_relics":[{"not_picked":["Busted Crown","Snecko Eye"],"picked":"Astrolabe"},{"not_picked":["Velvet Choker","Black Star"],"picked":"Runic Pyramid"}],"items_purged_floors":[47],"is_endless":false,"potions_floor_spawned":[10,11,16,18,24,29,33,35,38,41,48],"ascension_level":11}