{"gold_per_floor":[17,32,49,64,10,41,41,72,72,92,107,107,107,107,107,180,180,196,121,121,121,46,46,65,65,117,128,160,160,160],"floor_reached":30,"playtime":894,"items_purged":["Aggregate"],"score":477,"play_id":"ac8f31db-8dfe-44da-b4f1-637cb18cbbd7","local_time":"20190424124338","is_ascension_mode":true,"campfire_choices":[{"floor":7.0,"key":"REST"},{"floor":15.0,"key":"REST"},{"floor":23,"key":"REST"},{"floor":25,"key":"REST"}],"neow_cost":"NO_GOLD","seed_source_timestamp":0,"circlet_count":0,"master_deck":["AscendersBane","Strike_B","Strike_B","Strike_B","Defend_B","Defend_B","Hyperbeam+1","Beam Cell","Hologram","Beam Cell","Streamline","Go for the Eyes","Gash","Go for the Eyes","Steam","Reboot","Self Repair","Reprogram","Streamline+1","Steam"],"special_seed":0,"relics":["Cracked Core","Shuriken","Anchor","Kunai","Empty Cage","Nilry\u0027s Codex","Potion Belt","Matryoshka"],"potions_floor_usage":[24,28,28],"damage_taken":[{"damage":2.0,"enemies":"Jaw Worm","floor":1.0,"turns":3.0},{"damage":0.0,"enemies":"Small Slimes","floor":2.0,"turns":2.0},{"damage":3.0,"enemies":"Cultist","floor":3.0,"turns":3.0},{"damage":8.0,"enemies":"Blue Slaver","floor":4.0,"turns":4.0},{"damage":20.0,"enemies":"Lagavulin","floor":6.0,"turns":5.0},{"damage":32.0,"enemies":"Gremlin Nob","floor":8.0,"turns":4.0},{"damage":0.0,"enemies":"Looter","floor":10.0,"turns":2.0},{"damage":3.0,"enemies":"Large Slime","floor":11.0,"turns":2.0},{"damage":11.0,"enemies":"Slime Boss","floor":16.0,"turns":8.0},{"damage":10,"enemies":"3 Byrds","floor":18,"turns":3},{"damage":13,"enemies":"2 Thieves","floor":24,"turns":3},{"damage":21,"enemies":"Shelled Parasite and Fungi","floor":27,"turns":2},{"damage":12,"enemies":"Slavers","floor":28,"turns":3},{"damage":28,"enemies":"Sentry and Sphere","floor":30,"turns":5}],"seed_played":"-7804179778844775831","potions_obtained":[{"floor":8.0,"key":"EssenceOfSteel"},{"floor":11.0,"key":"Energy Potion"},{"floor":16.0,"key":"Regen Potion"},{"floor":27,"key":"Poison Potion"},{"floor":28,"key":"SteroidPotion"}],"is_trial":false,"path_per_floor":["M","M","M","M","$","E","R","E","T","M","M","?","?","?","R","B",null,"M","?","?","?","$","R","M","R","T","M","E","?","M"],"character_chosen":"DEFECT","items_purchased":["Streamline"],"campfire_rested":4,"item_purchase_floors":[5],"current_hp_per_floor":[62,62,59,51,51,31,52,20,20,20,17,17,10,10,31,20,58,48,48,27,7,7,29,16,38,38,24,24,24,0],"gold":160,"neow_bonus":"THREE_RARE_CARDS","is_prod":false,"is_daily":false,"chose_seed":false,"campfire_upgraded":0,"win_rate":0,"timestamp":1556135018,"path_taken":["M","M","M","M","$","E","R","E","T","M","M","?","?","?","R","BOSS","M","?","?","?","$","R","M","R","T","M","E","?","?"],"build_version":"2019-01-23","purchased_purges":1,"victory":false,"max_hp_per_floor":[71,71,71,71,71,71,71,71,71,71,71,71,71,71,71,71,71,71,71,71,76,76,76,76,76,76,76,76,76,76],"card_choices":[{"not_picked":["Fission","Buffer"],"picked":"Hyperbeam","floor":0.0},{"not_picked":["Compile Driver","Barrage"],"picked":"Beam Cell","floor":1.0},{"not_picked":["Doom and Gloom","Hello World"],"picked":"Hologram","floor":2.0},{"not_picked":["Steam","Compile Driver"],"picked":"Aggregate","floor":3.0},{"not_picked":["Streamline","Undo"],"picked":"Beam Cell","floor":4.0},{"not_picked":["Steam Power","BootSequence"],"picked":"Go for the Eyes","floor":6.0},{"not_picked":["Creative AI","Cold Snap"],"picked":"Gash","floor":8.0},{"not_picked":["Recycle","Cold Snap"],"picked":"Go for the Eyes","floor":10.0},{"not_picked":["Stack","Blizzard"],"picked":"Steam","floor":11.0},{"not_picked":["Core Surge","Buffer"],"picked":"Reboot","floor":16.0},{"not_picked":["Aggregate","Undo"],"picked":"Self Repair","floor":18},{"not_picked":["Consume","Force Field+1"],"picked":"Reprogram","floor":24},{"not_picked":["Storm","Barrage"],"picked":"Streamline+1","floor":27},{"not_picked":["Coolheaded","Melter+1"],"picked":"Steam","floor":28}],"player_experience":1298078,"relics_obtained":[{"floor":6.0,"key":"Shuriken"},{"floor":8.0,"key":"Anchor"},{"floor":9.0,"key":"Kunai"},{"floor":20,"key":"Nilry\u0027s Codex"},{"floor":26,"key":"Potion Belt"},{"floor":28,"key":"Matryoshka"}],"event_choices":[{"cards_removed":["Zap"],"damage_healed":0.0,"max_hp_gain":0.0,"max_hp_loss":0.0,"gold_gain":0.0,"event_name":"Living Wall","player_choice":"Forget","floor":12.0,"gold_loss":0.0,"damage_taken":0.0},{"cards_removed":["Dualcast"],"damage_healed":0.0,"max_hp_gain":0.0,"max_hp_loss":0.0,"gold_gain":0.0,"event_name":"Golden Wing","player_choice":"Card Removal","floor":13.0,"gold_loss":0.0,"damage_taken":7.0},{"damage_healed":0.0,"max_hp_gain":0.0,"max_hp_loss":0.0,"gold_gain":0.0,"event_name":"Upgrade Shrine","player_choice":"Upgraded","floor":14.0,"gold_loss":0.0,"damage_taken":0.0,"cards_upgraded":["Hyperbeam"]},{"cards_removed":["Defend_B"],"damage_healed":0,"gold_gain":0,"player_choice":"Gave Gold","damage_taken":0,"max_hp_gain":0,"max_hp_loss":0,"event_name":"Beggar","floor":19,"gold_loss":75},{"damage_healed":0,"gold_gain":0,"player_choice":"Obtained Book","damage_taken":21,"max_hp_gain":0,"max_hp_loss":0,"event_name":"Cursed Tome","floor":20,"gold_loss":0},{"damage_healed":0,"gold_gain":0,"player_choice":"Shed Blood","damage_taken":25,"max_hp_gain":5,"max_hp_loss":0,"event_name":"Forgotten Altar","floor":21,"gold_loss":0},{"damage_healed":0,"gold_gain":0,"player_choice":"Ignored","damage_taken":0,"max_hp_gain":0,"max_hp_loss":0,"event_name":"Vampires","floor":29,"gold_loss":0}],"is_beta":false,"boss_relics":[{"not_picked":["Velvet Choker","Eternal Feather"],"picked":"Empty Cage"}],"items_purged_floors":[22],"is_endless":false,"potions_floor_spawned":[8,11,16,18,27,28],"killed_by":"Sentry and Sphere","ascension_level":17}