{"gold_per_floor":[116,116,16,27,47,47,75,93,93,105,119,133,133,145,145,223,223,243,243,243,143,159,159,177,193,193,25,25,45,45,45],"floor_reached":31,"playtime":2047,"items_purged":["Strike_R","Defend_R","Strike_R"],"score":482,"play_id":"161bffea-c14f-47f8-9056-20e2442b5c6e","local_time":"20190710210359","is_ascension_mode":true,"campfire_choices":[{"data":"Bash","floor":6,"key":"SMITH"},{"floor":15,"key":"REST"},{"floor":23,"key":"REST"},{"floor":28,"key":"REST"}],"neow_cost":"NONE","seed_source_timestamp":1193354929356795,"circlet_count":0,"master_deck":["AscendersBane","Strike_R","Strike_R","Strike_R","Defend_R","Defend_R","Bash+1","Wild Strike","Heavy Blade","Thunderclap","Twin Strike","Cleave","Flex","Inflame","Heavy Blade","True Grit+1","Parasite","Reaper","Evolve+1","RitualDagger","Armaments+1","Pummel","Ghostly Armor+1","Battle Trance+1","Warcry+1"],"relics":["Burning Blood","Bag of Preparation","Peace Pipe","Ornamental Fan","Toxic Egg 2","Snecko Eye","Darkstone Periapt"],"potions_floor_usage":[10,16,16,24,31],"damage_taken":[{"damage":6,"enemies":"Cultist","floor":1,"turns":3},{"damage":2,"enemies":"Small Slimes","floor":4,"turns":4},{"damage":3,"enemies":"2 Louse","floor":5,"turns":3},{"damage":25,"enemies":"3 Sentries","floor":7,"turns":8},{"damage":7,"enemies":"Looter","floor":8,"turns":2},{"damage":30,"enemies":"Exordium Thugs","floor":10,"turns":3},{"damage":24,"enemies":"Lots of Slimes","floor":11,"turns":4},{"damage":7,"enemies":"3 Louse","floor":12,"turns":2},{"damage":13,"enemies":"Looter","floor":14,"turns":3},{"damage":43,"enemies":"Slime Boss","floor":16,"turns":8},{"damage":17,"enemies":"Chosen","floor":18,"turns":4},{"damage":35,"enemies":"3 Byrds","floor":22,"turns":5},{"damage":27,"enemies":"Centurion and Healer","floor":24,"turns":4},{"damage":31,"enemies":"Sentry and Sphere","floor":25,"turns":5},{"damage":35,"enemies":"Snake Plant","floor":29,"turns":4},{"damage":38,"enemies":"Gremlin Leader","floor":31,"turns":4}],"seed_played":"-4784270319839464089","potions_obtained":[{"floor":7,"key":"Weak Potion"},{"floor":8,"key":"Explosive Potion"},{"floor":12,"key":"Swift Potion"},{"floor":16,"key":"Swift Potion"},{"floor":18,"key":"Block Potion"},{"floor":25,"key":"Dexterity Potion"}],"is_trial":false,"path_per_floor":["M","?","$","M","M","R","E","M","T","M","M","M","?","M","R","B",null,"M","?","?","$","M","R","M","M","T","$","R","M","?","E"],"character_chosen":"IRONCLAD","items_purchased":["Heavy Blade","Battle Trance+1"],"campfire_rested":3,"item_purchase_floors":[3,27],"current_hp_per_floor":[68,68,68,72,75,75,56,55,55,31,13,12,30,23,45,8,58,53,47,47,47,24,46,37,17,17,17,39,14,14,0],"gold":45,"neow_bonus":"RANDOM_COMMON_RELIC","is_prod":false,"is_daily":false,"chose_seed":false,"campfire_upgraded":1,"win_rate":0,"timestamp":1562817839,"path_taken":["M","?","$","?","M","R","E","M","T","M","M","M","?","M","R","BOSS","M","?","?","$","M","R","M","?","T","$","R","M","?","E"],"build_version":"2019-07-05","purchased_purges":3,"victory":false,"max_hp_per_floor":[75,75,75,75,75,75,75,75,75,75,75,75,75,75,75,75,75,75,75,75,75,75,75,75,75,75,75,75,75,75,75],"card_choices":[{"not_picked":["Rage","Blood for Blood"],"picked":"Wild Strike","floor":1},{"not_picked":["Dropkick","Rage"],"picked":"Thunderclap","floor":4},{"not_picked":["Combust","Rage"],"picked":"Twin Strike","floor":5},{"not_picked":["True Grit","Berserk"],"picked":"Cleave","floor":7},{"not_picked":["Sword Boomerang","Entrench"],"picked":"Flex","floor":8},{"not_picked":["True Grit+1","Shrug It Off+1"],"picked":"Inflame","floor":10},{"not_picked":["Shockwave+1","Clash"],"picked":"Heavy Blade","floor":11},{"not_picked":["Body Slam","Wild Strike"],"picked":"True Grit+1","floor":12},{"not_picked":["Reckless Charge","Perfected Strike"],"picked":"Anger","floor":14},{"not_picked":["Bludgeon","Feed"],"picked":"Reaper","floor":16},{"not_picked":["Iron Wave","Rupture"],"picked":"Evolve+1","floor":18},{"not_picked":["Power Through+1","Cleave"],"picked":"Armaments+1","floor":22},{"not_picked":["Headbutt+1","True Grit+1"],"picked":"Pummel","floor":24},{"not_picked":["Iron Wave","Rampage"],"picked":"Ghostly Armor+1","floor":25},{"not_picked":["Battle Trance+1","Havoc+1","Bloodletting+1"],"picked":"SKIP","floor":29}],"player_experience":1433284,"relics_obtained":[{"floor":2,"key":"Peace Pipe"},{"floor":7,"key":"Ornamental Fan"},{"floor":9,"key":"Toxic Egg 2"},{"floor":26,"key":"Darkstone Periapt"}],"event_choices":[{"damage_healed":0,"gold_gain":0,"player_choice":"Relic","damage_taken":0,"max_hp_gain":0,"max_hp_loss":0,"event_name":"Wheel of Change","floor":2,"gold_loss":0},{"damage_healed":18,"gold_gain":0,"player_choice":"Healed and dodged fight","damage_taken":0,"max_hp_gain":0,"max_hp_loss":0,"event_name":"Mushrooms","floor":13,"gold_loss":0,"cards_obtained":["Parasite"]},{"damage_healed":0,"gold_gain":0,"player_choice":"Joined the Cult","damage_taken":6,"max_hp_gain":0,"max_hp_loss":0,"event_name":"Nest","floor":19,"gold_loss":0,"cards_obtained":["RitualDagger"]},{"cards_removed":["Anger"],"damage_healed":0,"gold_gain":0,"player_choice":"Elegance","damage_taken":0,"max_hp_gain":0,"max_hp_loss":0,"event_name":"Back to Basics","floor":20,"gold_loss":0},{"damage_healed":0,"gold_gain":0,"cards_transformed":["Defend_R"],"player_choice":"Transformed","damage_taken":0,"max_hp_gain":0,"max_hp_loss":0,"event_name":"Transmorgrifier","floor":30,"gold_loss":0,"cards_obtained":["Warcry"]}],"is_beta":false,"boss_relics":[{"not_picked":["Fusion Hammer","Mark of Pain"],"picked":"Snecko Eye"}],"items_purged_floors":[3,21,27],"is_endless":false,"potions_floor_spawned":[7,8,12,16,18,25,29],"killed_by":"Gremlin Leader","ascension_level":20}