{"gold_per_floor":[117,192,117,137,37,37,65,65,111,111,141,161,178,188,188,291,291,303,303,21,41,56,56,72,92,143,143,159,170,170,183,183,183],"floor_reached":33,"playtime":1939,"items_purged":["Strike_B","Defend_B","Defend_B"],"score":458,"play_id":"c2af7adf-dd5d-4910-b2a6-26f5265d3a2f","local_time":"20181025053725","is_ascension_mode":true,"campfire_choices":[{"data":"Scrape","floor":6,"key":"SMITH"},{"data":"Zap","floor":8,"key":"SMITH"},{"data":"Dualcast","floor":10,"key":"SMITH"},{"floor":15,"key":"REST"},{"floor":23,"key":"REST"},{"floor":27,"key":"REST"},{"data":"Hologram","floor":32,"key":"SMITH"}],"neow_cost":"NONE","seed_source_timestamp":99063150601265,"circlet_count":0,"master_deck":["Strike_B","Strike_B","Strike_B","Zap+1","Dualcast+1","AscendersBane","Scrape+1","Go for the Eyes","Hologram","Beam Cell","Beam Cell","Gash","All For One","Steam","Turbo","Streamline","Hologram+1","Beam Cell","Redo","Steam"],"relics":["Cracked Core","NeowsBlessing","Lantern","Orichalcum","Symbiotic Virus","Empty Cage","Happy Flower","Ancient Tea Set"],"potions_floor_usage":[16,24,31,33,33],"damage_taken":[{"damage":0,"enemies":"2 Louse","floor":1,"turns":1},{"damage":0,"enemies":"Small Slimes","floor":4,"turns":1},{"damage":0,"enemies":"Gremlin Nob","floor":7,"turns":1},{"damage":15,"enemies":"Lagavulin","floor":11,"turns":5},{"damage":0,"enemies":"Jaw Worm","floor":12,"turns":2},{"damage":0,"enemies":"Gremlin Gang","floor":13,"turns":2},{"damage":3,"enemies":"2 Fungi Beasts","floor":14,"turns":2},{"damage":37,"enemies":"The Guardian","floor":16,"turns":8},{"damage":2,"enemies":"Chosen","floor":18,"turns":3},{"damage":5,"enemies":"Spheric Guardian","floor":21,"turns":3},{"damage":27,"enemies":"Snake Plant","floor":22,"turns":4},{"damage":15,"enemies":"3 Cultists","floor":24,"turns":4},{"damage":7,"enemies":"Snecko","floor":25,"turns":3},{"damage":10,"enemies":"Centurion and Healer","floor":28,"turns":2},{"damage":0,"enemies":"Snake Plant","floor":29,"turns":2},{"damage":9,"enemies":"Snecko","floor":31,"turns":4},{"damage":69,"enemies":"Automaton","floor":33,"turns":6}],"seed_played":"2657079986928587700","potions_obtained":[{"floor":4,"key":"Energy Potion"},{"floor":11,"key":"Poison Potion"},{"floor":14,"key":"Weak Potion"},{"floor":18,"key":"Weak Potion"},{"floor":28,"key":"Explosive Potion"},{"floor":31,"key":"PowerPotion"}],"is_trial":false,"path_per_floor":["M","?","$","M","$","R","E","R","T","R","E","M","M","M","R","B",null,"M","?","$","M","M","R","M","M","T","R","M","M","?","M","R"],"character_chosen":"DEFECT","items_purchased":["Happy Flower"],"campfire_rested":3,"item_purchase_floors":[20],"current_hp_per_floor":[68,57,57,57,57,57,57,57,57,57,42,42,42,39,61,24,62,60,60,60,55,28,50,35,28,28,50,40,40,40,31,31,0],"gold":183,"neow_bonus":"THREE_ENEMY_KILL","is_prod":false,"is_daily":false,"chose_seed":false,"campfire_upgraded":4,"win_rate":0,"timestamp":1540471045,"path_taken":["M","?","$","M","$","R","E","R","T","R","E","M","M","M","R","BOSS","M","?","$","M","M","R","M","M","T","R","?","M","?","M","R","BOSS"],"build_version":"2018-10-18","purchased_purges":3,"victory":false,"max_hp_per_floor":[75,75,75,75,75,75,75,75,75,75,75,75,75,75,75,75,75,75,75,75,75,75,75,75,75,75,75,75,75,75,75,75,75],"card_choices":[{"not_picked":["Leap","Sweeping Beam"],"picked":"Scrape","floor":1},{"not_picked":["Double Energy","Sweeping Beam"],"picked":"Go for the Eyes","floor":4},{"not_picked":["Rebound","Aggregate","Compile Driver"],"picked":"SKIP","floor":7},{"not_picked":["Consume","Rebound"],"picked":"Hologram","floor":11},{"not_picked":["Rebound","Ball Lightning"],"picked":"Beam Cell","floor":12},{"not_picked":["Self Repair","Sweeping Beam"],"picked":"Beam Cell","floor":13},{"not_picked":["Go for the Eyes","Doom and Gloom"],"picked":"Gash","floor":14},{"not_picked":["Multi-Cast","Core Surge"],"picked":"All For One","floor":16},{"not_picked":["Leap+1","Static Discharge"],"picked":"Steam","floor":18},{"not_picked":["Leap","Stack"],"picked":"Streamline","floor":21},{"not_picked":["Turbo","Cold Snap"],"picked":"Hologram","floor":22},{"not_picked":["Aggregate","Rebound"],"picked":"Beam Cell","floor":24},{"not_picked":["Fusion","Sweeping Beam+1","Rip and Tear"],"picked":"SKIP","floor":25},{"not_picked":["Rebound","Skim","Lockon"],"picked":"SKIP","floor":28},{"not_picked":["Rebound","Auto Shields"],"picked":"Redo","floor":29},{"not_picked":["Stack","Reinforced Body"],"picked":"Steam","floor":31}],"player_experience":906785,"relics_obtained":[{"floor":7,"key":"Lantern"},{"floor":9,"key":"Orichalcum"},{"floor":11,"key":"Symbiotic Virus"},{"floor":26,"key":"Ancient Tea Set"}],"event_choices":[{"damage_healed":0,"gold_gain":75,"player_choice":"Gather Gold","damage_taken":11,"max_hp_gain":0,"max_hp_loss":0,"event_name":"World of Goop","floor":2,"gold_loss":0},{"damage_healed":0,"gold_gain":0,"player_choice":"Read","damage_taken":0,"max_hp_gain":0,"max_hp_loss":0,"event_name":"The Library","floor":19,"gold_loss":0,"cards_obtained":["Turbo"]},{"damage_healed":0,"gold_gain":0,"player_choice":"Ignored","damage_taken":0,"max_hp_gain":0,"max_hp_loss":0,"event_name":"Vampires","floor":30,"gold_loss":0}],"is_beta":false,"boss_relics":[{"not_picked":["Runic Pyramid","Ectoplasm"],"picked":"Empty Cage"}],"items_purged_floors":[3,5,20],"is_endless":false,"potions_floor_spawned":[4,11,14,18,28,29,31],"killed_by":"Automaton","ascension_level":12}