{"gold_per_floor":[110,130,16,16,26,26,26,61,61,61,136,136,157,192,192,288,288,301,216,216,240,50,50,50],"floor_reached":24,"playtime":4229,"items_purged":["Zap","Injury"],"score":354,"play_id":"391a956f-a207-4840-900b-940a72ab1618","local_time":"20181224000905","is_ascension_mode":true,"campfire_choices":[{"data":"Steam Power","floor":6,"key":"SMITH"},{"floor":10,"key":"REST"},{"floor":12,"key":"REST"},{"data":"Hologram","floor":15,"key":"SMITH"},{"data":"Impatience","floor":23,"key":"SMITH"}],"neow_cost":"NONE","seed_source_timestamp":598003887346572,"circlet_count":0,"master_deck":["AscendersBane","Strike_B","Strike_B","Strike_B","Strike_B","Defend_B","Defend_B","Defend_B","Defend_B","Gash","Steam Power+1","Gash","Hologram+1","Steam","Seek","Scrape","Beam Cell","Melter","Impatience+1"],"relics":["Runic Pyramid","Golden Idol","Nunchaku","Question Card","Orichalcum","Eternal Feather","FossilizedHelix"],"potions_floor_usage":[8,24,24],"damage_taken":[{"damage":3,"enemies":"2 Louse","floor":1,"turns":3},{"damage":12,"enemies":"Jaw Worm","floor":2,"turns":2},{"damage":0,"enemies":"Small Slimes","floor":5,"turns":3},{"damage":26,"enemies":"Gremlin Nob","floor":8,"turns":4},{"damage":7,"enemies":"Looter","floor":13,"turns":3},{"damage":16,"enemies":"Lagavulin","floor":14,"turns":6},{"damage":20,"enemies":"Slime Boss","floor":16,"turns":9},{"damage":16,"enemies":"Chosen","floor":18,"turns":6},{"damage":9,"enemies":"Shell Parasite","floor":21,"turns":5},{"damage":46,"enemies":"Book of Stabbing","floor":24,"turns":4}],"seed_played":"-1588815490066136232","potions_obtained":[{"floor":2,"key":"FocusPotion"},{"floor":5,"key":"Strength Potion"},{"floor":16,"key":"AttackPotion"},{"floor":18,"key":"AttackPotion"}],"is_trial":false,"path_per_floor":["M","M","$","?","M","R","?","E","T","R","?","R","M","E","R","B",null,"M","?","?","M","$","R","E"],"character_chosen":"DEFECT","items_purchased":["Steam Power","Impatience"],"campfire_rested":2,"item_purchase_floors":[3,22],"current_hp_per_floor":[61,49,49,49,49,49,49,23,23,44,33,54,47,31,31,11,56,40,40,40,31,31,40,0],"gold":50,"neow_bonus":"BOSS_RELIC","is_prod":false,"is_daily":false,"chose_seed":false,"campfire_upgraded":3,"win_rate":0,"timestamp":1545638945,"path_taken":["M","M","$","?","M","R","?","E","T","R","?","R","M","E","R","BOSS","M","?","?","M","$","R","E"],"build_version":"2018-12-20","purchased_purges":2,"victory":false,"max_hp_per_floor":[71,71,71,71,71,71,71,71,71,71,71,71,71,71,71,71,71,71,71,71,71,71,71,71],"card_choices":[{"not_picked":["Ball Lightning","Redo","Consume"],"picked":"SKIP","floor":1},{"not_picked":["Go for the Eyes","Beam Cell"],"picked":"Gash","floor":2},{"not_picked":["Rebound","Redo"],"picked":"Gash","floor":5},{"not_picked":["Genetic Algorithm","Storm","Compile Driver"],"picked":"SKIP","floor":8},{"not_picked":["Double Energy","Coolheaded","Steam"],"picked":"Hologram","floor":13},{"not_picked":["Rainbow","Sweeping Beam","Leap"],"picked":"Steam","floor":14},{"not_picked":["Fission","Meteor Strike","Electrodynamics"],"picked":"Seek","floor":16},{"not_picked":["Darkness","Sunder","Turbo"],"picked":"Scrape","floor":18},{"not_picked":["Barrage","Cold Snap","Stack+1"],"picked":"Melter","floor":21}],"player_experience":1058019,"relics_obtained":[{"floor":8,"key":"Nunchaku"},{"floor":9,"key":"Question Card"},{"floor":14,"key":"Orichalcum"}],"event_choices":[{"cards_removed":["Dualcast"],"damage_healed":0,"gold_gain":0,"player_choice":"Forget","damage_taken":0,"max_hp_gain":0,"max_hp_loss":0,"event_name":"Living Wall","floor":4,"gold_loss":0},{"damage_healed":0,"gold_gain":0,"player_choice":"Take Wound","damage_taken":0,"relics_obtained":["Golden Idol"],"max_hp_gain":0,"max_hp_loss":0,"event_name":"Golden Idol","floor":7,"gold_loss":0,"cards_obtained":["Injury"]},{"damage_healed":0,"gold_gain":75,"player_choice":"Gather Gold","damage_taken":11,"max_hp_gain":0,"max_hp_loss":0,"event_name":"World of Goop","floor":11,"gold_loss":0},{"damage_healed":0,"gold_gain":0,"player_choice":"Obtained Relic","damage_taken":0,"relics_obtained":["FossilizedHelix"],"max_hp_gain":0,"max_hp_loss":0,"event_name":"Addict","floor":19,"gold_loss":85},{"damage_healed":0,"gold_gain":0,"player_choice":"Read","damage_taken":0,"max_hp_gain":0,"max_hp_loss":0,"event_name":"The Library","floor":20,"gold_loss":0,"cards_obtained":["Beam Cell"]}],"is_beta":false,"boss_relics":[{"not_picked":["Philosopher\u0027s Stone","White Beast Statue"],"picked":"Eternal Feather"}],"items_purged_floors":[3,22],"is_endless":false,"potions_floor_spawned":[2,5,16,18],"killed_by":"Book of Stabbing","ascension_level":15}