{"gold_per_floor":[109,109,109,34,53,53,80,90,113,113,133,151,251,264,264,362,362,379,390,86,86,46,46,46],"floor_reached":24,"playtime":1448,"items_purged":["Strike_R"],"score":196,"play_id":"88d91a7f-2dfa-4f5a-a946-2e484aff3e02","local_time":"20190810171037","is_ascension_mode":false,"campfire_choices":[{"data":"Cleave","floor":6,"key":"SMITH"},{"data":"Armaments","floor":10,"key":"SMITH"},{"data":"Pommel Strike","floor":15,"key":"SMITH"},{"data":"Searing Blow","floor":23,"key":"SMITH"}],"neow_cost":"NONE","seed_source_timestamp":12624386294600,"circlet_count":0,"master_deck":["Strike_R","Strike_R+1","Strike_R","Strike_R","Defend_R","Defend_R","Defend_R","Defend_R","Bash+1","Cleave+1","Armaments+1","Clash","Twin Strike","Headbutt","Pommel Strike+1","Clash","Metallicize","Reaper","Shrug It Off","Cleave+1","Blind","Searing Blow+1"],"relics":["Black Blood","Potion Belt","Bag of Preparation","Juzu Bracelet","Nloth\u0027s Gift"],"potions_floor_usage":[16,18,24,24],"damage_taken":[{"damage":12,"enemies":"Jaw Worm","floor":1,"turns":5},{"damage":0,"enemies":"2 Louse","floor":5,"turns":2},{"damage":11,"enemies":"Gremlin Nob","floor":7,"turns":3},{"damage":1,"enemies":"Cultist","floor":8,"turns":3},{"damage":7,"enemies":"2 Fungi Beasts","floor":11,"turns":3},{"damage":0,"enemies":"Red Slaver","floor":12,"turns":3},{"damage":9,"enemies":"Large Slime","floor":14,"turns":5},{"damage":54,"enemies":"The Guardian","floor":16,"turns":9},{"damage":13,"enemies":"Spheric Guardian","floor":18,"turns":4},{"damage":12,"enemies":"3 Byrds","floor":19,"turns":7},{"damage":105,"enemies":"Gremlin Leader","floor":24,"turns":9}],"seed_played":"5981836003306326836","potions_obtained":[{"floor":3,"key":"FairyPotion"},{"floor":3,"key":"Swift Potion"},{"floor":3,"key":"SneckoOil"},{"floor":11,"key":"Ancient Potion"},{"floor":12,"key":"Energy Potion"},{"floor":16,"key":"Swift Potion"}],"is_trial":false,"path_per_floor":["M","?","?","$","M","R","E","M","T","R","M","M","?","M","R","B",null,"M","M","$","?","$","R","E"],"character_chosen":"IRONCLAD","items_purchased":["Armaments","Clash","Juzu Bracelet","Blind","Searing Blow"],"campfire_rested":0,"item_purchase_floors":[4,4,20,20,22],"current_hp_per_floor":[74,58,58,58,64,64,59,64,64,64,63,69,69,66,66,18,80,77,75,75,75,75,75,0],"gold":46,"neow_bonus":"RANDOM_COMMON_RELIC","is_prod":false,"is_daily":false,"chose_seed":false,"campfire_upgraded":4,"win_rate":0.0,"timestamp":1565428237,"path_taken":["M","?","?","$","?","R","E","M","T","R","M","M","?","M","R","BOSS","M","M","?","?","$","R","E"],"build_version":"2019-07-17","purchased_purges":1,"victory":false,"max_hp_per_floor":[80,80,80,80,80,80,80,80,80,80,80,80,80,80,80,80,80,80,80,80,80,80,80,80],"card_choices":[{"not_picked":["Thunderclap","Perfected Strike"],"picked":"Cleave","floor":1},{"not_picked":["Shockwave","Intimidate"],"picked":"Twin Strike","floor":5},{"not_picked":["Reckless Charge","Cleave"],"picked":"Headbutt","floor":7},{"not_picked":["Flame Barrier","Hemokinesis","Rupture"],"picked":"SKIP","floor":8},{"not_picked":["Cleave","Perfected Strike"],"picked":"Pommel Strike","floor":11},{"not_picked":["Anger","Flex"],"picked":"Clash","floor":12},{"not_picked":["Pommel Strike","Ghostly Armor"],"picked":"Metallicize","floor":14},{"not_picked":["Berserk","Impervious"],"picked":"Reaper","floor":16},{"not_picked":["Rupture","Iron Wave"],"picked":"Shrug It Off","floor":18},{"not_picked":["Clothesline","Heavy Blade"],"picked":"Cleave+1","floor":19}],"player_experience":27940,"relics_obtained":[{"floor":7,"key":"Potion Belt"},{"floor":9,"key":"Bag of Preparation"}],"event_choices":[{"damage_healed":0,"gold_gain":0,"player_choice":"Entered Light","damage_taken":16,"max_hp_gain":0,"max_hp_loss":0,"event_name":"Shining Light","floor":2,"gold_loss":0,"cards_upgraded":["Strike_R","Bash"]},{"damage_healed":0,"gold_gain":0,"player_choice":"Got Potions","damage_taken":0,"max_hp_gain":0,"max_hp_loss":0,"event_name":"Lab","floor":3,"gold_loss":0},{"damage_healed":0,"gold_gain":100,"player_choice":"Pray","damage_taken":0,"max_hp_gain":0,"max_hp_loss":0,"event_name":"Golden Shrine","floor":13,"gold_loss":0},{"damage_healed":0,"gold_gain":0,"player_choice":"Traded Relic","damage_taken":0,"relics_obtained":["Nloth\u0027s Gift"],"max_hp_gain":0,"max_hp_loss":0,"event_name":"N\u0027loth","floor":21,"relics_lost":["Red Skull"],"gold_loss":0}],"is_beta":false,"boss_relics":[{"not_picked":["Runic Pyramid","Ectoplasm"],"picked":"Black Blood"}],"items_purged_floors":[20],"is_endless":false,"potions_floor_spawned":[11,12,16],"killed_by":"Gremlin Leader","ascension_level":0}