{"gold_per_floor":[113,38,38,48,67,102,117,117,117,117,17,17,17,35,35,138,138,158,19,19,37,49,49,69,69,92,92,92,106,106,435,435,435],"floor_reached":33,"playtime":2233,"items_purged":["Strike_B","Defend_B"],"score":424,"play_id":"be2027a0-3a06-4d71-b4a5-aaec8fee2a45","local_time":"20181011234152","is_ascension_mode":true,"campfire_choices":[{"data":"Barrage","floor":8,"key":"SMITH"},{"floor":10,"key":"REST"},{"data":"Zap","floor":13,"key":"SMITH"},{"floor":15,"key":"REST"},{"floor":23,"key":"REST"},{"floor":27,"key":"REST"},{"floor":30,"key":"REST"},{"floor":32,"key":"REST"}],"neow_cost":"NONE","seed_source_timestamp":1675548510523985,"circlet_count":0,"master_deck":["Strike_B","Defend_B","Defend_B+1","Zap+1","Dualcast+1","AscendersBane","Sweeping Beam","Leap","Core Surge","Storm","Barrage+1","Genetic Algorithm","Electrodynamics","Loop","Self Repair","Lockon","Ball Lightning+1","Defragment"],"relics":["Black Star","Pocketwatch","WingedGreaves","Ginger","Empty Cage","Boot","Old Coin","Turnip"],"potions_floor_usage":[6,16,31],"damage_taken":[{"damage":7,"enemies":"Jaw Worm","floor":1,"turns":4},{"damage":1,"enemies":"Cultist","floor":4,"turns":4},{"damage":3,"enemies":"Small Slimes","floor":5,"turns":3},{"damage":26,"enemies":"3 Sentries","floor":6,"turns":7},{"damage":7,"enemies":"3 Louse","floor":7,"turns":4},{"damage":4,"enemies":"2 Fungi Beasts","floor":14,"turns":2},{"damage":31,"enemies":"Slime Boss","floor":16,"turns":11},{"damage":26,"enemies":"Shell Parasite","floor":18,"turns":7},{"damage":5,"enemies":"Chosen","floor":21,"turns":5},{"damage":35,"enemies":"Snake Plant","floor":22,"turns":4},{"damage":11,"enemies":"3 Cultists","floor":24,"turns":3},{"damage":28,"enemies":"Centurion and Healer","floor":29,"turns":5},{"damage":20,"enemies":"Gremlin Leader","floor":31,"turns":6},{"damage":79,"enemies":"Automaton","floor":33,"turns":8}],"seed_played":"8189663116407095885","potions_obtained":[{"floor":3,"key":"Block Potion"},{"floor":3,"key":"Block Potion"},{"floor":6,"key":"FairyPotion"},{"floor":21,"key":"SpeedPotion"},{"floor":22,"key":"SteroidPotion"}],"is_trial":false,"path_per_floor":["M","$","?","M","M","E","M","R","T","R","$","?","R","M","R","B",null,"M","$","?","M","M","R","M","$","T","R","?","M","R","E","R"],"character_chosen":"DEFECT","items_purchased":["Self Repair","Lockon"],"campfire_rested":6,"item_purchase_floors":[19,19],"current_hp_per_floor":[61,61,61,60,57,31,24,24,24,46,46,31,31,27,49,18,61,35,35,35,37,9,31,27,27,27,49,49,28,50,37,59,0],"gold":435,"neow_bonus":"BOSS_RELIC","is_prod":false,"is_daily":false,"chose_seed":false,"campfire_upgraded":2,"win_rate":0,"timestamp":1539326512,"path_taken":["M","$","?","M","M","E","M","R","T","R","$","?","R","M","R","BOSS","M","$","?","M","M","R","M","?","T","R","?","?","R","E","R","BOSS"],"build_version":"2018-10-11","purchased_purges":2,"victory":false,"max_hp_per_floor":[75,75,75,75,75,75,75,75,75,75,75,75,75,75,75,75,75,75,75,75,75,75,75,75,75,75,75,75,75,75,75,75,75],"card_choices":[{"not_picked":["Turbo","Conserve Battery"],"picked":"Sweeping Beam","floor":1},{"not_picked":["Doom and Gloom","Sweeping Beam"],"picked":"Leap","floor":4},{"not_picked":["Sweeping Beam","Turbo"],"picked":"Core Surge","floor":5},{"not_picked":["Sweeping Beam","Hologram"],"picked":"Storm","floor":6},{"not_picked":["Gash","Skim"],"picked":"Barrage","floor":7},{"not_picked":["Barrage","Streamline"],"picked":"Genetic Algorithm","floor":14},{"not_picked":["Hyperbeam","Rainbow"],"picked":"Electrodynamics","floor":16},{"not_picked":["Ball Lightning","Compile Driver"],"picked":"Loop","floor":18},{"not_picked":["Chill","Scrape"],"picked":"Ball Lightning+1","floor":21},{"not_picked":["Darkness","Sweeping Beam","Chaos"],"picked":"SKIP","floor":22},{"not_picked":["Doom and Gloom","Reinforced Body","Sweeping Beam"],"picked":"SKIP","floor":24},{"not_picked":["Hologram","Steam Power","Gash"],"picked":"SKIP","floor":29},{"not_picked":["Leap+1","Streamline"],"picked":"Defragment","floor":31}],"player_experience":872649,"relics_obtained":[{"floor":6,"key":"Pocketwatch"},{"floor":6,"key":"WingedGreaves"},{"floor":9,"key":"Ginger"},{"floor":26,"key":"Boot"},{"floor":31,"key":"Old Coin"},{"floor":31,"key":"Turnip"}],"event_choices":[{"event_name":"The Lab","player_choice":"Got Potions","floor":3,"damage_taken":0},{"event_name":"Shining Light","player_choice":"Entered Light","floor":12,"damage_taken":0},{"event_name":"Back to Basics","player_choice":"Elegance","floor":20,"damage_taken":0},{"event_name":"Cursed Tome","player_choice":"Ignored","floor":28,"damage_taken":0}],"is_beta":false,"boss_relics":[{"not_picked":["Busted Crown","Calling Bell"],"picked":"Empty Cage"}],"items_purged_floors":[2,11],"is_endless":false,"potions_floor_spawned":[5,6,14,21,22],"killed_by":"Automaton","ascension_level":12}