{"gold_per_floor":[109,129,142,188,201,8,8,8,33,67,67],"floor_reached":11,"playtime":623,"items_purged":["Strike_B"],"score":106,"play_id":"8c50d937-3181-4b2e-8d30-3b5e5a4dc0e7","local_time":"20180831131206","is_ascension_mode":true,"campfire_choices":[{"floor":7,"key":"REST"}],"neow_cost":"PERCENT_DAMAGE","seed_source_timestamp":374780530741654,"circlet_count":0,"master_deck":["Strike_B","Strike_B","Defend_B","Defend_B","Defend_B","Zap","Dualcast","Storm","Lockon","Heatsinks","Self Repair","Ball Lightning","Injury","Barrage"],"relics":["Cracked Core","Centennial Puzzle","Golden Idol","Pen Nib","Bottled Flame"],"potions_floor_usage":[10,10],"damage_taken":[{"damage":1,"enemies":"Cultist","floor":1,"turns":3},{"damage":5,"enemies":"2 Louse","floor":2,"turns":2},{"damage":10,"enemies":"Small Slimes","floor":3,"turns":3},{"damage":12,"enemies":"Exordium Wildlife","floor":5,"turns":5},{"damage":25,"enemies":"3 Sentries","floor":10,"turns":6},{"damage":28,"enemies":"Lots of Slimes","floor":11,"turns":2}],"seed_played":"5769637981584557347","potions_obtained":[{"floor":1,"key":"Explosive Potion"},{"floor":2,"key":"Swift Potion"},{"floor":10,"key":"Ancient Potion"}],"is_trial":false,"path_per_floor":["M","M","M","T","M","$","R","?","T","E"],"character_chosen":"DEFECT","items_purchased":["Self Repair","Ball Lightning"],"campfire_rested":1,"item_purchase_floors":[6,6],"current_hp_per_floor":[49,44,34,34,22,22,44,44,44,26,0],"gold":67,"neow_bonus":"REMOVE_TWO","is_prod":false,"is_daily":false,"chose_seed":false,"campfire_upgraded":0,"win_rate":0,"timestamp":1535746326,"path_taken":["M","M","M","?","M","$","R","?","T","E","?"],"build_version":"2018-08-30","purchased_purges":1,"victory":false,"max_hp_per_floor":[75,75,75,75,75,75,75,75,75,75,75],"card_choices":[{"not_picked":["Go for the Eyes","Auto Shields"],"picked":"Storm","floor":1},{"not_picked":["Sweeping Beam","Go for the Eyes"],"picked":"Lockon","floor":2},{"not_picked":["Undo","Compile Driver","Redo"],"picked":"SKIP","floor":3},{"not_picked":["Stack","Hologram"],"picked":"Heatsinks","floor":5},{"not_picked":["Steam Power","Rebound"],"picked":"Barrage","floor":10}],"player_experience":741099,"relics_obtained":[{"floor":4,"key":"Centennial Puzzle"},{"floor":9,"key":"Pen Nib"},{"floor":10,"key":"Bottled Flame"}],"event_choices":[{"event_name":"Golden Idol","player_choice":"Take Wound","floor":8,"damage_taken":0}],"is_beta":false,"boss_relics":[],"items_purged_floors":[6],"is_endless":false,"potions_floor_spawned":[1,2,10],"killed_by":"Lots of Slimes","ascension_level":9}