{"gold_per_floor":[116,116,129,139,155,155,167,267,267,192,207,107,121,121,121,223,223,234,234,86,86,106,137,137,137,186,186,211,223,236,261,261,357,357,370,370,383,182,201,201,221,238,291,291,68,68,0,10,10,10],"floor_reached":51,"playtime":2751,"items_purged":["Strike_R","Strike_R","Defend_R","Defend_R+1"],"score":809,"play_id":"03e25afd-64f9-415b-b3ac-6d58225d939f","local_time":"20190815141556","is_ascension_mode":false,"campfire_choices":[{"data":"Bash","floor":6.0,"key":"SMITH"},{"data":"Burning Pact","floor":15.0,"key":"SMITH"},{"data":"Offering","floor":25.0,"key":"SMITH"},{"data":"Brutality","floor":27.0,"key":"SMITH"},{"data":"Brutality","floor":32.0,"key":"SMITH"},{"data":"Dropkick","floor":40,"key":"SMITH"},{"data":"Dropkick","floor":44,"key":"SMITH"},{"floor":46,"key":"REST"},{"data":"Dropkick","floor":49,"key":"SMITH"}],"neow_cost":"NONE","seed_source_timestamp":71637618773884,"circlet_count":0,"master_deck":["Defend_R+1","Defend_R+1","Bash+1","Dropkick+1","Dropkick+1","Dropkick+1","Dropkick+1","Burning Pact+1","Brutality+1","Thunderclap","Offering+1","Brutality+1","Warcry+1"],"special_seed":0,"relics":["Burning Blood","Self Forming Clay","Empty Cage","Matryoshka","Omamori","Red Skull","Strawberry","PreservedInsect","War Paint","Busted Crown","Mercury Hourglass","Ancient Tea Set","Red Mask"],"potions_floor_usage":[50,50],"damage_taken":[{"damage":1.0,"enemies":"2 Louse","floor":1.0,"turns":3.0},{"damage":6.0,"enemies":"Cultist","floor":3.0,"turns":3.0},{"damage":5.0,"enemies":"Jaw Worm","floor":4.0,"turns":4.0},{"damage":0.0,"enemies":"Looter","floor":5.0,"turns":1.0},{"damage":8.0,"enemies":"3 Louse","floor":7.0,"turns":6.0},{"damage":2.0,"enemies":"Blue Slaver","floor":11.0,"turns":2.0},{"damage":5.0,"enemies":"Looter","floor":13.0,"turns":2.0},{"damage":15.0,"enemies":"Slime Boss","floor":16.0,"turns":6.0},{"damage":16.0,"enemies":"2 Thieves","floor":18.0,"turns":3.0},{"damage":17.0,"enemies":"Spheric Guardian","floor":22.0,"turns":4.0},{"damage":7.0,"enemies":"Gremlin Leader","floor":23.0,"turns":2.0},{"damage":19.0,"enemies":"Snecko","floor":29.0,"turns":4.0},{"damage":14.0,"enemies":"Cultist and Chosen","floor":30.0,"turns":4.0},{"damage":8.0,"enemies":"Collector","floor":33.0,"turns":2.0},{"damage":6.0,"enemies":"3 Darklings","floor":35.0,"turns":1.0},{"damage":6.0,"enemies":"Orb Walker","floor":37.0,"turns":1.0},{"damage":24,"enemies":"4 Shapes","floor":39,"turns":3},{"damage":6,"enemies":"Transient","floor":41,"turns":1},{"damage":6,"enemies":"Jaw Worm Horde","floor":42,"turns":1},{"damage":7,"enemies":"3 Darklings","floor":48,"turns":2},{"damage":6,"enemies":"Donu and Deca","floor":50,"turns":1}],"seed_played":"5493575873039382106","potions_obtained":[{"floor":3.0,"key":"Fire Potion"},{"floor":4.0,"key":"GamblersBrew"},{"floor":11.0,"key":"SpeedPotion"},{"floor":13.0,"key":"SteroidPotion"},{"floor":16.0,"key":"Regen Potion"},{"floor":18.0,"key":"EntropicBrew"},{"floor":35.0,"key":"SpeedPotion"},{"floor":42,"key":"SteroidPotion"}],"is_trial":false,"path_per_floor":["M","?","M","M","M","R","M","?","T","$","M","$","M","?","R","B",null,"M","?","$","?","M","E","?","R","T","R","T","M","M","T","R","B",null,"M","?","M","$","M","R","M","M","T","R","$","R","?","M","R","B",null],"character_chosen":"IRONCLAD","items_purchased":["Offering","GamblersBrew","Ancient Potion"],"campfire_rested":1,"item_purchase_floors":[20,38,45],"current_hp_per_floor":[80,80,80,80,80,80,78,78,78,78,80,80,80,64,64,55,80,70,70,70,70,59,58,58,58,58,58,65,52,56,56,56,54,87,87,87,87,87,69,69,69,69,69,69,69,87,87,86,86,86],"gold":10,"neow_bonus":"REMOVE_CARD","is_prod":false,"is_daily":false,"chose_seed":false,"campfire_upgraded":8,"win_rate":0,"timestamp":1565892956,"path_taken":["M","?","M","M","M","R","M","?","T","$","?","$","M","?","R","BOSS","M","?","$","?","M","E","?","R","T","R","?","M","M","?","R","BOSS","M","?","M","?","M","R","M","M","T","R","$","R","?","M","R","BOSS"],"build_version":"2019-07-17","purchased_purges":4,"victory":true,"max_hp_per_floor":[80,80,80,80,80,80,80,80,80,80,80,80,80,80,80,80,80,80,80,80,80,80,80,80,80,80,80,87,87,87,87,87,87,87,87,87,87,87,87,87,87,87,87,87,87,87,87,87,87,87],"card_choices":[{"not_picked":["Anger","Flame Barrier"],"picked":"Dropkick","floor":1.0},{"not_picked":["Shrug It Off","Blood for Blood"],"picked":"Dropkick","floor":3.0},{"not_picked":["Pommel Strike","Flame Barrier"],"picked":"Dropkick","floor":4.0},{"not_picked":["Fire Breathing","Hemokinesis"],"picked":"Dropkick","floor":5.0},{"not_picked":["Sever Soul","Sword Boomerang","Pommel Strike"],"picked":"SKIP","floor":7.0},{"not_picked":["Sever Soul","Sword Boomerang","Pommel Strike"],"picked":"SKIP","floor":7.0},{"not_picked":["Clothesline","Dual Wield"],"picked":"Burning Pact","floor":11.0},{"not_picked":["Pummel","Twin Strike","Seeing Red"],"picked":"SKIP","floor":13.0},{"not_picked":["Dark Embrace","Demon Form"],"picked":"Brutality","floor":16.0},{"not_picked":["Dual Wield","Body Slam+1"],"picked":"Thunderclap","floor":18.0},{"not_picked":["Infernal Blade+1","Perfected Strike","Pummel"],"picked":"SKIP","floor":22.0},{"not_picked":["Infernal Blade","Dark Embrace"],"picked":"Brutality","floor":23.0},{"not_picked":["Perfected Strike","Second Wind"],"picked":"Warcry+1","floor":29.0},{"not_picked":["Thunderclap","Heavy Blade","Twin Strike"],"picked":"SKIP","floor":30.0},{"not_picked":["Iron Wave+1"],"picked":"SKIP","floor":35.0},{"not_picked":["Iron Wave+1"],"picked":"SKIP","floor":35.0},{"not_picked":["Headbutt+1"],"picked":"SKIP","floor":37.0},{"not_picked":["Uppercut"],"picked":"SKIP","floor":39},{"not_picked":["Body Slam+1"],"picked":"SKIP","floor":41},{"not_picked":["Thunderclap+1"],"picked":"SKIP","floor":42},{"not_picked":["Clothesline+1"],"picked":"SKIP","floor":48}],"player_experience":980343,"relics_obtained":[{"floor":9.0,"key":"Self Forming Clay"},{"floor":23.0,"key":"Matryoshka"},{"floor":26.0,"key":"Omamori"},{"floor":26.0,"key":"Red Skull"},{"floor":28.0,"key":"Strawberry"},{"floor":28.0,"key":"PreservedInsect"},{"floor":31.0,"key":"War Paint"},{"floor":43,"key":"Ancient Tea Set"}],"event_choices":[{"damage_healed":0.0,"max_hp_gain":0.0,"max_hp_loss":0.0,"gold_gain":0.0,"event_name":"Liars Game","player_choice":"Ignored","floor":2.0,"gold_loss":0.0,"damage_taken":0.0},{"damage_healed":0.0,"max_hp_gain":0.0,"max_hp_loss":0.0,"gold_gain":100.0,"event_name":"Wheel of Change","player_choice":"Gold","floor":8.0,"gold_loss":0.0,"damage_taken":0.0},{"damage_healed":0.0,"max_hp_gain":0.0,"max_hp_loss":0.0,"gold_gain":0.0,"event_name":"Shining Light","player_choice":"Entered Light","floor":14.0,"gold_loss":0.0,"damage_taken":16.0,"cards_upgraded":["Defend_R","Dropkick"]},{"damage_healed":0.0,"max_hp_gain":0.0,"max_hp_loss":0.0,"gold_gain":0.0,"event_name":"Ghosts","player_choice":"Ignored","floor":21.0,"gold_loss":0.0,"damage_taken":0.0},{"damage_healed":0.0,"max_hp_gain":0.0,"max_hp_loss":0.0,"gold_gain":0.0,"event_name":"Vampires","player_choice":"Ignored","floor":24.0,"gold_loss":0.0,"damage_taken":0.0},{"damage_healed":0.0,"max_hp_gain":0.0,"max_hp_loss":0.0,"gold_gain":0.0,"event_name":"WeMeetAgain","player_choice":"Gave Potion","floor":36.0,"gold_loss":0.0,"damage_taken":0.0,"relics_obtained":["Mercury Hourglass"]},{"damage_healed":0,"gold_gain":0,"player_choice":"Paid","damage_taken":0,"relics_obtained":["Red Mask"],"max_hp_gain":0,"max_hp_loss":0,"event_name":"Tomb of Lord Red Mask","floor":47,"gold_loss":68}],"is_beta":false,"boss_relics":[{"not_picked":["Fusion Hammer","Black Blood"],"picked":"Empty Cage"},{"not_picked":["Pandora\u0027s Box","Runic Pyramid"],"picked":"Busted Crown"}],"items_purged_floors":[10,12,38,45],"is_endless":false,"potions_floor_spawned":[3,4,11,13,16,18,29,35,42],"ascension_level":0}