{"gold_per_floor":[418,433,433,450,248,248,276,276,276,295,295,295,306,131,131,204,204,214,6,21,21],"floor_reached":21,"playtime":1077,"items_purged":["Decay","Zap"],"score":357,"play_id":"5315e128-9a61-4ed8-a88e-09434145c8bc","local_time":"20181223210541","is_ascension_mode":true,"campfire_choices":[{"floor":6,"key":"REST"},{"floor":8,"key":"REST"},{"data":"Loop","floor":11,"key":"SMITH"},{"floor":15,"key":"REST"}],"neow_cost":"CURSE","seed_source_timestamp":591891151564883,"circlet_count":0,"master_deck":["AscendersBane","Strike_B","Strike_B","Strike_B","Defend_B","Defend_B","Defend_B","Dualcast","Streamline","Turbo","Loop+1","Doom and Gloom","Leap","Undo","Stack","Parasite","Loop","Amplify","White Noise","Capacitor"],"relics":["Cracked Core","Old Coin","Symbiotic Virus","Ginger","Cables","Empty Cage","Membership Card"],"potions_floor_usage":[18],"damage_taken":[{"damage":2,"enemies":"Jaw Worm","floor":1,"turns":4},{"damage":8,"enemies":"2 Louse","floor":2,"turns":2},{"damage":3,"enemies":"Cultist","floor":4,"turns":3},{"damage":26,"enemies":"3 Sentries","floor":7,"turns":6},{"damage":11,"enemies":"Blue Slaver","floor":10,"turns":3},{"damage":6,"enemies":"3 Louse","floor":13,"turns":2},{"damage":23,"enemies":"Slime Boss","floor":16,"turns":9},{"damage":16,"enemies":"Spheric Guardian","floor":18,"turns":6},{"damage":36,"enemies":"Shell Parasite","floor":20,"turns":8},{"damage":18,"enemies":"Snecko","floor":21,"turns":2}],"seed_played":"8560000227879796049","potions_obtained":[{"floor":4,"key":"Explosive Potion"},{"floor":16,"key":"Block Potion"}],"is_trial":false,"path_per_floor":["M","M","?","M","$","R","E","R","T","M","R","?","M","$","R","B",null,"M","$","M","M"],"character_chosen":"DEFECT","items_purchased":["Doom and Gloom","Leap","Loop","Membership Card"],"campfire_rested":3,"item_purchase_floors":[5,5,14,19],"current_hp_per_floor":[62,54,19,16,16,37,11,32,32,21,21,38,32,32,53,30,61,45,45,9,0],"gold":21,"neow_bonus":"ONE_RARE_RELIC","is_prod":false,"is_daily":false,"chose_seed":false,"campfire_upgraded":1,"win_rate":0,"timestamp":1545627941,"path_taken":["M","M","?","M","$","R","E","R","T","M","R","?","M","$","R","BOSS","M","$","M","M"],"build_version":"2018-12-20","purchased_purges":2,"victory":false,"max_hp_per_floor":[71,71,71,71,71,71,71,71,71,71,71,71,71,71,71,71,71,71,71,71,71],"card_choices":[{"not_picked":["Cold Snap","Beam Cell"],"picked":"Streamline","floor":1},{"not_picked":["Steam","Cold Snap"],"picked":"Turbo","floor":2},{"not_picked":["Stack","Steam"],"picked":"Loop","floor":4},{"not_picked":["Rip and Tear","Beam Cell"],"picked":"Undo","floor":7},{"not_picked":["Coolheaded","Chaos"],"picked":"Stack","floor":10},{"not_picked":["Storm","Turbo","Coolheaded"],"picked":"SKIP","floor":13},{"not_picked":["Fission","Machine Learning"],"picked":"Amplify","floor":16},{"not_picked":["Turbo","Coolheaded"],"picked":"White Noise","floor":18},{"not_picked":["Sweeping Beam","Barrage"],"picked":"Capacitor","floor":20}],"player_experience":1056942,"relics_obtained":[{"floor":7,"key":"Ginger"},{"floor":9,"key":"Cables"}],"event_choices":[{"damage_healed":0,"gold_gain":0,"player_choice":"Success","damage_taken":35,"relics_obtained":["Symbiotic Virus"],"max_hp_gain":0,"max_hp_loss":0,"event_name":"Scrap Ooze","floor":3,"gold_loss":0},{"damage_healed":17,"gold_gain":0,"player_choice":"Healed and dodged fight","damage_taken":0,"max_hp_gain":0,"max_hp_loss":0,"event_name":"Mushrooms","floor":12,"gold_loss":0,"cards_obtained":["Parasite"]}],"is_beta":false,"boss_relics":[{"not_picked":["Philosopher\u0027s Stone","Lizard Tail"],"picked":"Empty Cage"}],"items_purged_floors":[5,14],"is_endless":false,"potions_floor_spawned":[4,16],"killed_by":"Snecko","ascension_level":15}