{"gold_per_floor":[140,158,158,63,63,88,88,108,190,206,103,103,120,138,138,235,235,253,1,1,1,17,17,33,33,33,53,53,53,53,65,65,160,160,179,191,191,191,204,204,219,231,231,304,330,330,358,358],"floor_reached":48,"playtime":3118,"items_purged":[],"score":486,"play_id":"d98979a3-7e0f-4b54-8aed-4acee651f339","local_time":"20190813220535","is_ascension_mode":false,"campfire_choices":[{"data":"Static Discharge","floor":7,"key":"SMITH"},{"data":"Redo","floor":12,"key":"SMITH"},{"floor":15,"key":"REST"},{"data":"Dualcast","floor":23,"key":"SMITH"},{"data":"Zap","floor":25,"key":"SMITH"},{"floor":28,"key":"REST"},{"data":"Go for the Eyes","floor":32,"key":"SMITH"},{"floor":40,"key":"REST"},{"floor":46,"key":"REST"}],"neow_cost":"NONE","seed_source_timestamp":391002054900,"circlet_count":0,"master_deck":["Strike_B","Strike_B","Strike_B","Strike_B","Defend_B","Defend_B","Defend_B","Defend_B","Zap+1","Dualcast+1","Rebound","Storm","Static Discharge+1","Go for the Eyes+1","Sweeping Beam","Ball Lightning","Streamline","Hello World+1","Redo+1","Beam Cell+1","Machine Learning+1","Leap+1","Auto Shields+1","Doubt","Stack+1","J.A.X.+1","Amplify+1","Biased Cognition+1","Redo+1","Force Field+1","Double Energy+1","Turbo+1","Injury","Injury","Decay","White Noise+1"],"relics":["Cracked Core","Tiny Chest","Incense Burner","Pantograph","Frozen Egg 2","Mercury Hourglass","Cursed Key","Toxic Egg 2","Question Card","The Courier","Spirit Poop","White Beast Statue","Smiling Mask","Mummified Hand","Anchor","Bottled Tornado"],"potions_floor_usage":[16,33,33,33,41,41,41,42,48],"damage_taken":[{"damage":1,"enemies":"Cultist","floor":1,"turns":3},{"damage":11,"enemies":"Jaw Worm","floor":2,"turns":3},{"damage":21,"enemies":"Gremlin Nob","floor":6,"turns":4},{"damage":0,"enemies":"Small Slimes","floor":8,"turns":2},{"damage":0,"enemies":"Exordium Wildlife","floor":10,"turns":2},{"damage":8,"enemies":"Red Slaver","floor":13,"turns":3},{"damage":0,"enemies":"Looter","floor":14,"turns":2},{"damage":14,"enemies":"Slime Boss","floor":16,"turns":8},{"damage":5,"enemies":"Spheric Guardian","floor":18,"turns":3},{"damage":10,"enemies":"Chosen","floor":22,"turns":4},{"damage":15,"enemies":"Centurion and Healer","floor":24,"turns":5},{"damage":10,"enemies":"Shelled Parasite and Fungi","floor":27,"turns":5},{"damage":7,"enemies":"Snake Plant","floor":31,"turns":4},{"damage":33,"enemies":"Automaton","floor":33,"turns":8},{"damage":16,"enemies":"3 Shapes","floor":35,"turns":3},{"damage":26,"enemies":"3 Darklings","floor":36,"turns":4},{"damage":25,"enemies":"Sphere and 2 Shapes","floor":39,"turns":5},{"damage":14,"enemies":"Jaw Worm Horde","floor":41,"turns":5},{"damage":12,"enemies":"Transient","floor":42,"turns":5},{"damage":24,"enemies":"Nemesis","floor":47,"turns":7},{"damage":17,"enemies":"Writhing Mass","floor":48,"turns":1}],"seed_played":"7325321148717191517","potions_obtained":[{"floor":1,"key":"Ancient Potion"},{"floor":2,"key":"FocusPotion"},{"floor":13,"key":"Block Potion"},{"floor":24,"key":"Poison Potion"},{"floor":33,"key":"Regen Potion"},{"floor":35,"key":"EssenceOfSteel"},{"floor":36,"key":"PowerPotion"},{"floor":39,"key":"LiquidBronze"},{"floor":41,"key":"Weak Potion"},{"floor":42,"key":"LiquidBronze"},{"floor":47,"key":"Swift Potion"}],"is_trial":false,"path_per_floor":["M","M","T","$","T","E","R","M","T","M","$","R","M","M","R","B",null,"M","$","?","T","M","R","M","R","T","M","R","?","?","M","R","B",null,"M","M","?","?","M","R","M","M","T","T","T","R","E","M"],"character_chosen":"DEFECT","items_purchased":["Static Discharge","Go for the Eyes","Hello World+1","Redo","Toxic Egg 2"],"campfire_rested":4,"item_purchase_floors":[4,4,11,11,19],"current_hp_per_floor":[74,63,63,63,63,42,42,42,42,42,42,42,34,34,56,61,75,70,70,70,70,60,60,45,45,45,35,57,57,57,50,50,42,75,59,33,33,33,8,30,30,18,18,18,18,40,16,0],"gold":358,"neow_bonus":"RANDOM_COMMON_RELIC","is_prod":false,"is_daily":false,"chose_seed":false,"campfire_upgraded":5,"win_rate":0.0,"timestamp":1565705135,"path_taken":["M","?","?","$","?","E","R","M","T","M","$","R","M","M","R","BOSS","M","$","?","?","M","R","M","R","T","?","R","?","?","M","R","BOSS","M","?","?","?","M","R","?","M","T","?","?","R","E","M"],"build_version":"2019-07-17","purchased_purges":0,"victory":false,"max_hp_per_floor":[75,75,75,75,75,75,75,75,75,75,75,75,75,75,75,75,75,75,75,75,75,75,75,75,75,75,75,75,75,75,75,75,75,75,75,75,75,75,75,75,75,75,75,75,75,75,75,75],"card_choices":[{"not_picked":["Genetic Algorithm","Sweeping Beam"],"picked":"Rebound","floor":1},{"not_picked":["Barrage","Undo"],"picked":"Storm","floor":2},{"not_picked":["Coolheaded","Reprogram"],"picked":"Sweeping Beam","floor":6},{"not_picked":["Stack","Go for the Eyes"],"picked":"Ball Lightning","floor":8},{"not_picked":["Gash","Go for the Eyes"],"picked":"Streamline","floor":10},{"not_picked":["Lockon","Aggregate"],"picked":"Beam Cell","floor":13},{"not_picked":["Go for the Eyes","Streamline","Aggregate"],"picked":"SKIP","floor":14},{"not_picked":["Amplify","Meteor Strike"],"picked":"Machine Learning+1","floor":16},{"not_picked":["Cold Snap","Gash"],"picked":"Barrage+1","floor":18},{"not_picked":["Beam Cell","Redo+1","Stack+1"],"picked":"Leap+1","floor":22},{"not_picked":["Turbo+1","Beam Cell","Defragment+1"],"picked":"Auto Shields+1","floor":24},{"not_picked":["Chaos+1","Barrage+1","Storm+1"],"picked":"Stack+1","floor":27},{"not_picked":["Cold Snap","Rebound","Barrage+1"],"picked":"Amplify+1","floor":31},{"not_picked":["Thunder Strike","Seek+1","Machine Learning+1"],"picked":"Biased Cognition+1","floor":33},{"not_picked":["Leap+1","Go for the Eyes+1","Melter","Ball Lightning+1"],"picked":"SKIP","floor":35},{"not_picked":["Compile Driver+1","Go for the Eyes","Meteor Strike"],"picked":"Redo+1","floor":36},{"not_picked":["Barrage","Glacier+1","Cold Snap"],"picked":"Force Field+1","floor":39},{"not_picked":["Redo+1","Barrage+1","Tempest+1"],"picked":"Double Energy+1","floor":41},{"not_picked":["Barrage+1","Consume+1","Cold Snap+1"],"picked":"Turbo+1","floor":42},{"not_picked":["Scrape+1","Streamline","Barrage+1"],"picked":"White Noise+1","floor":47}],"player_experience":110447,"relics_obtained":[{"floor":3,"key":"Incense Burner"},{"floor":5,"key":"Pantograph"},{"floor":6,"key":"Frozen Egg 2"},{"floor":9,"key":"Mercury Hourglass"},{"floor":21,"key":"Question Card"},{"floor":26,"key":"The Courier"},{"floor":43,"key":"Smiling Mask"},{"floor":44,"key":"Mummified Hand"},{"floor":45,"key":"Anchor"},{"floor":47,"key":"Bottled Tornado"}],"event_choices":[{"damage_healed":0,"gold_gain":0,"player_choice":"Obtain J.A.X.","damage_taken":0,"max_hp_gain":0,"max_hp_loss":0,"event_name":"Drug Dealer","floor":29,"gold_loss":0,"cards_obtained":["J.A.X."]},{"cards_removed":["Shame"],"damage_healed":0,"gold_gain":0,"player_choice":"Offered Curse","damage_taken":0,"relics_obtained":["Spirit Poop"],"max_hp_gain":0,"max_hp_loss":0,"event_name":"Bonfire Elementals","floor":30,"gold_loss":0},{"cards_removed":["Barrage"],"damage_healed":0,"gold_gain":0,"player_choice":"Removed Attack","damage_taken":0,"max_hp_gain":0,"max_hp_loss":0,"event_name":"Falling","floor":37,"gold_loss":0},{"damage_healed":0,"gold_gain":0,"player_choice":"Upgraded","damage_taken":0,"max_hp_gain":0,"max_hp_loss":0,"event_name":"Upgrade Shrine","floor":38,"gold_loss":0,"cards_upgraded":["Beam Cell"]}],"is_beta":false,"boss_relics":[{"not_picked":["Tiny House","Sozu"],"picked":"Cursed Key"},{"not_picked":["Snecko Eye","Eternal Feather"],"picked":"White Beast Statue"}],"items_purged_floors":[],"is_endless":false,"potions_floor_spawned":[1,2,13,14,24,33,35,36,39,41,42,47],"killed_by":"Writhing Mass","ascension_level":0}