{"gold_per_floor":[110,35,51,68,68,68,86,103,155,155,190,202,202],"floor_reached":13,"playtime":594,"items_purged":["Strike_B"],"score":161,"play_id":"7e6be7b1-d85e-4b63-a367-cb8b64552ee5","local_time":"20190424002615","is_ascension_mode":true,"campfire_choices":[{"floor":6,"key":"REST"},{"floor":10,"key":"REST"}],"neow_cost":"NONE","seed_source_timestamp":973749284795370,"circlet_count":0,"master_deck":["AscendersBane","Strike_B","Strike_B","Strike_B","Defend_B","Defend_B","Defend_B","Defend_B","Zap","Dualcast","Lockon","Coolheaded","Pain","Chill","Streamline","Skim","Heatsinks"],"relics":["Fusion Hammer","WarpedTongs","Strawberry","Bottled Flame"],"potions_floor_usage":[],"damage_taken":[{"damage":6,"enemies":"Small Slimes","floor":1,"turns":4},{"damage":0,"enemies":"Cultist","floor":3,"turns":3},{"damage":3,"enemies":"2 Louse","floor":4,"turns":3},{"damage":26,"enemies":"Large Slime","floor":7,"turns":8},{"damage":17,"enemies":"3 Louse","floor":8,"turns":3},{"damage":14,"enemies":"Lagavulin","floor":11,"turns":7},{"damage":14,"enemies":"Exordium Thugs","floor":12,"turns":4},{"damage":30,"enemies":"Gremlin Nob","floor":13,"turns":4}],"seed_played":"-7214940858568159415","potions_obtained":[{"floor":1,"key":"SkillPotion"},{"floor":4,"key":"Dexterity Potion"}],"is_trial":false,"path_per_floor":["M","$","M","M","?","R","M","M","T","R","E","M","E"],"character_chosen":"DEFECT","items_purchased":[],"campfire_rested":2,"item_purchase_floors":[],"current_hp_per_floor":[58,58,58,55,55,71,45,28,35,58,44,30,0],"gold":202,"neow_bonus":"BOSS_RELIC","is_prod":false,"is_daily":false,"chose_seed":false,"campfire_upgraded":0,"win_rate":0,"timestamp":1556090775,"path_taken":["M","$","M","M","?","R","M","M","T","R","E","M","E"],"build_version":"2019-01-23","purchased_purges":1,"victory":false,"max_hp_per_floor":[71,71,71,71,71,71,71,71,78,78,78,78,78],"card_choices":[{"not_picked":["Reinforced Body","Hologram"],"picked":"Lockon","floor":1},{"not_picked":["Scrape","Recycle"],"picked":"Coolheaded","floor":3},{"not_picked":["Scrape","Static Discharge","Blizzard"],"picked":"SKIP","floor":4},{"not_picked":["Tempest","Rip and Tear"],"picked":"Chill","floor":7},{"not_picked":["Beam Cell","Chaos"],"picked":"Streamline","floor":8},{"not_picked":["Leap","Turbo"],"picked":"Skim","floor":11},{"not_picked":["Force Field","Hologram"],"picked":"Heatsinks","floor":12}],"player_experience":1296645,"relics_obtained":[{"floor":9,"key":"Strawberry"},{"floor":11,"key":"Bottled Flame"}],"event_choices":[{"damage_healed":0,"gold_gain":0,"player_choice":"Rummage","damage_taken":0,"relics_obtained":["WarpedTongs"],"max_hp_gain":0,"max_hp_loss":0,"event_name":"Accursed Blacksmith","floor":5,"gold_loss":0,"cards_obtained":["Pain"]}],"is_beta":false,"boss_relics":[],"items_purged_floors":[2],"is_endless":false,"potions_floor_spawned":[1,4,8,12],"killed_by":"Gremlin Nob","ascension_level":17}