{"gold_per_floor":[111,125,125,0,12,12,43,59,59,59,70,70,88,107,107,107],"floor_reached":16,"playtime":1065,"items_purged":["Pain"],"score":146,"play_id":"8ead1076-0d42-444f-93b4-62c286ea6e4a","local_time":"20180908215400","is_ascension_mode":true,"campfire_choices":[{"floor":6,"key":"REST"},{"floor":10,"key":"REST"},{"floor":12,"key":"REST"},{"data":"Dual Wield","floor":15,"key":"SMITH"}],"neow_cost":"NONE","seed_source_timestamp":1018187314629188,"circlet_count":0,"master_deck":["Strike_R","Strike_R","Strike_R","Strike_R","Strike_R","Defend_R","Defend_R","Defend_R","Defend_R","Bash","Writhe","Parasite","Whirlwind","Dual Wield+1","Shrug It Off","Seeing Red","Dropkick+1","Bloodletting","Shrug It Off","Pommel Strike+1"],"relics":["Calling Bell","Boot","Shuriken","Gambling Chip","Kunai","Molten Egg 2","Mummified Hand"],"potions_floor_usage":[7,11],"damage_taken":[{"damage":16,"enemies":"2 Louse","floor":1,"turns":5},{"damage":14,"enemies":"Jaw Worm","floor":2,"turns":4},{"damage":6,"enemies":"Cultist","floor":5,"turns":5},{"damage":35,"enemies":"3 Sentries","floor":7,"turns":9},{"damage":0,"enemies":"2 Fungi Beasts","floor":8,"turns":4},{"damage":14,"enemies":"Exordium Thugs","floor":11,"turns":4},{"damage":3,"enemies":"Looter","floor":13,"turns":2},{"damage":1,"enemies":"Exordium Wildlife","floor":14,"turns":3},{"damage":49,"enemies":"Hexaghost","floor":16,"turns":7}],"seed_played":"3450739907480338551","potions_obtained":[{"floor":2,"key":"Block Potion"},{"floor":8,"key":"Energy Potion"},{"floor":13,"key":"Explosive Potion"}],"is_trial":false,"path_per_floor":["M","M","?","$","M","R","E","M","T","R","M","R","M","M","R"],"character_chosen":"IRONCLAD","items_purchased":["Shrug It Off"],"campfire_rested":3,"item_purchase_floors":[4],"current_hp_per_floor":[56,42,30,30,24,48,13,13,13,37,23,47,44,43,43,0],"gold":107,"neow_bonus":"BOSS_RELIC","is_prod":false,"is_daily":false,"chose_seed":false,"campfire_upgraded":1,"win_rate":0,"timestamp":1536468840,"path_taken":["M","M","?","$","M","R","E","M","T","R","M","R","M","M","R","BOSS"],"build_version":"2018-09-06","purchased_purges":1,"victory":false,"max_hp_per_floor":[80,80,80,80,80,80,80,80,80,80,80,80,80,80,80,80],"card_choices":[{"not_picked":["Impervious","Warcry"],"picked":"Whirlwind","floor":1},{"not_picked":["Clothesline","Rampage"],"picked":"Dual Wield","floor":2},{"not_picked":["Headbutt","True Grit"],"picked":"Seeing Red","floor":5},{"not_picked":["Hemokinesis","Warcry"],"picked":"Dropkick","floor":7},{"not_picked":["Whirlwind+1","Evolve"],"picked":"Bloodletting","floor":8},{"not_picked":["Searing Blow+1","Armaments"],"picked":"Shrug It Off","floor":11},{"not_picked":["True Grit","Sever Soul+1","Warcry"],"picked":"SKIP","floor":13},{"not_picked":["Fire Breathing","Body Slam+1"],"picked":"Pommel Strike+1","floor":14}],"player_experience":769952,"relics_obtained":[{"floor":0,"key":"Boot"},{"floor":0,"key":"Shuriken"},{"floor":0,"key":"Gambling Chip"},{"floor":7,"key":"Molten Egg 2"},{"floor":9,"key":"Mummified Hand"}],"event_choices":[{"event_name":"Scrap Ooze","player_choice":"success","floor":3,"damage_taken":12}],"is_beta":false,"boss_relics":[],"items_purged_floors":[4],"is_endless":false,"potions_floor_spawned":[2,8,13],"killed_by":"Hexaghost","ascension_level":8}