{"gold_per_floor":[114,125,125,125,143,175,192,224,273,290,300,327,327,343,343,343],"floor_reached":16,"playtime":1456,"items_purged":[],"score":136,"play_id":"57bb308e-818c-48aa-a91e-5772a6fdcf3e","local_time":"20190601225902","is_ascension_mode":true,"campfire_choices":[{"floor":15,"key":"REST"}],"neow_cost":"NONE","seed_source_timestamp":608163431037796,"circlet_count":0,"master_deck":["Strike_R+1","Strike_R","Strike_R","Strike_R","Strike_R","Defend_R","Defend_R","Defend_R","Bash","Cleave","Pommel Strike+1","Reckless Charge","Perfected Strike","Reckless Charge","Wild Strike","Perfected Strike","Twin Strike"],"relics":["Burning Blood","NeowsBlessing","Boot","Ornamental Fan","Whetstone","Happy Flower","Dream Catcher"],"potions_floor_usage":[7,11,16,16],"damage_taken":[{"damage":0,"enemies":"2 Louse","floor":1,"turns":1},{"damage":0,"enemies":"Jaw Worm","floor":2,"turns":1},{"damage":0,"enemies":"Cultist","floor":5,"turns":1},{"damage":44,"enemies":"Lagavulin","floor":6,"turns":6},{"damage":0,"enemies":"Gremlin Gang","floor":7,"turns":3},{"damage":3,"enemies":"Gremlin Nob","floor":8,"turns":3},{"damage":9,"enemies":"2 Fungi Beasts","floor":10,"turns":2},{"damage":0,"enemies":"Lots of Slimes","floor":11,"turns":4},{"damage":27,"enemies":"Lagavulin","floor":12,"turns":4},{"damage":8,"enemies":"Blue Slaver","floor":14,"turns":2},{"damage":55,"enemies":"The Guardian","floor":16,"turns":5}],"seed_played":"3660573527240805521","potions_obtained":[{"floor":1,"key":"AttackPotion"},{"floor":2,"key":"FairyPotion"},{"floor":6,"key":"BloodPotion"},{"floor":10,"key":"SpeedPotion"},{"floor":12,"key":"PowerPotion"}],"is_trial":false,"path_per_floor":["M","M","?","?","M","E","M","E","T","M","M","E","?","M","R","B"],"character_chosen":"IRONCLAD","items_purchased":[],"campfire_rested":1,"item_purchase_floors":[],"current_hp_per_floor":[80,80,55,55,61,23,29,32,32,29,35,14,14,12,36,0],"gold":343,"neow_bonus":"THREE_ENEMY_KILL","is_prod":false,"is_daily":false,"chose_seed":false,"campfire_upgraded":0,"win_rate":0,"timestamp":1559444342,"path_taken":["M","M","?","?","?","E","M","E","T","?","M","E","?","M","R","BOSS"],"build_version":"2019-01-23","purchased_purges":0,"victory":false,"max_hp_per_floor":[80,80,80,80,80,80,80,80,80,80,80,80,80,80,80,80],"card_choices":[{"not_picked":["Evolve","Shrug It Off"],"picked":"Cleave","floor":1},{"not_picked":["Battle Trance","Warcry"],"picked":"Pommel Strike","floor":2},{"not_picked":["Thunderclap","Cleave"],"picked":"Reckless Charge","floor":5},{"not_picked":["Shrug It Off","Disarm"],"picked":"Perfected Strike","floor":6},{"not_picked":["Warcry","True Grit"],"picked":"Reckless Charge","floor":7},{"not_picked":["Havoc","Corruption","Exhume"],"picked":"SKIP","floor":8},{"not_picked":["Disarm","Uppercut"],"picked":"Wild Strike","floor":10},{"not_picked":["Rage","Havoc"],"picked":"Perfected Strike","floor":11},{"not_picked":["Cleave","Thunderclap","Shrug It Off"],"picked":"SKIP","floor":12},{"not_picked":["Flex","Sword Boomerang"],"picked":"Twin Strike","floor":14}],"player_experience":24345,"relics_obtained":[{"floor":6,"key":"Ornamental Fan"},{"floor":8,"key":"Whetstone"},{"floor":9,"key":"Happy Flower"},{"floor":12,"key":"Dream Catcher"}],"event_choices":[{"damage_healed":0,"gold_gain":0,"player_choice":"Success","damage_taken":25,"relics_obtained":["Boot"],"max_hp_gain":0,"max_hp_loss":0,"event_name":"Scrap Ooze","floor":3,"gold_loss":0},{"damage_healed":0,"gold_gain":0,"player_choice":"Bought 0 Potions","damage_taken":0,"max_hp_gain":0,"max_hp_loss":0,"event_name":"The Woman in Blue","floor":4,"gold_loss":0},{"cards_removed":["Defend_R"],"damage_healed":0,"gold_gain":0,"player_choice":"Purged","damage_taken":0,"max_hp_gain":0,"max_hp_loss":0,"event_name":"Purifier","floor":13,"gold_loss":0}],"is_beta":false,"boss_relics":[],"items_purged_floors":[],"is_endless":false,"potions_floor_spawned":[1,2,6,10,12],"killed_by":"The Guardian","ascension_level":2}