{"gold_per_floor":[119,137,137,149,162,162,192,192,192,218,236,246,246,257,257,361,361,341,359,359],"floor_reached":20,"playtime":2707,"items_purged":[],"score":274,"play_id":"9842da9c-009c-4327-b040-314a54a72ddc","local_time":"20190603154536","is_ascension_mode":true,"campfire_choices":[{"data":"Inflame","floor":6.0,"key":"SMITH"},{"data":"True Grit","floor":8.0,"key":"SMITH"},{"data":"Barricade","floor":13.0,"key":"SMITH"},{"floor":15.0,"key":"REST"}],"neow_cost":"NONE","seed_source_timestamp":753614611721512,"circlet_count":0,"master_deck":["Strike_R","Strike_R","Defend_R","Defend_R","Defend_R","Defend_R","Bash","Shrug It Off","Shockwave","Shockwave","Inflame+1","Headbutt","True Grit+1","Ghostly Armor","Barricade+1","Impervious"],"special_seed":0,"relics":["Burning Blood","NeowsBlessing","Calipers","Nunchaku","Gremlin Horn","Empty Cage"],"potions_floor_usage":[16,18,20,20],"damage_taken":[{"damage":0.0,"enemies":"Cultist","floor":1.0,"turns":1.0},{"damage":0.0,"enemies":"2 Louse","floor":2.0,"turns":1.0},{"damage":0.0,"enemies":"Jaw Worm","floor":4.0,"turns":1.0},{"damage":20.0,"enemies":"Lots of Slimes","floor":5.0,"turns":7.0},{"damage":30.0,"enemies":"Lagavulin","floor":7.0,"turns":6.0},{"damage":18.0,"enemies":"Gremlin Nob","floor":10.0,"turns":4.0},{"damage":5.0,"enemies":"Red Slaver","floor":11.0,"turns":6.0},{"damage":1.0,"enemies":"Large Slime","floor":12.0,"turns":6.0},{"damage":8.0,"enemies":"Looter","floor":14.0,"turns":4.0},{"damage":0,"enemies":"The Guardian","floor":16,"turns":16},{"damage":20,"enemies":"2 Thieves","floor":18,"turns":4},{"damage":32,"enemies":"3 Byrds","floor":19,"turns":10},{"damage":40,"enemies":"3 Cultists","floor":20,"turns":7}],"seed_played":"-42274394119442453","potions_obtained":[{"floor":1.0,"key":"FearPotion"},{"floor":7.0,"key":"PowerPotion"},{"floor":12.0,"key":"Fire Potion"},{"floor":16,"key":"Block Potion"},{"floor":19,"key":"Energy Potion"}],"is_trial":false,"path_per_floor":["M","M","?","M","M","R","E","R","T","E","M","M","R","M","R","B",null,"M","M","M"],"character_chosen":"IRONCLAD","items_purchased":[],"campfire_rested":1,"item_purchase_floors":[],"current_hp_per_floor":[80,80,80,80,66,66,42,42,42,30,31,36,36,34,58,64,80,66,40,0],"gold":359,"neow_bonus":"THREE_ENEMY_KILL","is_prod":false,"is_daily":false,"chose_seed":false,"campfire_upgraded":3,"win_rate":0,"timestamp":1559591136,"path_taken":["M","M","?","?","M","R","E","R","T","E","M","M","R","M","R","BOSS","M","M","M"],"build_version":"2019-01-23","purchased_purges":0,"victory":false,"max_hp_per_floor":[80,80,80,80,80,80,80,80,80,80,80,80,80,80,80,80,80,80,80,80],"card_choices":[{"not_picked":["Uppercut","Twin Strike"],"picked":"Shrug It Off","floor":1.0},{"not_picked":["Cleave","Clothesline"],"picked":"Shockwave","floor":2.0},{"not_picked":["Sentinel","Flex"],"picked":"Inflame","floor":4.0},{"not_picked":["Sword Boomerang","Warcry"],"picked":"Headbutt","floor":5.0},{"not_picked":["Rage","Second Wind"],"picked":"True Grit","floor":7.0},{"not_picked":["Twin Strike","Anger"],"picked":"Ghostly Armor","floor":10.0},{"not_picked":["Thunderclap","Havoc","Sword Boomerang"],"picked":"SKIP","floor":11.0},{"not_picked":["Heavy Blade","Clothesline"],"picked":"Barricade","floor":12.0},{"not_picked":["Clash","Evolve","Heavy Blade"],"picked":"SKIP","floor":14.0},{"not_picked":["Searing Blow","Flex+1","Havoc"],"picked":"SKIP","floor":18},{"not_picked":["Shrug It Off","Corruption+1"],"picked":"Impervious","floor":19}],"player_experience":54530,"relics_obtained":[{"floor":7.0,"key":"Calipers"},{"floor":9.0,"key":"Nunchaku"},{"floor":10.0,"key":"Gremlin Horn"}],"event_choices":[{"damage_healed":0.0,"max_hp_gain":0.0,"max_hp_loss":0.0,"gold_gain":0.0,"cards_transformed":["Strike_R"],"event_name":"Transmorgrifier","player_choice":"Transformed","floor":3.0,"gold_loss":0.0,"damage_taken":0.0,"cards_obtained":["Shockwave"]}],"is_beta":false,"boss_relics":[{"not_picked":["Runic Cube","Tiny House"],"picked":"Empty Cage"}],"items_purged_floors":[],"is_endless":false,"potions_floor_spawned":[1,7,12,16,19],"killed_by":"3 Cultists","ascension_level":3}