{"gold_per_floor":[115,40,52,52,52,52,2,2,2,21,35,61,79,111,111,111],"floor_reached":16,"playtime":761,"items_purged":["Defend_R"],"score":160,"play_id":"75b27cd9-bf5b-4495-ad85-a99ac255088e","local_time":"20180915020634","is_ascension_mode":true,"campfire_choices":[{"data":"Pummel","floor":6,"key":"SMITH"},{"data":"Heavy Blade","floor":8,"key":"SMITH"},{"data":"Bash","floor":15,"key":"SMITH"}],"neow_cost":"NONE","seed_source_timestamp":1486271596871777,"circlet_count":0,"master_deck":["Strike_R","Strike_R","Strike_R","Strike_R","Defend_R","Defend_R","Defend_R","Bash+1","Pummel+1","Heavy Blade+1","Cleave","Cleave","Sword Boomerang","Reaper"],"relics":["Burning Blood","Happy Flower","Blue Candle","Self Forming Clay","Anchor"],"potions_floor_usage":[3,14,14],"damage_taken":[{"damage":1,"enemies":"Cultist","floor":1,"turns":4},{"damage":6,"enemies":"2 Louse","floor":3,"turns":3},{"damage":7,"enemies":"Jaw Worm","floor":10,"turns":2},{"damage":21,"enemies":"Lots of Slimes","floor":11,"turns":4},{"damage":35,"enemies":"Lagavulin","floor":12,"turns":6},{"damage":5,"enemies":"Gremlin Gang","floor":13,"turns":3},{"damage":23,"enemies":"3 Sentries","floor":14,"turns":6},{"damage":59,"enemies":"The Guardian","floor":16,"turns":6}],"seed_played":"-5784948827214697246","potions_obtained":[{"floor":3,"key":"Fruit Juice"},{"floor":10,"key":"EssenceOfSteel"},{"floor":13,"key":"Regen Potion"}],"is_trial":false,"path_per_floor":["M","$","M","?","$","R","?","R","T","M","M","E","M","E","R"],"character_chosen":"IRONCLAD","items_purchased":[],"campfire_rested":0,"item_purchase_floors":[],"current_hp_per_floor":[77,77,82,85,85,85,85,85,85,84,69,40,41,51,51,0],"gold":111,"neow_bonus":"RANDOM_COMMON_RELIC","is_prod":false,"is_daily":false,"chose_seed":false,"campfire_upgraded":3,"win_rate":0,"timestamp":1537002394,"path_taken":["M","?","M","?","$","R","?","R","T","M","M","E","?","E","R","BOSS"],"build_version":"2018-09-06","purchased_purges":1,"victory":false,"max_hp_per_floor":[80,80,85,85,85,85,85,85,85,85,85,85,85,85,85,85],"card_choices":[{"not_picked":["Cleave","Thunderclap"],"picked":"Pummel","floor":1},{"not_picked":["Metallicize","Perfected Strike"],"picked":"Heavy Blade","floor":3},{"not_picked":["Heavy Blade","Clash"],"picked":"Cleave","floor":10},{"not_picked":["Flame Barrier","Headbutt"],"picked":"Cleave","floor":11},{"not_picked":["Havoc","Fire Breathing"],"picked":"Sword Boomerang","floor":12},{"not_picked":["Clothesline","Perfected Strike"],"picked":"Reaper","floor":13},{"not_picked":["Combust","Clothesline","Burning Pact"],"picked":"SKIP","floor":14}],"player_experience":803928,"relics_obtained":[{"floor":9,"key":"Blue Candle"},{"floor":12,"key":"Self Forming Clay"},{"floor":14,"key":"Anchor"}],"event_choices":[{"event_name":"Wheel of Change","player_choice":"Full Heal","floor":4,"damage_taken":0},{"event_name":"The Cleric","player_choice":"Card Removal","floor":7,"damage_taken":0}],"is_beta":false,"boss_relics":[],"items_purged_floors":[2],"is_endless":false,"potions_floor_spawned":[3,10,13],"killed_by":"The Guardian","ascension_level":9}