{"gold_per_floor":[216,216,232,296,296,322,322,31,31,97,116,116,132,143,143,239,289,301,317,367,427,352,352,435,435,435,160,125,253,288,306,306,402,402,416,255,305,316,366,376,393,393,419,419,449,510,510,464,464,464],"floor_reached":50,"playtime":4161,"items_purged":["Strike_B","Strike_B","Defend_B"],"score":540,"play_id":"ab65837b-2ba9-4b1b-896c-dbfa6e23f683","local_time":"20190815112107","is_ascension_mode":false,"campfire_choices":[{"data":"Chaos","floor":7,"key":"SMITH"},{"data":"Defragment","floor":12,"key":"SMITH"},{"floor":15,"key":"REST"},{"data":"Buffer","floor":23,"key":"SMITH"},{"data":"Zap","floor":25,"key":"SMITH"},{"floor":32,"key":"REST"},{"data":"Beam Cell","floor":42,"key":"SMITH"},{"floor":44,"key":"REST"},{"floor":47,"key":"REST"},{"floor":49,"key":"REST"}],"neow_cost":"NONE","seed_source_timestamp":2541961629800,"circlet_count":0,"master_deck":["Defend_B+1","Defend_B+1","Defend_B","Zap+1","Dualcast+1","Sunder+1","Gash","Chaos+1","Defragment+1","Ball Lightning","Coolheaded","Chill","Hologram","Conserve Battery","Rebound","Buffer+1","Stack","Self Repair+1","Auto Shields+1","FTL","All For One","Beam Cell+1","Fusion+1","Turbo+1","Fission+1","Gash+1","Melter","Coolheaded+1","White Noise+1","Glacier+1"],"relics":["Cracked Core","SsserpentHead","Potion Belt","War Paint","Whetstone","Tiny House","Red Mask","Anchor","Boot","Toxic Egg 2","Emotion Chip","Lizard Tail","Bronze Scales","Ice Cream","Du-Vu Doll"],"potions_floor_usage":[14,16,16,24,30,33,40,45,50],"damage_taken":[{"damage":7,"enemies":"Jaw Worm","floor":1,"turns":4},{"damage":4,"enemies":"Cultist","floor":3,"turns":4},{"damage":41,"enemies":"Lagavulin","floor":6,"turns":7},{"damage":0,"enemies":"2 Louse","floor":10,"turns":2},{"damage":0,"enemies":"Gremlin Gang","floor":11,"turns":4},{"damage":0,"enemies":"3 Louse","floor":13,"turns":2},{"damage":0,"enemies":"Lots of Slimes","floor":14,"turns":2},{"damage":12,"enemies":"The Guardian","floor":16,"turns":9},{"damage":0,"enemies":"3 Byrds","floor":18,"turns":5},{"damage":16,"enemies":"Chosen","floor":19,"turns":5},{"damage":26,"enemies":"Snake Plant","floor":21,"turns":4},{"damage":21,"enemies":"Masked Bandits","floor":24,"turns":6},{"damage":0,"enemies":"Slavers","floor":30,"turns":3},{"damage":6,"enemies":"3 Cultists","floor":31,"turns":6},{"damage":60,"enemies":"Automaton","floor":33,"turns":13},{"damage":48,"enemies":"3 Darklings","floor":35,"turns":10},{"damage":20,"enemies":"3 Shapes","floor":38,"turns":5},{"damage":0,"enemies":"Transient","floor":40,"turns":5},{"damage":0,"enemies":"Sphere and 2 Shapes","floor":41,"turns":6},{"damage":50,"enemies":"Nemesis","floor":45,"turns":8},{"damage":0,"enemies":"Spire Growth","floor":46,"turns":6},{"damage":139,"enemies":"Donu and Deca","floor":50,"turns":12}],"seed_played":"7505237378668694426","potions_obtained":[{"floor":3,"key":"Explosive Potion"},{"floor":10,"key":"PowerPotion"},{"floor":14,"key":"AttackPotion"},{"floor":17,"key":"Explosive Potion"},{"floor":18,"key":"PowerPotion"},{"floor":24,"key":"SkillPotion"},{"floor":38,"key":"AttackPotion"},{"floor":40,"key":"EssenceOfSteel"},{"floor":45,"key":"SteroidPotion"}],"is_trial":false,"path_per_floor":["M","?","M","?","?","E","R","$","T","M","M","R","M","M","R","B",null,"M","M","?","M","$","R","?","R","T","$","?","T","E","M","R","B",null,"M","$","?","M","?","M","M","R","T","R","E","M","R","?","R","B"],"character_chosen":"DEFECT","items_purchased":["Defragment","Ball Lightning","Coolheaded","War Paint","All For One","Beam Cell","Melter"],"campfire_rested":5,"item_purchase_floors":[8,8,8,8,27,27,36],"current_hp_per_floor":[68,68,64,64,64,23,23,23,23,23,23,23,23,23,45,33,80,80,74,74,58,58,58,47,47,47,47,47,47,47,51,75,25,80,42,42,42,32,32,42,52,52,52,76,36,36,60,60,80,0],"gold":464,"neow_bonus":"HUNDRED_GOLD","is_prod":false,"is_daily":false,"chose_seed":false,"campfire_upgraded":5,"win_rate":0.0,"timestamp":1565839267,"path_taken":["M","?","?","?","?","E","R","$","T","?","M","R","M","M","R","BOSS","M","M","?","?","$","R","?","R","T","$","?","?","E","M","R","BOSS","M","$","?","M","?","M","M","R","T","R","E","?","R","?","R","BOSS"],"build_version":"2019-07-17","purchased_purges":3,"victory":false,"max_hp_per_floor":[75,75,75,75,75,75,75,75,75,75,75,75,75,75,75,75,80,80,80,80,80,80,80,80,80,80,80,80,80,80,80,80,80,80,80,80,80,80,80,80,80,80,80,80,80,80,80,80,80,80],"card_choices":[{"not_picked":["Stack","Hologram"],"picked":"Sunder","floor":1},{"not_picked":["Go for the Eyes","Force Field"],"picked":"Gash","floor":3},{"not_picked":["Redo","Conserve Battery"],"picked":"Chaos","floor":6},{"not_picked":["Sweeping Beam","Hyperbeam"],"picked":"Chill","floor":10},{"not_picked":["Redo","Stack"],"picked":"Hologram","floor":11},{"not_picked":["Hologram","Leap"],"picked":"Conserve Battery","floor":13},{"not_picked":["Storm","Steam Power"],"picked":"Rebound","floor":14},{"not_picked":["All For One","Fission"],"picked":"Buffer","floor":16},{"not_picked":["Streamline","Conserve Battery"],"picked":"Stack","floor":17},{"not_picked":["Hologram","Rebound"],"picked":"Self Repair+1","floor":18},{"not_picked":["Darkness","Rip and Tear","Conserve Battery"],"picked":"SKIP","floor":19},{"not_picked":["Coolheaded","Force Field"],"picked":"Auto Shields+1","floor":21},{"not_picked":["Tempest+1","Lockon+1"],"picked":"FTL","floor":24},{"not_picked":["Self Repair","Compile Driver"],"picked":"Fusion+1","floor":30},{"not_picked":["Beam Cell+1","Sweeping Beam"],"picked":"Turbo+1","floor":31},{"not_picked":["All For One","Rainbow+1"],"picked":"Fission+1","floor":33},{"not_picked":["Streamline+1","Redo+1"],"picked":"Gash+1","floor":35},{"not_picked":["Auto Shields+1","Conserve Battery+1","Fusion+1"],"picked":"SKIP","floor":38},{"not_picked":["FTL+1","Compile Driver"],"picked":"Coolheaded+1","floor":40},{"not_picked":["Cold Snap","Rebound"],"picked":"White Noise+1","floor":41},{"not_picked":["Compile Driver+1","Streamline+1"],"picked":"Glacier+1","floor":45},{"not_picked":["Glacier+1","Cold Snap+1","Conserve Battery+1"],"picked":"SKIP","floor":46}],"player_experience":147010,"relics_obtained":[{"floor":6,"key":"Potion Belt"},{"floor":9,"key":"Whetstone"},{"floor":24,"key":"Red Mask"},{"floor":26,"key":"Anchor"},{"floor":29,"key":"Toxic Egg 2"},{"floor":30,"key":"Emotion Chip"},{"floor":43,"key":"Bronze Scales"},{"floor":45,"key":"Ice Cream"}],"event_choices":[{"cards_removed":["Strike_B"],"damage_healed":0,"gold_gain":0,"player_choice":"Purged","damage_taken":0,"max_hp_gain":0,"max_hp_loss":0,"event_name":"Purifier","floor":2,"gold_loss":0},{"damage_healed":0,"gold_gain":64,"player_choice":"Gained Gold","damage_taken":0,"max_hp_gain":0,"max_hp_loss":0,"event_name":"Golden Wing","floor":4,"gold_loss":0},{"damage_healed":0,"gold_gain":0,"player_choice":"Trade","damage_taken":0,"relics_obtained":["SsserpentHead"],"max_hp_gain":0,"max_hp_loss":0,"event_name":"FaceTrader","floor":5,"gold_loss":0},{"damage_healed":0,"gold_gain":0,"player_choice":"Ignored","damage_taken":0,"max_hp_gain":0,"max_hp_loss":0,"event_name":"NoteForYourself","floor":20,"gold_loss":0},{"damage_healed":0,"gold_gain":0,"player_choice":"Fought Bandits","damage_taken":0,"max_hp_gain":0,"max_hp_loss":0,"event_name":"Masked Bandits","floor":24,"gold_loss":0},{"damage_healed":0,"gold_gain":0,"player_choice":"Obtained Relic","damage_taken":0,"relics_obtained":["Boot"],"max_hp_gain":0,"max_hp_loss":0,"event_name":"Addict","floor":28,"gold_loss":85},{"damage_healed":0,"gold_gain":0,"player_choice":"Ignored","damage_taken":0,"max_hp_gain":0,"max_hp_loss":0,"event_name":"Mysterious Sphere","floor":37,"gold_loss":0},{"cards_removed":["Strike_B"],"damage_healed":0,"gold_gain":0,"player_choice":"Purged","damage_taken":0,"max_hp_gain":0,"max_hp_loss":0,"event_name":"Purifier","floor":39,"gold_loss":0},{"damage_healed":0,"gold_gain":0,"player_choice":"Paid Gold","damage_taken":0,"relics_obtained":["Du-Vu Doll"],"max_hp_gain":0,"max_hp_loss":0,"event_name":"WeMeetAgain","floor":48,"gold_loss":96}],"is_beta":false,"boss_relics":[{"not_picked":["Pandora\u0027s Box","Cursed Key"],"picked":"Tiny House"},{"not_picked":["Velvet Choker","Philosopher\u0027s Stone"],"picked":"Lizard Tail"}],"items_purged_floors":[22,27,36],"is_endless":false,"potions_floor_spawned":[3,10,14,18,24,38,40,45],"killed_by":"Donu and Deca","ascension_level":0}