{"gold_per_floor":[144,15,15,60,105,195,195,370,420,465,555,555,600,645,645,945,945,990,990,1035,1080,783,873,918,963,988,1033,479,313,358,358,358,658,658,703,748,748,552,597,597,687,687,687,91,91,136,181,226,226,226],"floor_reached":51,"playtime":4573,"items_purged":["Strike_B","Strike_B"],"score":938,"play_id":"a670669f-8c77-4172-b7ce-89a658f944b5","local_time":"20190418133235","daily_mods":["Specialized","Vintage","Midas"],"is_ascension_mode":false,"campfire_choices":[{"floor":15,"key":"REST"},{"floor":32,"key":"REST"},{"data":"1","floor":40,"key":"LIFT"},{"data":"2","floor":45,"key":"LIFT"},{"data":"3","floor":49,"key":"LIFT"}],"neow_cost":"","seed_source_timestamp":247258195272768,"circlet_count":0,"master_deck":["Defend_B","Defend_B","Defend_B","Defend_B+1","Zap","Dualcast","Rebound+1","Rebound","Rebound","Rebound","Rebound","Gash","Steam Power","BootSequence+1","Genetic Algorithm+1","Echo Form+1","Streamline+1","Ball Lightning+1","Gash+1","Coolheaded+1","Apotheosis+1","White Noise+1","Core Surge+1","Sweeping Beam+1","Flash of Steel+1","Secret Weapon+1","Meteor Strike+1"],"special_seed":18004,"relics":["Cracked Core","Dodecahedron","Blood Vial","Shuriken","Meat on the Bone","Toxic Egg 2","Boot","Regal Pillow","Ancient Tea Set","Happy Flower","Centennial Puzzle","Empty Cage","Molten Egg 2","Pear","Pen Nib","Oddly Smooth Stone","Girya","Sundial","Mango","Smiling Mask","Dream Catcher","DollysMirror","Strawberry","Juzu Bracelet","Omamori","FaceOfCleric","Nuclear Battery","Gremlin Horn","Bag of Preparation","Lantern","Ornamental Fan","FossilizedHelix","Bottled Tornado","Orichalcum","Pantograph","Ginger","Incense Burner","Art of War"],"potions_floor_usage":[16,16,23,25,33,36,39,41,48,50,50],"damage_taken":[{"damage":2,"enemies":"Small Slimes","floor":1,"turns":3},{"damage":0,"enemies":"2 Louse","floor":4,"turns":2},{"damage":0,"enemies":"Jaw Worm","floor":5,"turns":2},{"damage":26,"enemies":"Lagavulin","floor":6,"turns":5},{"damage":4,"enemies":"2 Fungi Beasts","floor":10,"turns":2},{"damage":14,"enemies":"Gremlin Nob","floor":11,"turns":3},{"damage":10,"enemies":"Gremlin Gang","floor":13,"turns":4},{"damage":3,"enemies":"Exordium Wildlife","floor":14,"turns":3},{"damage":32,"enemies":"The Guardian","floor":16,"turns":7},{"damage":6,"enemies":"3 Byrds","floor":18,"turns":4},{"damage":0,"enemies":"Chosen","floor":20,"turns":4},{"damage":7,"enemies":"Snecko","floor":21,"turns":5},{"damage":12,"enemies":"Gremlin Leader","floor":23,"turns":6},{"damage":18,"enemies":"3 Cultists","floor":24,"turns":4},{"damage":8,"enemies":"Centurion and Healer","floor":25,"turns":3},{"damage":20,"enemies":"Sentry and Sphere","floor":27,"turns":4},{"damage":0,"enemies":"Cultist and Chosen","floor":30,"turns":4},{"damage":27,"enemies":"Champ","floor":33,"turns":9},{"damage":1,"enemies":"3 Darklings","floor":35,"turns":5},{"damage":0,"enemies":"3 Shapes","floor":36,"turns":2},{"damage":0,"enemies":"Transient","floor":39,"turns":5},{"damage":0,"enemies":"Giant Head","floor":41,"turns":5},{"damage":0,"enemies":"Sphere and 2 Shapes","floor":46,"turns":2},{"damage":0,"enemies":"3 Darklings","floor":47,"turns":3},{"damage":0,"enemies":"Spire Growth","floor":48,"turns":3},{"damage":0,"enemies":"Donu and Deca","floor":50,"turns":5}],"seed_played":"-4024911570082513858","potions_obtained":[{"floor":10,"key":"Energy Potion"},{"floor":11,"key":"FocusPotion"},{"floor":13,"key":"FocusPotion"},{"floor":16,"key":"SpeedPotion"},{"floor":20,"key":"Block Potion"},{"floor":27,"key":"Weak Potion"},{"floor":30,"key":"SpeedPotion"},{"floor":33,"key":"SteroidPotion"},{"floor":35,"key":"Explosive Potion"},{"floor":36,"key":"Regen Potion"},{"floor":39,"key":"Ancient Potion"}],"is_trial":false,"path_per_floor":["M","$","?","M","M","E","?","?","T","M","E","?","M","M","R","B",null,"M","?","M","M","$","E","M","M","T","M","$","$","M","?","R","B",null,"M","M","?","$","M","R","E","?","T","$","R","M","M","M","R","B",null],"character_chosen":"DEFECT","items_purchased":["Gash","Streamline+1","Oddly Smooth Stone","DollysMirror","Strawberry","Juzu Bracelet","Coolheaded+1","Apotheosis+1","Lantern","Sweeping Beam+1","AttackPotion","Orichalcum","Pantograph","Meteor Strike+1"],"campfire_rested":2,"item_purchase_floors":[2,22,22,28,28,28,28,29,38,38,44,44,44,44],"current_hp_per_floor":[73,73,58,58,60,36,33,33,33,43,43,43,47,46,75,43,75,69,69,81,76,76,66,50,58,58,52,59,59,61,61,106,80,107,107,109,104,104,105,105,106,96,96,96,96,99,102,105,105,110],"gold":226,"neow_bonus":"","is_prod":false,"is_daily":true,"chose_seed":false,"campfire_upgraded":0,"win_rate":0,"timestamp":1555587155,"path_taken":["M","$","?","M","M","E","?","?","T","M","E","?","?","M","R","BOSS","M","?","?","M","$","E","M","M","T","M","?","$","M","?","R","BOSS","M","M","?","$","M","R","E","?","T","$","R","M","M","M","R","BOSS"],"build_version":"2019-04-04","purchased_purges":2,"victory":true,"max_hp_per_floor":[75,75,75,75,75,75,75,75,75,75,75,75,75,75,75,75,75,75,75,85,85,85,85,85,99,99,99,106,106,106,106,106,107,107,108,109,104,104,105,105,106,106,106,106,106,107,108,109,109,110],"card_choices":[{"not_picked":["Stack","Rip and Tear"],"picked":"Steam Power","floor":6},{"not_picked":["FTL","Ball Lightning"],"picked":"BootSequence+1","floor":11},{"not_picked":["Core Surge","Thunder Strike"],"picked":"Echo Form","floor":16},{"not_picked":["Melter+1","Loop"],"picked":"Ball Lightning+1","floor":23},{"not_picked":["Conserve Battery+1","Steam+1"],"picked":"White Noise+1","floor":32},{"not_picked":["Fission+1","Creative AI"],"picked":"Core Surge+1","floor":33},{"not_picked":["Turbo+1","Aggregate+1","Compile Driver+1"],"picked":"SKIP","floor":41},{"not_picked":["Forethought+1","Madness+1"],"picked":"Flash of Steel+1","floor":42},{"not_picked":["Purity+1","Deep Breath+1"],"picked":"Secret Weapon+1","floor":42}],"player_experience":319901,"relics_obtained":[{"floor":1,"key":"Dodecahedron"},{"floor":4,"key":"Blood Vial"},{"floor":5,"key":"Shuriken"},{"floor":6,"key":"Meat on the Bone"},{"floor":9,"key":"Boot"},{"floor":10,"key":"Regal Pillow"},{"floor":11,"key":"Ancient Tea Set"},{"floor":13,"key":"Happy Flower"},{"floor":14,"key":"Centennial Puzzle"},{"floor":18,"key":"Molten Egg 2"},{"floor":20,"key":"Pear"},{"floor":21,"key":"Pen Nib"},{"floor":23,"key":"Girya"},{"floor":24,"key":"Sundial"},{"floor":25,"key":"Mango"},{"floor":26,"key":"Smiling Mask"},{"floor":27,"key":"Dream Catcher"},{"floor":30,"key":"Omamori"},{"floor":35,"key":"Gremlin Horn"},{"floor":36,"key":"Bag of Preparation"},{"floor":39,"key":"Ornamental Fan"},{"floor":41,"key":"FossilizedHelix"},{"floor":43,"key":"Bottled Tornado"},{"floor":46,"key":"Ginger"},{"floor":47,"key":"Incense Burner"},{"floor":48,"key":"Art of War"}],"event_choices":[{"damage_healed":0,"gold_gain":0,"player_choice":"Entered Light","damage_taken":15,"max_hp_gain":0,"max_hp_loss":0,"event_name":"Shining Light","floor":3,"gold_loss":0,"cards_upgraded":["Defend_B","Rebound"]},{"damage_healed":0,"gold_gain":0,"player_choice":"Success","damage_taken":3,"relics_obtained":["Toxic Egg 2"],"max_hp_gain":0,"max_hp_loss":0,"event_name":"Scrap Ooze","floor":7,"gold_loss":0},{"damage_healed":0,"gold_gain":175,"player_choice":"AGREE","damage_taken":0,"max_hp_gain":0,"max_hp_loss":0,"event_name":"Liars Game","floor":8,"gold_loss":0,"cards_obtained":["Doubt"]},{"damage_healed":0,"gold_gain":0,"cards_transformed":["Strike_B"],"player_choice":"Transformed","damage_taken":0,"max_hp_gain":0,"max_hp_loss":0,"event_name":"Transmorgrifier","floor":12,"gold_loss":0,"cards_obtained":["Genetic Algorithm"]},{"damage_healed":0,"gold_gain":0,"player_choice":"Forge","damage_taken":0,"max_hp_gain":0,"max_hp_loss":0,"event_name":"Accursed Blacksmith","floor":19,"gold_loss":0,"cards_upgraded":["Echo Form"]},{"damage_healed":0,"gold_gain":0,"player_choice":"Trade","damage_taken":0,"relics_obtained":["FaceOfCleric"],"max_hp_gain":0,"max_hp_loss":0,"event_name":"FaceTrader","floor":31,"gold_loss":0},{"damage_healed":0,"gold_gain":0,"player_choice":"Max HP","damage_taken":0,"max_hp_gain":0,"max_hp_loss":5,"event_name":"Winding Halls","floor":37,"gold_loss":0},{"damage_healed":0,"gold_gain":0,"player_choice":"Memory 3","damage_taken":10,"max_hp_gain":0,"max_hp_loss":0,"event_name":"SensoryStone","floor":42,"gold_loss":0}],"is_beta":true,"boss_relics":[{"not_picked":["Velvet Choker","Philosopher\u0027s Stone"],"picked":"Empty Cage"},{"not_picked":["Black Star","Pandora\u0027s Box"],"picked":"Nuclear Battery"}],"items_purged_floors":[2,22],"is_endless":false,"potions_floor_spawned":[10,11,13,16,20,21,27,30,33,35,36,39,46,47],"ascension_level":0}