{"gold_per_floor":[12,25,25,44,44,77,77,88,88,12,31,44,44,44],"floor_reached":14,"playtime":705,"items_purged":[],"score":92,"play_id":"a03464c4-5148-4fe0-95f1-8d31399fe271","local_time":"20190813204207","is_ascension_mode":false,"campfire_choices":[{"data":"Multi-Cast","floor":7,"key":"SMITH"}],"neow_cost":"NO_GOLD","seed_source_timestamp":1021988321785219,"circlet_count":0,"master_deck":["Strike_B","Strike_B","Strike_B","Strike_B","Defend_B","Defend_B","Defend_B","Zap","Dualcast","Enlightenment","Thinking Ahead","Conserve Battery","Hologram","Turbo","Capacitor","Multi-Cast+1","Streamline","Coolheaded","Streamline","Chill","Coolheaded"],"relics":["Cracked Core","Shuriken","Meat on the Bone"],"potions_floor_usage":[],"damage_taken":[{"damage":0,"enemies":"Small Slimes","floor":1,"turns":4},{"damage":0,"enemies":"Cultist","floor":2,"turns":4},{"damage":0,"enemies":"Jaw Worm","floor":4,"turns":4},{"damage":33,"enemies":"Lagavulin","floor":6,"turns":7},{"damage":1,"enemies":"Red Slaver","floor":8,"turns":3},{"damage":5,"enemies":"Blue Slaver","floor":11,"turns":3},{"damage":25,"enemies":"Gremlin Gang","floor":12,"turns":4},{"damage":37,"enemies":"Gremlin Nob","floor":14,"turns":3}],"seed_played":"-2542624306937571508","potions_obtained":[{"floor":2,"key":"Swift Potion"},{"floor":4,"key":"LiquidBronze"},{"floor":5,"key":"Regen Potion"}],"is_trial":false,"path_per_floor":["M","M","?","M","?","E","R","M","T","$","M","M","$","E"],"character_chosen":"DEFECT","items_purchased":["Coolheaded","Streamline"],"campfire_rested":0,"item_purchase_floors":[10,10],"current_hp_per_floor":[75,75,75,75,75,42,42,41,41,41,48,35,35,0],"gold":44,"neow_bonus":"RANDOM_COLORLESS_2","is_prod":false,"is_daily":false,"chose_seed":false,"campfire_upgraded":1,"win_rate":0,"timestamp":1565721727,"path_taken":["M","M","?","M","?","E","R","?","T","$","?","M","$","E"],"build_version":"2019-07-17","purchased_purges":0,"victory":false,"max_hp_per_floor":[75,75,75,75,75,75,75,75,75,75,75,75,75,75],"card_choices":[{"not_picked":["Redo","Chaos"],"picked":"Conserve Battery","floor":1},{"not_picked":["Leap","Sweeping Beam"],"picked":"Hologram","floor":2},{"not_picked":["Fusion","Stack"],"picked":"Capacitor","floor":4},{"not_picked":["White Noise","Sweeping Beam"],"picked":"Multi-Cast","floor":6},{"not_picked":["Cold Snap","Gash"],"picked":"Streamline","floor":8},{"not_picked":["Sweeping Beam","Barrage"],"picked":"Chill","floor":11},{"not_picked":["Beam Cell","Reinforced Body"],"picked":"Coolheaded","floor":12}],"player_experience":300869,"relics_obtained":[{"floor":6,"key":"Shuriken"},{"floor":9,"key":"Meat on the Bone"}],"event_choices":[{"damage_healed":0,"gold_gain":0,"cards_transformed":["Defend_B"],"player_choice":"Change","damage_taken":0,"max_hp_gain":0,"max_hp_loss":0,"event_name":"Living Wall","floor":3,"gold_loss":0,"cards_obtained":["Turbo"]},{"damage_healed":0,"gold_gain":0,"player_choice":"Got Potions","damage_taken":0,"max_hp_gain":0,"max_hp_loss":0,"event_name":"Lab","floor":5,"gold_loss":0}],"is_beta":false,"boss_relics":[],"items_purged_floors":[],"is_endless":false,"potions_floor_spawned":[2,4,11,12],"killed_by":"Gremlin Nob","ascension_level":0}