{"gold_per_floor":[11,30,40,94,108,108,141,153,179,179,179,194,194,213,213,312,312,326,340,8,25,25,25,59,59,59,79,79,79,98,108,108,205,205,218,231,108,108,125,125,152,171,171,186,186,15,15,33,33,33],"floor_reached":51,"playtime":3344,"items_purged":["Strike_B","Defend_B","Normality"],"score":753,"play_id":"82f2fce0-9709-468f-a696-86b1ea654a0f","local_time":"20181030155714","is_ascension_mode":false,"campfire_choices":[{"data":"Panache","floor":6.0,"key":"SMITH"},{"data":"Hologram","floor":10.0,"key":"SMITH"},{"floor":13.0,"key":"REST"},{"floor":15.0,"key":"REST"},{"data":"Reboot","floor":23.0,"key":"SMITH"},{"data":"Turbo","floor":25.0,"key":"SMITH"},{"floor":32.0,"key":"REST"},{"data":"Reboot","floor":40,"key":"SMITH"},{"data":"Go for the Eyes","floor":45,"key":"SMITH"},{"data":"Beam Cell","floor":47,"key":"SMITH"},{"data":"FTL","floor":49,"key":"SMITH"}],"neow_cost":"NO_GOLD","seed_source_timestamp":0,"circlet_count":0,"master_deck":["Strike_B","Strike_B","Strike_B","Defend_B","Defend_B","Defend_B","Zap+1","Dualcast+1","Panache+1","Dramatic Entrance","Gash","Beam Cell+1","Hologram+1","Streamline","Reboot+1","Go for the Eyes+1","Turbo+1","Gash+1","Steam+1","Reboot+1","Scrape+1","Gash","Steam+1","Hyperbeam","Turbo+1","Beam Cell+1","FTL+1"],"special_seed":0,"relics":["Cracked Core","Potion Belt","Ornamental Fan","Ancient Tea Set","Cursed Key","Toolbox","Oddly Smooth Stone","Question Card","White Beast Statue","Happy Flower","Pear"],"potions_floor_usage":[42,48,50,50,50],"damage_taken":[{"damage":0.0,"enemies":"Cultist","floor":1.0,"turns":3.0},{"damage":2.0,"enemies":"Jaw Worm","floor":2.0,"turns":3.0},{"damage":0.0,"enemies":"Small Slimes","floor":3.0,"turns":2.0},{"damage":19.0,"enemies":"Gremlin Gang","floor":5.0,"turns":4.0},{"damage":26.0,"enemies":"Lagavulin","floor":7.0,"turns":5.0},{"damage":2.0,"enemies":"3 Louse","floor":8.0,"turns":2.0},{"damage":6.0,"enemies":"Large Slime","floor":12.0,"turns":3.0},{"damage":0.0,"enemies":"Looter","floor":14.0,"turns":2.0},{"damage":33.0,"enemies":"The Guardian","floor":16.0,"turns":10.0},{"damage":9.0,"enemies":"Shell Parasite","floor":18.0,"turns":3.0},{"damage":6.0,"enemies":"Spheric Guardian","floor":19.0,"turns":3.0},{"damage":0.0,"enemies":"Chosen and Byrds","floor":21.0,"turns":3.0},{"damage":0.0,"enemies":"Gremlin Leader","floor":24.0,"turns":2.0},{"damage":14.0,"enemies":"Centurion and Healer","floor":27.0,"turns":8.0},{"damage":16.0,"enemies":"Sentry and Sphere","floor":30.0,"turns":4.0},{"damage":8.0,"enemies":"Snecko","floor":31.0,"turns":4.0},{"damage":8.0,"enemies":"Automaton","floor":33.0,"turns":6.0},{"damage":12,"enemies":"3 Darklings","floor":35,"turns":3},{"damage":0,"enemies":"Orb Walker","floor":36,"turns":1},{"damage":0,"enemies":"3 Darklings","floor":39,"turns":3},{"damage":0,"enemies":"Reptomancer","floor":41,"turns":3},{"damage":0,"enemies":"Maw","floor":42,"turns":3},{"damage":0,"enemies":"Sphere and 2 Shapes","floor":44,"turns":1},{"damage":7,"enemies":"Writhing Mass","floor":48,"turns":4},{"damage":10,"enemies":"Awakened One","floor":50,"turns":7}],"seed_played":"6656684637408715668","potions_obtained":[{"floor":1.0,"key":"Ancient Potion"},{"floor":3.0,"key":"FocusPotion"},{"floor":12.0,"key":"EssenceOfSteel"},{"floor":24.0,"key":"Ancient Potion"},{"floor":30.0,"key":"Dexterity Potion"},{"floor":35,"key":"AttackPotion"},{"floor":36,"key":"Block Potion"},{"floor":39,"key":"PowerPotion"},{"floor":41,"key":"GamblersBrew"},{"floor":42,"key":"Ancient Potion"},{"floor":44,"key":"SteroidPotion"},{"floor":48,"key":"PowerPotion"}],"is_trial":false,"path_per_floor":["M","M","M","T","M","R","E","M","T","R","?","M","R","M","R","B",null,"M","M","$","M","?","R","E","R","T","M","?","?","M","M","R","B",null,"M","M","$","?","M","R","E","M","T","M","R","$","R","M","R","B"],"character_chosen":"DEFECT","items_purchased":["Toolbox","Turbo","Gash","Beam Cell"],"campfire_rested":3,"item_purchase_floors":[20,20,37,46],"current_hp_per_floor":[75,73,73,73,54,54,28,26,26,26,11,5,27,27,49,16,75,66,60,60,60,60,60,60,60,60,46,46,46,30,22,44,36,75,63,63,63,63,63,63,63,63,73,73,73,73,73,66,66,56],"gold":33,"neow_bonus":"RANDOM_COLORLESS_2","is_prod":false,"is_daily":false,"chose_seed":false,"campfire_upgraded":8,"win_rate":0,"timestamp":1540940234,"path_taken":["M","M","M","?","M","R","E","?","T","R","?","M","R","M","R","BOSS","M","M","$","M","?","R","E","R","T","M","?","?","?","M","R","BOSS","M","M","$","?","M","R","E","?","T","M","R","$","R","M","R","BOSS"],"build_version":"2018-10-25v2","purchased_purges":3,"victory":true,"max_hp_per_floor":[75,75,75,75,75,75,75,75,75,75,75,75,75,75,75,75,75,75,75,75,75,75,75,75,75,75,75,75,75,75,75,75,75,75,75,75,75,75,75,75,75,75,85,85,85,85,85,85,85,85],"card_choices":[{"not_picked":["Tempest","Ball Lightning"],"picked":"Gash","floor":1.0},{"not_picked":["Cold Snap","Conserve Battery","Recycle"],"picked":"SKIP","floor":2.0},{"not_picked":["Cold Snap","Ball Lightning","Storm"],"picked":"SKIP","floor":3.0},{"not_picked":["Sweeping Beam","Conserve Battery"],"picked":"Beam Cell","floor":5.0},{"not_picked":["Rebound","Undo","Multi-Cast"],"picked":"SKIP","floor":7.0},{"not_picked":["Barrage","Conserve Battery"],"picked":"Hologram","floor":8.0},{"not_picked":["Consume","Heatsinks","Double Energy"],"picked":"SKIP","floor":12.0},{"not_picked":["Stack","Turbo"],"picked":"Streamline","floor":14.0},{"not_picked":["Fission","Machine Learning"],"picked":"Reboot","floor":16.0},{"not_picked":["Leap","Sweeping Beam+1"],"picked":"Go for the Eyes","floor":18.0},{"not_picked":["Redo","Lockon","Chaos"],"picked":"SKIP","floor":19.0},{"not_picked":["Reprogram","Blizzard"],"picked":"Gash+1","floor":21.0},{"not_picked":["Stack+1","Reinforced Body+1","BootSequence"],"picked":"SKIP","floor":24.0},{"not_picked":["Sweeping Beam","Barrage","Conserve Battery","Lockon"],"picked":"SKIP","floor":27.0},{"not_picked":["Rebound","Sweeping Beam","Redo+1"],"picked":"Steam+1","floor":30.0},{"not_picked":["Undo+1","Genetic Algorithm","White Noise","Heatsinks+1"],"picked":"SKIP","floor":31.0},{"not_picked":["Core Surge","Rainbow","Creative AI"],"picked":"Reboot","floor":33.0},{"not_picked":["Compile Driver+1","Stack","Double Energy","Doom and Gloom+1"],"picked":"SKIP","floor":35},{"not_picked":["Redo","Stack","Ball Lightning+1"],"picked":"Scrape+1","floor":36},{"not_picked":["Heatsinks","Reinforced Body+1","Cold Snap+1"],"picked":"Steam+1","floor":39},{"not_picked":["Ball Lightning+1","Capacitor","Melter"],"picked":"Hyperbeam","floor":41},{"not_picked":["Darkness+1","Barrage+1","Sweeping Beam+1","Rebound+1"],"picked":"SKIP","floor":42},{"not_picked":["Sweeping Beam","Barrage+1","Redo"],"picked":"Turbo+1","floor":44},{"not_picked":["Genetic Algorithm","Force Field+1","White Noise"],"picked":"FTL","floor":48}],"player_experience":921429,"relics_obtained":[{"floor":4.0,"key":"Potion Belt"},{"floor":7.0,"key":"Ornamental Fan"},{"floor":9.0,"key":"Ancient Tea Set"},{"floor":24.0,"key":"Oddly Smooth Stone"},{"floor":26.0,"key":"Question Card"},{"floor":41,"key":"Happy Flower"},{"floor":43,"key":"Pear"}],"event_choices":[{"damage_healed":0.0,"max_hp_gain":0.0,"max_hp_loss":0.0,"gold_gain":0.0,"event_name":"Shining Light","player_choice":"Entered Light","floor":11.0,"gold_loss":0.0,"damage_taken":15.0,"cards_upgraded":["Zap","Dualcast"]},{"damage_healed":0.0,"max_hp_gain":0.0,"max_hp_loss":0.0,"gold_gain":0.0,"event_name":"Beggar","player_choice":"Ignored","floor":22.0,"gold_loss":0.0,"damage_taken":0.0},{"damage_healed":0.0,"max_hp_gain":0.0,"max_hp_loss":0.0,"gold_gain":0.0,"event_name":"Accursed Blacksmith","player_choice":"Forge","floor":28.0,"gold_loss":0.0,"damage_taken":0.0,"cards_upgraded":["Beam Cell"]},{"cards_removed":["Normality"],"damage_healed":0.0,"max_hp_gain":0.0,"max_hp_loss":0.0,"gold_gain":0.0,"event_name":"Back to Basics","player_choice":"Elegance","floor":29.0,"gold_loss":0.0,"damage_taken":0.0},{"damage_healed":0,"gold_gain":0,"player_choice":"Ignored","damage_taken":0,"max_hp_gain":0,"max_hp_loss":0,"event_name":"SecretPortal","floor":38,"gold_loss":0}],"is_beta":false,"boss_relics":[{"not_picked":["Philosopher\u0027s Stone","Inserter"],"picked":"Cursed Key"},{"not_picked":["Tiny House","Sozu"],"picked":"White Beast Statue"}],"items_purged_floors":[20,37,46],"is_endless":false,"potions_floor_spawned":[1,3,12,24,30,35,36,39,41,42,44,48],"ascension_level":0}