{"gold_per_floor":[18,18,35,48,0,27,27,46,46,11,22,54,14,38,38,114,114,128,128,128,53,53,53,66,66,66,77,77,77],"floor_reached":29,"playtime":1035,"items_purged":["Strike_R"],"score":512,"play_id":"2acc9405-8d16-4956-bba6-f22c959a54a3","local_time":"20190612012315","is_ascension_mode":true,"campfire_choices":[{"data":"Heavy Blade","floor":7.0,"key":"SMITH"},{"data":"Flex","floor":15,"key":"SMITH"},{"floor":23,"key":"REST"},{"floor":25,"key":"REST"}],"neow_cost":"NO_GOLD","seed_source_timestamp":0,"circlet_count":0,"master_deck":["AscendersBane","Strike_R","Strike_R","Strike_R","Defend_R","Defend_R","Defend_R+1","Bash","Spot Weakness+1","Cleave","Heavy Blade+1","Flex+1","Sword Boomerang","Inflame+1","Reaper","Sword Boomerang","Heavy Blade+1"],"special_seed":0,"relics":["Burning Blood","Oddly Smooth Stone","Frozen Egg 2","Potion Belt","Philosopher\u0027s Stone","Nloth\u0027s Gift","Darkstone Periapt"],"potions_floor_usage":[16,18,29],"damage_taken":[{"damage":8.0,"enemies":"2 Louse","floor":1.0,"turns":3.0},{"damage":11.0,"enemies":"Small Slimes","floor":3.0,"turns":3.0},{"damage":7.0,"enemies":"Jaw Worm","floor":4.0,"turns":3.0},{"damage":11.0,"enemies":"Gremlin Nob","floor":6.0,"turns":3.0},{"damage":0.0,"enemies":"Large Slime","floor":8.0,"turns":2.0},{"damage":13.0,"enemies":"Looter","floor":11.0,"turns":3.0},{"damage":15.0,"enemies":"3 Sentries","floor":12.0,"turns":6.0},{"damage":18,"enemies":"Slime Boss","floor":16,"turns":7},{"damage":24,"enemies":"3 Byrds","floor":18,"turns":3},{"damage":38,"enemies":"Colosseum Slavers","floor":20,"turns":3},{"damage":22,"enemies":"Shell Parasite","floor":24,"turns":2},{"damage":34,"enemies":"Sentry and Sphere","floor":27,"turns":4},{"damage":31,"enemies":"Slavers","floor":29,"turns":2}],"seed_played":"5421592073454313793","potions_obtained":[{"floor":1.0,"key":"SkillPotion"},{"floor":4.0,"key":"Swift Potion"},{"floor":6.0,"key":"Explosive Potion"},{"floor":24,"key":"SneckoOil"},{"floor":27,"key":"LiquidBronze"}],"is_trial":false,"path_per_floor":["M","?","M","M","?","E","R","M","T","?","M","E","$","T","R","B",null,"M","?","?","$","?","R","M","R","T","M","?","E"],"character_chosen":"IRONCLAD","items_purchased":["Inflame+1"],"campfire_rested":2,"item_purchase_floors":[13],"current_hp_per_floor":[66,43,38,37,37,32,32,38,38,56,49,40,40,40,40,28,63,57,57,25,25,25,47,31,53,53,26,26,0],"gold":77,"neow_bonus":"TRANSFORM_TWO_CARDS","is_prod":false,"is_daily":false,"chose_seed":false,"campfire_upgraded":2,"win_rate":0,"timestamp":1560327795,"path_taken":["M","?","M","M","?","E","R","M","T","?","M","E","$","?","R","BOSS","M","?","?","$","?","R","M","R","T","?","?","E"],"build_version":"2019-01-23","purchased_purges":1,"victory":false,"max_hp_per_floor":[75,75,75,75,75,75,75,75,75,75,75,75,75,75,75,75,75,75,75,75,75,75,75,75,75,75,75,75,75],"card_choices":[{"not_picked":["Sentinel","Anger","Disarm"],"picked":"SKIP","floor":1.0},{"not_picked":["Seeing Red","Thunderclap"],"picked":"Heavy Blade","floor":3.0},{"not_picked":["Twin Strike","Havoc"],"picked":"Flex","floor":4.0},{"not_picked":["Wild Strike","Thunderclap","Clothesline"],"picked":"SKIP","floor":6.0},{"not_picked":["Wild Strike","Uppercut","Pommel Strike"],"picked":"SKIP","floor":8.0},{"not_picked":["Clash","Searing Blow","Pommel Strike"],"picked":"SKIP","floor":11.0},{"not_picked":["Armaments","Brutality"],"picked":"Sword Boomerang","floor":12.0},{"not_picked":["Immolate","Juggernaut+1"],"picked":"Reaper","floor":16},{"not_picked":["Dropkick+1","Perfected Strike"],"picked":"Sword Boomerang","floor":18},{"not_picked":["Infernal Blade","Carnage+1","Havoc"],"picked":"SKIP","floor":24},{"not_picked":["Carnage","Fiend Fire","Rage"],"picked":"SKIP","floor":27}],"player_experience":1393100,"relics_obtained":[{"floor":6.0,"key":"Juzu Bracelet"},{"floor":9.0,"key":"Oddly Smooth Stone"},{"floor":12.0,"key":"Frozen Egg 2"},{"floor":14,"key":"Potion Belt"},{"floor":26,"key":"Darkstone Periapt"}],"event_choices":[{"damage_healed":0.0,"max_hp_gain":0.0,"max_hp_loss":0.0,"gold_gain":0.0,"event_name":"Shining Light","player_choice":"Entered Light","floor":2.0,"gold_loss":0.0,"damage_taken":23.0,"cards_upgraded":["Defend_R","Spot Weakness"]},{"damage_healed":0.0,"max_hp_gain":0.0,"max_hp_loss":0.0,"gold_gain":0.0,"event_name":"World of Goop","player_choice":"Left Gold","floor":5.0,"gold_loss":48.0,"damage_taken":0.0},{"damage_healed":18.0,"max_hp_gain":0.0,"max_hp_loss":0.0,"gold_gain":0.0,"event_name":"The Cleric","player_choice":"Healed","floor":10.0,"gold_loss":35.0,"damage_taken":0.0},{"damage_healed":0,"gold_gain":0,"player_choice":"Ignored","damage_taken":0,"max_hp_gain":0,"max_hp_loss":0,"event_name":"Vampires","floor":19,"gold_loss":0},{"damage_healed":0,"gold_gain":0,"player_choice":"Fight","damage_taken":0,"max_hp_gain":0,"max_hp_loss":0,"event_name":"Colosseum","floor":20,"gold_loss":0},{"damage_healed":0,"gold_gain":0,"player_choice":"Fled From Nobs","damage_taken":0,"max_hp_gain":0,"max_hp_loss":0,"event_name":"Colosseum","floor":20,"gold_loss":0},{"damage_healed":0,"gold_gain":0,"player_choice":"Traded Relic","damage_taken":0,"relics_obtained":["Nloth\u0027s Gift"],"max_hp_gain":0,"max_hp_loss":0,"event_name":"N\u0027loth","floor":22,"relics_lost":["Juzu Bracelet"],"gold_loss":0},{"damage_healed":0,"gold_gain":0,"player_choice":"Copied","damage_taken":0,"max_hp_gain":0,"max_hp_loss":0,"event_name":"Duplicator","floor":28,"gold_loss":0,"cards_obtained":["Heavy Blade"]}],"is_beta":false,"boss_relics":[{"not_picked":["Empty Cage","Runic Pyramid"],"picked":"Philosopher\u0027s Stone"}],"items_purged_floors":[21],"is_endless":false,"potions_floor_spawned":[1,4,6,8,24,27],"killed_by":"Slavers","ascension_level":20}