{"gold_per_floor":[114,74,90,108,126,126,158,168,224,255,278,309,326,337,337,437,437,449,127,42,42,42,42,42],"floor_reached":24,"playtime":1997,"items_purged":["Corruption+1"],"score":259,"play_id":"6c57213e-4de6-4c6f-adac-ab84945b2ae8","local_time":"20190406131722","is_ascension_mode":true,"campfire_choices":[{"data":"Metallicize","floor":6.0,"key":"SMITH"},{"data":"Whirlwind","floor":15.0,"key":"SMITH"},{"data":"Demon Form","floor":23.0,"key":"SMITH"}],"neow_cost":"PERCENT_DAMAGE","seed_source_timestamp":0,"circlet_count":0,"master_deck":["Strike_R","Defend_R","Defend_R","Defend_R","Bash","Dropkick","Heavy Blade","Shrug It Off","Sword Boomerang","Whirlwind+1","Metallicize+1","Entrench","Warcry","Juggernaut","Reaper","True Grit","Demon Form+1","Immolate+1","Sword Boomerang+1","Armaments+1","Armaments+1","Panacea+1"],"special_seed":0,"relics":["Burning Blood","Calipers","Tiny Chest","Dream Catcher","Centennial Puzzle","Boot","Astrolabe","Toxic Egg 2","Magic Flower"],"potions_floor_usage":[24],"damage_taken":[{"damage":0.0,"enemies":"Small Slimes","floor":1.0,"turns":3.0},{"damage":5.0,"enemies":"Cultist","floor":3.0,"turns":4.0},{"damage":0.0,"enemies":"2 Louse","floor":4.0,"turns":3.0},{"damage":1.0,"enemies":"Large Slime","floor":5.0,"turns":5.0},{"damage":26.0,"enemies":"Lagavulin","floor":7.0,"turns":9.0},{"damage":10.0,"enemies":"Red Slaver","floor":8.0,"turns":6.0},{"damage":13.0,"enemies":"3 Sentries","floor":10.0,"turns":7.0},{"damage":26.0,"enemies":"Lagavulin","floor":12.0,"turns":7.0},{"damage":9.0,"enemies":"3 Louse","floor":13.0,"turns":3.0},{"damage":7.0,"enemies":"Looter","floor":14.0,"turns":3.0},{"damage":11.0,"enemies":"Slime Boss","floor":16.0,"turns":9.0},{"damage":15.0,"enemies":"2 Thieves","floor":18.0,"turns":4.0},{"damage":63,"enemies":"Gremlin Leader","floor":24,"turns":4}],"seed_played":"-1018537603453310198","potions_obtained":[{"floor":2.0,"key":"Fruit Juice"},{"floor":2.0,"key":"Fire Potion"},{"floor":2.0,"key":"Dexterity Potion"},{"floor":5.0,"key":"PowerPotion"},{"floor":7.0,"key":"SpeedPotion"},{"floor":10.0,"key":"Block Potion"},{"floor":12.0,"key":"SkillPotion"},{"floor":13.0,"key":"SkillPotion"},{"floor":18.0,"key":"SpeedPotion"}],"is_trial":false,"path_per_floor":["M","?","M","M","M","R","E","M","T","E","T","E","M","M","R","B",null,"M","$","?","?","?","R","E"],"character_chosen":"IRONCLAD","items_purchased":["Toxic Egg 2"],"campfire_rested":0,"item_purchase_floors":[19],"current_hp_per_floor":[62,67,68,74,79,79,59,55,55,48,48,28,41,40,40,55,85,76,76,76,60,60,60,0],"gold":42,"neow_bonus":"TRANSFORM_TWO_CARDS","is_prod":false,"is_daily":false,"chose_seed":false,"campfire_upgraded":3,"win_rate":0,"timestamp":1554549442,"path_taken":["M","?","?","M","M","R","E","M","T","E","?","E","M","M","R","BOSS","M","$","?","?","?","R","E"],"build_version":"2019-04-04","purchased_purges":1,"victory":false,"max_hp_per_floor":[80,85,85,85,85,85,85,85,85,85,85,85,85,85,85,85,85,85,85,85,90,90,90,90],"card_choices":[{"not_picked":["Iron Wave","Clash"],"picked":"Shrug It Off","floor":1.0},{"not_picked":["Body Slam","Headbutt"],"picked":"Sword Boomerang","floor":3.0},{"not_picked":["Ghostly Armor","Infernal Blade"],"picked":"Whirlwind","floor":4.0},{"not_picked":["Headbutt","Rupture"],"picked":"Metallicize","floor":5.0},{"not_picked":["Exhume","Second Wind"],"picked":"Entrench","floor":7.0},{"not_picked":["Twin Strike","Heavy Blade"],"picked":"Warcry","floor":8.0},{"not_picked":["Reaper","Corruption"],"picked":"Juggernaut","floor":10.0},{"not_picked":["Evolve","Flex"],"picked":"Reaper","floor":12.0},{"not_picked":["Hemokinesis","Clash"],"picked":"True Grit","floor":13.0},{"not_picked":["Iron Wave","Sever Soul","Headbutt"],"picked":"SKIP","floor":14.0},{"not_picked":["Berserk","Barricade"],"picked":"Demon Form","floor":16.0},{"not_picked":["Hemokinesis","Pommel Strike"],"picked":"Armaments+1","floor":18.0}],"player_experience":293891,"relics_obtained":[{"floor":7.0,"key":"Calipers"},{"floor":9.0,"key":"Tiny Chest"},{"floor":10.0,"key":"Dream Catcher"},{"floor":11.0,"key":"Centennial Puzzle"},{"floor":12.0,"key":"Boot"}],"event_choices":[{"damage_healed":0.0,"max_hp_gain":0.0,"max_hp_loss":0.0,"gold_gain":0.0,"event_name":"The Woman in Blue","player_choice":"Bought 3 Potions","floor":2.0,"gold_loss":0.0,"damage_taken":0.0},{"damage_healed":0.0,"max_hp_gain":0.0,"max_hp_loss":0.0,"gold_gain":0.0,"event_name":"Addict","player_choice":"Obtained Relic","floor":20.0,"gold_loss":85.0,"damage_taken":0.0,"relics_obtained":["Magic Flower"]},{"damage_healed":0.0,"max_hp_gain":5.0,"max_hp_loss":0.0,"gold_gain":0.0,"event_name":"Forgotten Altar","player_choice":"Shed Blood","floor":21.0,"gold_loss":0.0,"damage_taken":21.0},{"damage_healed":0.0,"max_hp_gain":0.0,"max_hp_loss":0.0,"gold_gain":0.0,"event_name":"Match and Keep!","player_choice":"2 cards matched","floor":22.0,"gold_loss":0.0,"damage_taken":0.0,"cards_obtained":["Armaments","Panacea"]},{"damage_healed":0.0,"max_hp_gain":0.0,"max_hp_loss":0.0,"gold_gain":0.0,"event_name":"Match and Keep!","player_choice":"2 cards matched","floor":22.0,"gold_loss":0.0,"damage_taken":0.0,"cards_obtained":["Armaments","Panacea"]}],"is_beta":true,"boss_relics":[{"not_picked":["Snecko Eye","Tiny House"],"picked":"Astrolabe"}],"items_purged_floors":[19],"is_endless":false,"potions_floor_spawned":[5,7,10,12,13,18],"killed_by":"Gremlin Leader","ascension_level":4}