{"gold_per_floor":[116,291,307,317,9,39,39,39,39,39,4,17,50,66,66,162,162,178,194,1,18,30,30,59,59,59,59,72,86,86,121,121,218,218,232,232,242,49,68,68,98,111,135,135,151,151,151,164,164,164],"floor_reached":51,"playtime":2632,"items_purged":["Doubt","Defend_R"],"score":804,"play_id":"3c6e74fc-e39f-4e37-8bd3-1df9f3d4c436","local_time":"20180713134248","is_ascension_mode":false,"campfire_choices":[{"data":"Apotheosis","floor":7,"key":"SMITH"},{"data":"Bash","floor":10,"key":"SMITH"},{"data":"Pommel Strike","floor":15,"key":"SMITH"},{"data":"Battle Trance","floor":23,"key":"SMITH"},{"data":"Pommel Strike","floor":25,"key":"SMITH"},{"data":"Feed","floor":30,"key":"SMITH"},{"data":"Perfected Strike","floor":32,"key":"SMITH"},{"data":"Perfected Strike","floor":40,"key":"SMITH"},{"data":"Perfected Strike","floor":46,"key":"SMITH"},{"floor":49,"key":"REST"}],"neow_cost":"NONE","seed_source_timestamp":45165826423808,"circlet_count":0,"master_deck":["Strike_R","Strike_R","Strike_R","Strike_R","Strike_R","Defend_R+1","Bash+1","Wild Strike","Perfected Strike+1","Perfected Strike+1","Apotheosis+1","Disarm+1","Pommel Strike+1","Feed+1","Perfected Strike+1","Pommel Strike+1","Wild Strike+1","Battle Trance+1","Wild Strike","Pommel Strike+1","Wild Strike","Swift Strike","Sever Soul+1","Wild Strike+1","Impervious"],"relics":["Burning Blood","Regal Pillow","Letter Opener","Shuriken","Charon\u0027s Ashes","Velvet Choker","Tiny Chest","Dead Branch","Darkstone Periapt","War Paint","Eternal Feather","Singing Bowl","Blood Vial"],"potions_floor_usage":[33,41,45,50],"damage_taken":[{"damage":6,"enemies":"Jaw Worm","floor":1,"turns":4},{"damage":0,"enemies":"2 Louse","floor":3,"turns":2},{"damage":2,"enemies":"Small Slimes","floor":4,"turns":3},{"damage":19,"enemies":"3 Sentries","floor":6,"turns":7},{"damage":4,"enemies":"Blue Slaver","floor":12,"turns":3},{"damage":20,"enemies":"Lagavulin","floor":13,"turns":6},{"damage":0,"enemies":"Large Slime","floor":14,"turns":4},{"damage":41,"enemies":"The Guardian","floor":16,"turns":7},{"damage":12,"enemies":"Shell Parasite","floor":18,"turns":2},{"damage":2,"enemies":"Chosen","floor":19,"turns":4},{"damage":9,"enemies":"Centurion and Healer","floor":21,"turns":3},{"damage":15,"enemies":"Chosen and Byrds","floor":22,"turns":6},{"damage":0,"enemies":"Gremlin Leader","floor":24,"turns":6},{"damage":9,"enemies":"Cultist and Chosen","floor":28,"turns":4},{"damage":21,"enemies":"3 Cultists","floor":29,"turns":4},{"damage":15,"enemies":"Book of Stabbing","floor":31,"turns":3},{"damage":68,"enemies":"Champ","floor":33,"turns":7},{"damage":0,"enemies":"Flame Bruiser 1 Orb","floor":35,"turns":3},{"damage":12,"enemies":"3 Darklings","floor":37,"turns":3},{"damage":20,"enemies":"4 Shapes","floor":39,"turns":4},{"damage":23,"enemies":"2 Orb Walkers","floor":41,"turns":3},{"damage":30,"enemies":"Maw","floor":42,"turns":5},{"damage":0,"enemies":"Flame Bruiser 2 Orb","floor":45,"turns":2},{"damage":16,"enemies":"Spire Growth","floor":48,"turns":2},{"damage":102,"enemies":"Time Eater","floor":50,"turns":9}],"seed_played":"9202031224805254021","potions_obtained":[{"floor":6,"key":"FearPotion"},{"floor":12,"key":"Explosive Potion"},{"floor":14,"key":"Regen Potion"},{"floor":24,"key":"FairyPotion"},{"floor":29,"key":"PowerPotion"},{"floor":33,"key":"SkillPotion"},{"floor":35,"key":"Explosive Potion"},{"floor":42,"key":"FairyPotion"}],"is_trial":false,"path_per_floor":["M","?","M","M","$","E","R","?","T","R","?","M","E","M","R","B",null,"M","M","$","M","M","R","E","R","T","?","M","M","R","E","R","B",null,"M","?","M","$","M","R","E","M","T","?","M","R","?","M","R","B"],"character_chosen":"IRONCLAD","items_purchased":["Perfected Strike","Apotheosis","Perfected Strike","Tiny Chest","Pommel Strike","Swift Strike"],"campfire_rested":1,"item_purchase_floors":[5,5,20,20,20,38],"current_hp_per_floor":[80,80,80,80,80,67,67,60,60,60,80,80,66,72,72,37,80,74,78,78,75,70,70,80,80,80,80,84,72,72,63,63,15,98,98,98,92,92,78,86,69,45,45,45,59,69,69,61,104,8],"gold":164,"neow_bonus":"RANDOM_COMMON_RELIC","is_prod":false,"is_daily":false,"chose_seed":false,"campfire_upgraded":9,"win_rate":0,"timestamp":1531514568,"path_taken":["M","?","M","M","$","E","R","?","T","R","?","M","E","M","R","BOSS","M","M","$","M","M","R","E","R","T","?","M","M","R","E","R","BOSS","M","?","?","$","M","R","E","M","T","?","M","R","?","?","R","BOSS"],"build_version":"2018-07-12","purchased_purges":2,"victory":true,"max_hp_per_floor":[80,80,80,80,80,80,80,80,80,80,80,80,80,80,80,80,80,80,80,80,80,84,84,88,88,88,88,95,98,98,98,98,98,98,98,98,98,98,98,98,98,98,98,98,104,104,104,104,104,104],"card_choices":[{"not_picked":["True Grit","Havoc"],"picked":"Wild Strike","floor":1},{"not_picked":["Shrug It Off","Thunderclap","Clothesline"],"picked":"SKIP","floor":3},{"not_picked":["Anger","Clash"],"picked":"Perfected Strike","floor":4},{"not_picked":["Warcry","Second Wind","Clash"],"picked":"SKIP","floor":6},{"not_picked":["Burning Pact","Inflame","Sword Boomerang"],"picked":"SKIP","floor":12},{"not_picked":["Berserk","Corruption"],"picked":"Disarm","floor":13},{"not_picked":["Flex","Sever Soul"],"picked":"Pommel Strike","floor":14},{"not_picked":["Fiend Fire","Barricade"],"picked":"Feed","floor":16},{"not_picked":["Sword Boomerang","Burning Pact"],"picked":"Disarm+1","floor":18},{"not_picked":["Shockwave","Flame Barrier","Seeing Red"],"picked":"SKIP","floor":19},{"not_picked":["Headbutt+1","Corruption"],"picked":"Wild Strike+1","floor":21},{"not_picked":["True Grit","Heavy Blade"],"picked":"Battle Trance","floor":22},{"not_picked":["Iron Wave","Cleave"],"picked":"Wild Strike","floor":24},{"not_picked":["Cleave+1","Body Slam"],"picked":"Pommel Strike+1","floor":28},{"not_picked":["Sword Boomerang","Whirlwind"],"picked":"Wild Strike","floor":29},{"not_picked":["Heavy Blade","Spot Weakness","Barricade"],"picked":"SKIP","floor":31},{"not_picked":["Inflame+1","Battle Trance","Spot Weakness"],"picked":"SKIP","floor":35},{"not_picked":["Armaments+1","Heavy Blade","Reckless Charge"],"picked":"SKIP","floor":37},{"not_picked":["Havoc+1","Clash+1","Warcry"],"picked":"SKIP","floor":39},{"not_picked":["True Grit+1","Intimidate+1"],"picked":"Sever Soul+1","floor":41},{"not_picked":["Metallicize+1","Uppercut+1"],"picked":"Wild Strike+1","floor":42},{"not_picked":["Rupture+1","Armaments+1","Burning Pact"],"picked":"Singing Bowl","floor":45},{"not_picked":["Warcry+1","Sword Boomerang"],"picked":"Impervious","floor":48}],"player_experience":481883,"relics_obtained":[{"floor":6,"key":"Letter Opener"},{"floor":9,"key":"Shuriken"},{"floor":13,"key":"Charon\u0027s Ashes"},{"floor":24,"key":"Dead Branch"},{"floor":26,"key":"Darkstone Periapt"},{"floor":31,"key":"War Paint"},{"floor":41,"key":"Singing Bowl"},{"floor":43,"key":"Blood Vial"}],"event_choices":[{"event_name":"Liars Game","player_choice":"agreed","floor":2,"damage_taken":0},{"event_name":"Golden Wing","player_choice":"Card Removal","floor":8,"damage_taken":0},{"event_name":"The Cleric","player_choice":"Healed","floor":11,"damage_taken":0},{"event_name":"Purifier","player_choice":"One Purge","floor":27,"damage_taken":0},{"event_name":"Tomb of Lord Red Mask","player_choice":"Ignored","floor":36,"damage_taken":0},{"event_name":"Mysterious Sphere","player_choice":"Ignore","floor":44,"damage_taken":0},{"event_name":"Falling","player_choice":"Removed Skill","floor":47,"damage_taken":0}],"boss_relics":[{"not_picked":["Mark of Pain","Black Blood"],"picked":"Velvet Choker"},{"not_picked":["Sozu","Pandora\u0027s Box"],"picked":"Eternal Feather"}],"items_purged_floors":[5,38],"is_endless":false,"potions_floor_spawned":[6,12,14,16,18,24,28,29,31,33,35,42],"ascension_level":0}