{"gold_per_floor":[19,19,19,119,132,165,179,179],"floor_reached":8,"playtime":1729,"items_purged":[],"score":64,"play_id":"4fef153c-4d44-4793-9e7b-1640b43a3709","local_time":"20190603123214","is_ascension_mode":true,"campfire_choices":[],"neow_cost":"NO_GOLD","seed_source_timestamp":743015406853488,"circlet_count":0,"master_deck":["Strike_R","Strike_R","Strike_R","Strike_R","Defend_R","Defend_R","Defend_R","Defend_R","Bash","Offering","True Grit","Sentinel","Headbutt","Shrug It Off"],"special_seed":0,"relics":["Burning Blood","Golden Idol","Charon\u0027s Ashes"],"potions_floor_usage":[6],"damage_taken":[{"damage":6,"enemies":"Small Slimes","floor":1,"turns":2},{"damage":13,"enemies":"Jaw Worm","floor":5,"turns":4},{"damage":51,"enemies":"3 Sentries","floor":6,"turns":16},{"damage":7,"enemies":"2 Louse","floor":7,"turns":3},{"damage":38,"enemies":"Lots of Slimes","floor":8,"turns":2}],"seed_played":"3006647250564260412","potions_obtained":[{"floor":1,"key":"Regen Potion"}],"is_trial":false,"path_per_floor":["M","?","?","?","M","E","M","M"],"character_chosen":"IRONCLAD","items_purchased":[],"campfire_rested":0,"item_purchase_floors":[],"current_hp_per_floor":[80,73,73,73,66,36,35,0],"gold":179,"neow_bonus":"THREE_RARE_CARDS","is_prod":false,"is_daily":false,"chose_seed":false,"campfire_upgraded":0,"win_rate":0,"timestamp":1559579534,"path_taken":["M","?","?","?","M","E","?","M"],"build_version":"2019-01-23","purchased_purges":0,"victory":false,"max_hp_per_floor":[80,80,74,74,74,74,74,74],"card_choices":[{"not_picked":["Brutality","Berserk"],"picked":"Offering","floor":0.0},{"not_picked":["Seeing Red","Warcry"],"picked":"True Grit","floor":1},{"not_picked":["Sword Boomerang","Uppercut"],"picked":"Sentinel","floor":5},{"not_picked":["Body Slam","Bloodletting"],"picked":"Headbutt","floor":6},{"not_picked":["Perfected Strike","Havoc"],"picked":"Shrug It Off","floor":7}],"player_experience":46900,"relics_obtained":[{"floor":6,"key":"Charon\u0027s Ashes"}],"event_choices":[{"cards_removed":["Strike_R"],"damage_healed":0,"gold_gain":0,"player_choice":"Card Removal","damage_taken":7,"max_hp_gain":0,"max_hp_loss":0,"event_name":"Golden Wing","floor":2,"gold_loss":0},{"damage_healed":0,"gold_gain":0,"player_choice":"Lose Max HP","damage_taken":0,"relics_obtained":["Golden Idol"],"max_hp_gain":0,"max_hp_loss":6,"event_name":"Golden Idol","floor":3,"gold_loss":0},{"damage_healed":0,"gold_gain":100,"player_choice":"Pray","damage_taken":0,"max_hp_gain":0,"max_hp_loss":0,"event_name":"Golden Shrine","floor":4,"gold_loss":0}],"is_beta":false,"boss_relics":[],"items_purged_floors":[],"is_endless":false,"potions_floor_spawned":[1],"killed_by":"Lots of Slimes","ascension_level":3}