{"gold_per_floor":[114,124,124,124,124,124,134,165,190,190,204,129,156,40,40,138,138,156,156,156,7,54,80,80,108,108,108,8,8],"floor_reached":29,"playtime":1012,"items_purged":["Strike_B","Strike_B"],"score":265,"play_id":"05009208-7ceb-4828-bdf8-4a55c141edfe","local_time":"20190815123730","is_ascension_mode":false,"campfire_choices":[{"data":"Zap","floor":6,"key":"SMITH"},{"data":"Lockon","floor":10,"key":"SMITH"},{"floor":15,"key":"REST"},{"data":"Chaos","floor":24,"key":"SMITH"},{"floor":27,"key":"REST"}],"neow_cost":"NONE","seed_source_timestamp":55792554271500,"circlet_count":0,"master_deck":["Strike_B","Defend_B","Defend_B","Defend_B","Defend_B","Zap+1","Dualcast","Lockon+1","Conserve Battery","Streamline","Gash","Barrage","Cold Snap","Ball Lightning","Thunder Strike","Chaos+1","Static Discharge","Electrodynamics","Steam+1","J.A.X.","Loop","Melter+1","BootSequence","Recycle+1"],"relics":["Cracked Core","Vajra","Ancient Tea Set","Lantern","Inserter","Bag of Preparation","Bronze Scales","Dream Catcher","Darkstone Periapt"],"potions_floor_usage":[25,25,25],"damage_taken":[{"damage":6,"enemies":"2 Louse","floor":1,"turns":2},{"damage":2,"enemies":"Small Slimes","floor":2,"turns":2},{"damage":1,"enemies":"Jaw Worm","floor":7,"turns":2},{"damage":28,"enemies":"Gremlin Nob","floor":8,"turns":4},{"damage":1,"enemies":"Exordium Wildlife","floor":11,"turns":3},{"damage":12,"enemies":"Lagavulin","floor":13,"turns":4},{"damage":8,"enemies":"Slime Boss","floor":16,"turns":7},{"damage":11,"enemies":"Shell Parasite","floor":18,"turns":3},{"damage":31,"enemies":"Book of Stabbing","floor":23,"turns":4},{"damage":32,"enemies":"Slavers","floor":25,"turns":4},{"damage":48,"enemies":"Gremlin Leader","floor":29,"turns":4}],"seed_played":"8571171837115606812","potions_obtained":[{"floor":2,"key":"Regen Potion"},{"floor":7,"key":"Strength Potion"},{"floor":8,"key":"PowerPotion"}],"is_trial":false,"path_per_floor":["M","M","?","?","?","R","M","E","T","R","M","$","E","$","R","B",null,"M","?","?","$","T","E","R","E","T","R","$","E"],"character_chosen":"DEFECT","items_purchased":["Cold Snap","Ball Lightning","Chaos","Static Discharge","Loop"],"campfire_rested":2,"item_purchase_floors":[12,12,14,14,21],"current_hp_per_floor":[69,67,67,67,72,72,71,43,43,43,42,42,30,30,54,46,80,69,69,69,69,69,38,38,18,18,42,42,0],"gold":8,"neow_bonus":"REMOVE_CARD","is_prod":false,"is_daily":false,"chose_seed":false,"campfire_upgraded":3,"win_rate":0.0,"timestamp":1565843850,"path_taken":["M","M","?","?","?","R","M","E","T","R","M","$","E","$","R","BOSS","M","?","?","?","?","E","R","E","T","R","$","E"],"build_version":"2019-07-17","purchased_purges":2,"victory":false,"max_hp_per_floor":[75,75,75,75,80,80,80,80,80,80,80,80,80,80,80,80,80,80,80,80,80,80,80,80,80,80,80,80,80],"card_choices":[{"not_picked":["Compile Driver","Turbo"],"picked":"Lockon","floor":1},{"not_picked":["BootSequence","Steam"],"picked":"Conserve Battery","floor":2},{"not_picked":["Steam Power","Double Energy"],"picked":"Streamline","floor":7},{"not_picked":["Heatsinks","Fusion"],"picked":"Gash","floor":8},{"not_picked":["Scrape","Double Energy"],"picked":"Barrage","floor":11},{"not_picked":["Hologram","Barrage"],"picked":"Thunder Strike","floor":13},{"not_picked":["Biased Cognition","Reboot"],"picked":"Electrodynamics","floor":16},{"not_picked":["Leap","Skim"],"picked":"Steam+1","floor":18},{"not_picked":["Aggregate","Steam"],"picked":"Melter+1","floor":23},{"not_picked":["Steam Power","Stack"],"picked":"BootSequence","floor":25},{"not_picked":["Rebound","Storm"],"picked":"Recycle+1","floor":27}],"player_experience":153308,"relics_obtained":[{"floor":8,"key":"Vajra"},{"floor":9,"key":"Ancient Tea Set"},{"floor":13,"key":"Lantern"},{"floor":22,"key":"Bag of Preparation"},{"floor":23,"key":"Bronze Scales"},{"floor":25,"key":"Dream Catcher"},{"floor":26,"key":"Darkstone Periapt"}],"event_choices":[{"damage_healed":0,"gold_gain":0,"player_choice":"Ignored","damage_taken":0,"max_hp_gain":0,"max_hp_loss":0,"event_name":"Golden Idol","floor":3,"gold_loss":0},{"damage_healed":0,"gold_gain":0,"player_choice":"Ignored","damage_taken":0,"max_hp_gain":0,"max_hp_loss":0,"event_name":"Liars Game","floor":4,"gold_loss":0},{"damage_healed":0,"gold_gain":0,"player_choice":"Donut","damage_taken":0,"max_hp_gain":5,"max_hp_loss":0,"event_name":"Big Fish","floor":5,"gold_loss":0},{"damage_healed":0,"gold_gain":0,"player_choice":"Obtain J.A.X.","damage_taken":0,"max_hp_gain":0,"max_hp_loss":0,"event_name":"Drug Dealer","floor":19,"gold_loss":0,"cards_obtained":["J.A.X."]},{"damage_healed":0,"gold_gain":0,"player_choice":"Ignored","damage_taken":0,"max_hp_gain":0,"max_hp_loss":0,"event_name":"Ghosts","floor":20,"gold_loss":0}],"is_beta":false,"boss_relics":[{"not_picked":["Coffee Dripper","Lizard Tail"],"picked":"Inserter"}],"items_purged_floors":[21,28],"is_endless":false,"potions_floor_spawned":[2,7,8,18],"killed_by":"Gremlin Leader","ascension_level":0}