{"gold_per_floor":[112,62,137,137,62,87,101,136,161,204,231,272,284,312,324,431,443,466,494,284,284,159,191,191,191,273,302,54,65,65,65,65,161,161,171,73,87,87,87],"floor_reached":39,"playtime":3027,"items_purged":["Regret","Defend_R","Strike_R"],"score":691,"play_id":"dabc9847-febd-4613-9e63-027c69989d15","local_time":"20180822223556","is_ascension_mode":true,"campfire_choices":[{"data":"Juggernaut","floor":13,"key":"SMITH"},{"data":"Metallicize","floor":15,"key":"SMITH"},{"data":"Dual Wield","floor":24,"key":"SMITH"},{"data":"Dual Wield","floor":30,"key":"SMITH"},{"data":"Shrug It Off","floor":32,"key":"SMITH"}],"neow_cost":"NONE","seed_source_timestamp":0,"circlet_count":0,"master_deck":["Strike_R","Strike_R","Defend_R","Bash","Metallicize+1","Shrug It Off+1","Iron Wave","Shrug It Off","Shrug It Off+1","Juggernaut+1","Dual Wield+1","Burning Pact+1","Iron Wave","Dual Wield+1","Barricade","Body Slam","Entrench","Armaments","Battle Trance+1"],"special_seed":0,"relics":["Burning Blood","NeowsBlessing","Orichalcum","Thread and Needle","Ornamental Fan","MawBank","Singing Bowl","Mango","Mark of Pain","Tiny Chest","Lantern","Ancient Tea Set","Blue Candle","Nunchaku","Bottled Tornado","Empty Cage"],"potions_floor_usage":[8,39,39,39],"damage_taken":[{"damage":0.0,"enemies":"2 Louse","floor":1.0,"turns":1.0},{"damage":0,"enemies":"Gremlin Nob","floor":6,"turns":1},{"damage":0,"enemies":"Jaw Worm","floor":7,"turns":1},{"damage":0,"enemies":"3 Sentries","floor":8,"turns":11},{"damage":28,"enemies":"Lagavulin","floor":10,"turns":9},{"damage":0,"enemies":"Cultist","floor":11,"turns":4},{"damage":7,"enemies":"3 Sentries","floor":12,"turns":14},{"damage":2,"enemies":"Looter","floor":14,"turns":2},{"damage":39,"enemies":"Hexaghost","floor":16,"turns":11},{"damage":1,"enemies":"3 Byrds","floor":18,"turns":4},{"damage":3,"enemies":"Shell Parasite","floor":19,"turns":5},{"damage":12,"enemies":"Book of Stabbing","floor":23,"turns":7},{"damage":34,"enemies":"Gremlin Leader","floor":27,"turns":6},{"damage":8,"enemies":"Shelled Parasite and Fungi","floor":29,"turns":5},{"damage":44,"enemies":"Automaton","floor":33,"turns":8},{"damage":56,"enemies":"Flame Bruiser 1 Orb","floor":35,"turns":16},{"damage":6,"enemies":"Orb Walker","floor":37,"turns":6},{"damage":33,"enemies":"Transient","floor":39,"turns":4}],"seed_played":"-5523028351375085242","potions_obtained":[{"floor":1.0,"key":"EssenceOfSteel"},{"floor":10,"key":"Block Potion"},{"floor":18,"key":"SteroidPotion"},{"floor":27,"key":"Energy Potion"},{"floor":33,"key":"Weak Potion"}],"is_trial":false,"path_per_floor":["M","?","?","?","$","E","M","E","T","E","M","E","R","M","R","B",null,"M","M","$","?","$","E","R","?","T","E","$","M","R","?","R","B",null,"M","$","M","?"],"character_chosen":"IRONCLAD","items_purchased":["Tiny Chest","Bottled Tornado","Entrench","Armaments"],"campfire_rested":0,"item_purchase_floors":[20,28,36,36],"current_hp_per_floor":[78,78,70,70,70,76,80,80,80,58,66,79,79,85,85,54,89,94,97,97,97,97,91,91,91,91,63,63,63,63,63,63,25,83,33,33,33,33,0],"gold":87,"neow_bonus":"THREE_ENEMY_KILL","is_prod":false,"is_daily":false,"chose_seed":false,"campfire_upgraded":5,"win_rate":0,"timestamp":1535002556,"path_taken":["M","?","?","?","$","E","M","E","T","E","M","E","R","M","R","BOSS","M","M","$","?","$","E","R","?","T","E","$","M","R","?","R","BOSS","M","$","M","?","M"],"build_version":"2018-08-16","purchased_purges":3,"victory":false,"max_hp_per_floor":[80,80,80,80,80,80,80,80,80,80,82,96,96,98,98,100,100,100,100,100,100,100,100,100,100,100,100,100,102,102,102,102,102,102,102,102,102,102,102],"card_choices":[{"not_picked":["Reckless Charge","Feel No Pain"],"picked":"Metallicize","floor":1.0},{"not_picked":["Fire Breathing","Shockwave"],"picked":"Shrug It Off","floor":6},{"not_picked":["Headbutt","Heavy Blade"],"picked":"Iron Wave","floor":7},{"not_picked":["Intimidate","Headbutt"],"picked":"Shrug It Off","floor":8},{"not_picked":["Sever Soul","Pommel Strike"],"picked":"Shrug It Off","floor":10},{"not_picked":["True Grit","Warcry","Perfected Strike"],"picked":"Singing Bowl","floor":11},{"not_picked":["Carnage","Warcry"],"picked":"Juggernaut","floor":12},{"not_picked":["Feel No Pain","Cleave","Seeing Red"],"picked":"Singing Bowl","floor":14},{"not_picked":["Limit Break","Immolate","Brutality"],"picked":"Singing Bowl","floor":16},{"not_picked":["Warcry+1","Blood for Blood"],"picked":"Dual Wield","floor":18},{"not_picked":["Clothesline+1","Twin Strike"],"picked":"Burning Pact+1","floor":19},{"not_picked":["Power Through+1","Blood for Blood+1"],"picked":"Iron Wave","floor":23},{"not_picked":["Feel No Pain","Cleave+1"],"picked":"Dual Wield","floor":27},{"not_picked":["Iron Wave","Headbutt","Havoc"],"picked":"Singing Bowl","floor":29},{"not_picked":["Feed","Fiend Fire"],"picked":"Barricade","floor":33},{"not_picked":["Rupture","Clash+1"],"picked":"Body Slam","floor":35},{"not_picked":["Fire Breathing","Burning Pact"],"picked":"Battle Trance+1","floor":37}],"player_experience":707616,"relics_obtained":[{"floor":6,"key":"Thread and Needle"},{"floor":8,"key":"Ornamental Fan"},{"floor":9,"key":"MawBank"},{"floor":10,"key":"Singing Bowl"},{"floor":12,"key":"Mango"},{"floor":23,"key":"Ancient Tea Set"},{"floor":26,"key":"Blue Candle"},{"floor":27,"key":"Nunchaku"}],"event_choices":[{"event_name":"The Cleric","player_choice":"Card Removal","floor":2.0,"damage_taken":0.0},{"event_name":"FaceTrader","player_choice":"Touch","floor":3,"damage_taken":0},{"event_name":"Big Fish","player_choice":"Box","floor":4,"damage_taken":0},{"event_name":"The Mausoleum","player_choice":"Yes","floor":21,"damage_taken":0},{"event_name":"Upgrade Shrine","player_choice":"Upgraded","floor":25,"damage_taken":0},{"event_name":"Back to Basics","player_choice":"Elegance","floor":31,"damage_taken":0},{"event_name":"The Lab","player_choice":"Got Potions","floor":38,"damage_taken":0}],"is_beta":false,"boss_relics":[{"not_picked":["Snecko Eye","Black Star"],"picked":"Mark of Pain"},{"not_picked":["Runic Pyramid","Busted Crown"],"picked":"Empty Cage"}],"items_purged_floors":[5,20,22],"is_endless":false,"potions_floor_spawned":[1,10,18,27,29,33,35],"killed_by":"Transient","ascension_level":7}