{"gold_per_floor":[114,114,129,105,105,135,135,150,175,205,220,220,235,265,265,365,365,380,480,255,205,220,220,250,250,250,280,280,310,325,340,340,440,440,455,480,507,534,196,226,226,226,226,226,256,271,271,286,286,286],"floor_reached":51,"playtime":6578,"items_purged":["Reprogram","Self Repair"],"score":1133,"play_id":"6e574431-c708-4070-9d8a-6bdea22bbd41","local_time":"20190311184944","daily_mods":["Draft","Time Dilation","Elite Swarm"],"is_ascension_mode":false,"campfire_choices":[{"data":"Genetic Algorithm","floor":7.0,"key":"SMITH"},{"data":"Genetic Algorithm","floor":12.0,"key":"SMITH"},{"data":"Redo","floor":15.0,"key":"SMITH"},{"data":"Beam Cell","floor":23.0,"key":"SMITH"},{"data":"Biased Cognition","floor":25.0,"key":"SMITH"},{"data":"Seek","floor":28.0,"key":"SMITH"},{"data":"Amplify","floor":32.0,"key":"SMITH"},{"data":"Redo","floor":41,"key":"SMITH"},{"data":"Loop","floor":44,"key":"SMITH"},{"data":"Seek","floor":47,"key":"SMITH"},{"data":"Defragment","floor":49,"key":"SMITH"}],"neow_cost":"","seed_source_timestamp":0,"circlet_count":0,"master_deck":["Leap","Beam Cell+1","Reinforced Body+1","Genetic Algorithm+1","Coolheaded+1","Rebound","Ball Lightning","Sweeping Beam","Doom and Gloom","Sunder","Genetic Algorithm+1","Loop+1","Redo+1","Electrodynamics","Chill","Amplify+1","Ball Lightning","Seek+1","Machine Learning","Biased Cognition+1","Seek+1","Coolheaded","Defragment+1","Redo+1","Panacea","Echo Form","Redo+1","Redo+1"],"special_seed":17966,"relics":["Cracked Core","Centennial Puzzle","FossilizedHelix","Bag of Preparation","Ice Cream","Pen Nib","Philosopher\u0027s Stone","Prayer Wheel","Darkstone Periapt","War Paint","StoneCalendar","Matryoshka","Omamori","Cables","Empty Cage","Meat on the Bone","MawBank","Sundial","Unceasing Top","Potion Belt","Girya","DataDisk"],"potions_floor_usage":[50,50,50,50],"damage_taken":[{"damage":0.0,"enemies":"2 Louse","floor":1.0,"turns":2.0},{"damage":8.0,"enemies":"Jaw Worm","floor":3.0,"turns":3.0},{"damage":6.0,"enemies":"Gremlin Nob","floor":6.0,"turns":3.0},{"damage":0.0,"enemies":"Cultist","floor":8.0,"turns":3.0},{"damage":0.0,"enemies":"Lagavulin","floor":10.0,"turns":5.0},{"damage":0.0,"enemies":"Red Slaver","floor":11.0,"turns":3.0},{"damage":0.0,"enemies":"Looter","floor":13.0,"turns":3.0},{"damage":4.0,"enemies":"Gremlin Nob","floor":14.0,"turns":4.0},{"damage":0.0,"enemies":"The Guardian","floor":16.0,"turns":7.0},{"damage":0.0,"enemies":"Chosen","floor":18.0,"turns":3.0},{"damage":0.0,"enemies":"Colosseum Slavers","floor":19.0,"turns":3.0},{"damage":0.0,"enemies":"Colosseum Nobs","floor":19.0,"turns":4.0},{"damage":0.0,"enemies":"Shell Parasite","floor":22.0,"turns":2.0},{"damage":0.0,"enemies":"Gremlin Leader","floor":24.0,"turns":3.0},{"damage":0.0,"enemies":"Book of Stabbing","floor":27.0,"turns":4.0},{"damage":0.0,"enemies":"Gremlin Leader","floor":29.0,"turns":3.0},{"damage":0.0,"enemies":"Snake Plant","floor":30.0,"turns":2.0},{"damage":0.0,"enemies":"Chosen and Byrds","floor":31.0,"turns":3.0},{"damage":0,"enemies":"Collector","floor":33,"turns":6},{"damage":9,"enemies":"3 Darklings","floor":35,"turns":3},{"damage":0,"enemies":"3 Shapes","floor":37,"turns":3},{"damage":0,"enemies":"3 Darklings","floor":38,"turns":4},{"damage":0,"enemies":"Giant Head","floor":40,"turns":6},{"damage":0,"enemies":"Nemesis","floor":45,"turns":5},{"damage":0,"enemies":"Spire Growth","floor":46,"turns":4},{"damage":0,"enemies":"Sphere and 2 Shapes","floor":48,"turns":1},{"damage":0,"enemies":"Donu and Deca","floor":50,"turns":5}],"seed_played":"-4617565889114114574","potions_obtained":[{"floor":1.0,"key":"Energy Potion"},{"floor":6.0,"key":"PowerPotion"},{"floor":10.0,"key":"Weak Potion"},{"floor":13.0,"key":"EntropicBrew"},{"floor":14.0,"key":"Poison Potion"},{"floor":27.0,"key":"SkillPotion"},{"floor":29.0,"key":"Dexterity Potion"},{"floor":30.0,"key":"GamblersBrew"},{"floor":38,"key":"Swift Potion"},{"floor":46,"key":"Energy Potion"},{"floor":48,"key":"Explosive Potion"}],"is_trial":false,"path_per_floor":["M","?","M","$","?","E","R","M","T","E","M","R","M","E","R","B",null,"M","?","$","?","M","R","E","R","T","E","R","E","M","M","R","B",null,"M","T","M","M","$","E","R","?","T","R","E","M","R","M","R","B",null],"character_chosen":"DEFECT","items_purchased":["Leap","War Paint","Sundial"],"campfire_rested":0,"item_purchase_floors":[4,20,39],"current_hp_per_floor":[75,68,60,60,57,51,51,51,51,51,51,51,51,47,47,47,75,75,75,75,75,75,75,75,75,75,75,75,75,75,75,75,75,75,75,75,75,75,75,75,75,75,75,75,75,75,75,75,75,75],"gold":286,"neow_bonus":"","is_prod":false,"is_daily":true,"chose_seed":false,"campfire_upgraded":11,"win_rate":0,"timestamp":1552326584,"path_taken":["M","?","M","$","?","E","R","M","T","E","M","R","M","E","R","BOSS","M","?","$","?","M","R","E","R","T","E","R","E","?","M","R","BOSS","M","?","M","M","$","E","R","?","T","R","E","M","R","M","R","BOSS"],"build_version":"2019-02-06","purchased_purges":2,"victory":true,"max_hp_per_floor":[75,75,75,75,75,75,75,75,75,75,75,75,75,75,75,75,75,75,75,75,75,75,75,75,75,75,75,75,75,75,75,75,75,75,75,75,75,75,75,75,75,75,75,75,75,75,75,75,75,75],"card_choices":[{"not_picked":["Storm","Barrage"],"picked":"Beam Cell","floor":0.0},{"not_picked":["Undo","Force Field"],"picked":"Leap","floor":0.0},{"not_picked":["Streamline","Turbo"],"picked":"Beam Cell","floor":0.0},{"not_picked":["Compile Driver","Steam"],"picked":"Reinforced Body","floor":0.0},{"not_picked":["Stack","Redo"],"picked":"Genetic Algorithm","floor":0.0},{"not_picked":["Turbo","Storm"],"picked":"Coolheaded","floor":0.0},{"not_picked":["Beam Cell","Capacitor"],"picked":"Rebound","floor":0.0},{"not_picked":["Aggregate","Go for the Eyes"],"picked":"Ball Lightning","floor":0.0},{"not_picked":["Rip and Tear","Conserve Battery"],"picked":"Melter","floor":0.0},{"not_picked":["Reprogram","Aggregate"],"picked":"Sweeping Beam","floor":0.0},{"not_picked":["Redo","Self Repair"],"picked":"Doom and Gloom","floor":0.0},{"not_picked":["Barrage","Reinforced Body"],"picked":"Sunder","floor":0.0},{"not_picked":["Gash","Sweeping Beam"],"picked":"Genetic Algorithm","floor":0.0},{"not_picked":["Rebound","Turbo"],"picked":"Loop","floor":0.0},{"not_picked":["Beam Cell","Cold Snap"],"picked":"Reprogram","floor":0.0},{"not_picked":["Coolheaded","Cold Snap"],"picked":"Redo","floor":1.0},{"not_picked":["Blizzard","Turbo","Chaos"],"picked":"SKIP","floor":3.0},{"not_picked":["Machine Learning","Seek"],"picked":"Electrodynamics","floor":6.0},{"not_picked":["Fusion","Reprogram"],"picked":"Chill","floor":8.0},{"not_picked":["Electrodynamics","Rainbow"],"picked":"Amplify","floor":10.0},{"not_picked":["Barrage","Conserve Battery"],"picked":"Ball Lightning","floor":11.0},{"not_picked":["Redo","Steam"],"picked":"Self Repair","floor":13.0},{"not_picked":["Thunder Strike","Biased Cognition"],"picked":"Seek","floor":14.0},{"not_picked":["All For One","Seek"],"picked":"Machine Learning","floor":16.0},{"not_picked":["Leap","Glacier","Ball Lightning"],"picked":"SKIP","floor":18.0},{"not_picked":["Go for the Eyes","Gash+1","Rebound"],"picked":"SKIP","floor":22.0},{"not_picked":["Stack","Steam","Go for the Eyes"],"picked":"SKIP","floor":22.0},{"not_picked":["Reboot","Thunder Strike"],"picked":"Biased Cognition","floor":24.0},{"not_picked":["Amplify","Thunder Strike"],"picked":"Seek","floor":27.0},{"not_picked":["Buffer","Hyperbeam","Reboot"],"picked":"SKIP","floor":29.0},{"not_picked":["Compile Driver+1","Cold Snap+1"],"picked":"Coolheaded","floor":30.0},{"not_picked":["White Noise","Tempest+1","Lockon"],"picked":"SKIP","floor":30.0},{"not_picked":["Rebound","Steam"],"picked":"Defragment","floor":31.0},{"not_picked":["Cold Snap","Force Field","Compile Driver+1"],"picked":"SKIP","floor":31.0},{"not_picked":["Compile Driver","Barrage","Turbo"],"picked":"SKIP","floor":35},{"not_picked":["Turbo+1","Rip and Tear","Cold Snap+1"],"picked":"SKIP","floor":35},{"not_picked":["Ball Lightning","Beam Cell"],"picked":"Redo","floor":37},{"not_picked":["Conserve Battery+1","Steam+1","Redo"],"picked":"SKIP","floor":37},{"not_picked":["Streamline","Scrape","Hologram"],"picked":"SKIP","floor":38},{"not_picked":["Cold Snap","Leap","Heatsinks+1"],"picked":"SKIP","floor":38},{"not_picked":["Fission","Biased Cognition","Meteor Strike"],"picked":"SKIP","floor":40},{"not_picked":["Dramatic Entrance","Dark Shackles"],"picked":"Panacea","floor":42},{"not_picked":["Core Surge","Thunder Strike"],"picked":"Echo Form","floor":45},{"not_picked":["Streamline","Beam Cell"],"picked":"Redo+1","floor":46},{"not_picked":["Consume+1","Go for the Eyes+1","Beam Cell"],"picked":"SKIP","floor":46},{"not_picked":["Rebound+1","Gash"],"picked":"Redo+1","floor":48},{"not_picked":["Stack+1","Turbo+1","Blizzard"],"picked":"SKIP","floor":48}],"player_experience":236692,"relics_obtained":[{"floor":6.0,"key":"FossilizedHelix"},{"floor":9.0,"key":"Bag of Preparation"},{"floor":10.0,"key":"Ice Cream"},{"floor":14.0,"key":"Pen Nib"},{"floor":19.0,"key":"Prayer Wheel"},{"floor":19.0,"key":"Darkstone Periapt"},{"floor":24.0,"key":"StoneCalendar"},{"floor":26.0,"key":"Matryoshka"},{"floor":27.0,"key":"Omamori"},{"floor":29.0,"key":"Cables"},{"floor":36,"key":"Meat on the Bone"},{"floor":36,"key":"MawBank"},{"floor":40,"key":"Unceasing Top"},{"floor":43,"key":"Potion Belt"},{"floor":43,"key":"Girya"},{"floor":45,"key":"DataDisk"}],"event_choices":[{"cards_removed":["Beam Cell"],"damage_healed":0.0,"max_hp_gain":0.0,"max_hp_loss":0.0,"gold_gain":0.0,"event_name":"Golden Wing","player_choice":"Card Removal","floor":2.0,"gold_loss":0.0,"damage_taken":7.0},{"damage_healed":0.0,"max_hp_gain":0.0,"max_hp_loss":0.0,"gold_gain":0.0,"event_name":"Scrap Ooze","player_choice":"Success","floor":5.0,"gold_loss":0.0,"damage_taken":3.0,"relics_obtained":["Centennial Puzzle"]},{"damage_healed":0.0,"max_hp_gain":0.0,"max_hp_loss":0.0,"gold_gain":0.0,"event_name":"Colosseum","player_choice":"Fight","floor":19.0,"gold_loss":0.0,"damage_taken":0.0},{"damage_healed":0.0,"max_hp_gain":0.0,"max_hp_loss":0.0,"gold_gain":0.0,"event_name":"Colosseum","player_choice":"Fought Nobs","floor":19.0,"gold_loss":0.0,"damage_taken":0.0},{"damage_healed":0.0,"max_hp_gain":0.0,"max_hp_loss":0.0,"gold_gain":0.0,"event_name":"The Joust","player_choice":"Bet on Murderer","floor":21.0,"gold_loss":50.0,"damage_taken":0.0},{"damage_healed":0,"gold_gain":0,"player_choice":"Memory 1","damage_taken":0,"max_hp_gain":0,"max_hp_loss":0,"event_name":"SensoryStone","floor":42,"gold_loss":0}],"is_beta":true,"boss_relics":[{"not_picked":["Coffee Dripper","Eternal Feather"],"picked":"Philosopher\u0027s Stone"},{"not_picked":["Nuclear Battery","Lizard Tail"],"picked":"Empty Cage"}],"items_purged_floors":[20,39],"is_endless":false,"potions_floor_spawned":[1,6,10,13,14,19,27,29,30,33,38,46,48],"ascension_level":0}