{"gold_per_floor":[115,132,23,37,37,37,71,71,96,115,115,128,168,191,191,310,310,333,548,562,575,595,595,595],"floor_reached":24,"playtime":1298,"items_purged":["Defend_G"],"score":305,"play_id":"748ace93-3060-49bb-be8e-6c809cab1505","local_time":"20190305212056","is_ascension_mode":true,"campfire_choices":[{"data":"Accuracy","floor":6.0,"key":"SMITH"},{"data":"Infinite Blades","floor":8.0,"key":"SMITH"},{"data":"Footwork","floor":11.0,"key":"SMITH"},{"floor":15,"key":"REST"},{"floor":23,"key":"REST"}],"neow_cost":"NONE","seed_source_timestamp":0,"circlet_count":0,"master_deck":["Defend_G","Defend_G","Defend_G","Defend_G","Strike_G","Strike_G","Strike_G+1","Strike_G","Strike_G+1","Survivor","Neutralize","Quick Slash","Infinite Blades+1","Accuracy+1","Footwork+1","Injury","Infinite Blades","Footwork","Terror","Dagger Throw","Burst","Masterful Stab","PiercingWail+1","Backflip+1","Deflect"],"special_seed":0,"relics":["Runic Dome","Golden Idol","Art of War","Whetstone","Tough Bandages","Black Star","Old Coin"],"potions_floor_usage":[12,22],"damage_taken":[{"damage":2.0,"enemies":"Jaw Worm","floor":1.0,"turns":5.0},{"damage":1.0,"enemies":"Small Slimes","floor":2.0,"turns":4.0},{"damage":0.0,"enemies":"Cultist","floor":4.0,"turns":3.0},{"damage":24.0,"enemies":"Gremlin Nob","floor":7.0,"turns":5.0},{"damage":3.0,"enemies":"Blue Slaver","floor":10.0,"turns":4.0},{"damage":0,"enemies":"Lots of Slimes","floor":12,"turns":1},{"damage":10,"enemies":"Lagavulin","floor":13,"turns":6},{"damage":10,"enemies":"3 Louse","floor":14,"turns":4},{"damage":5,"enemies":"Hexaghost","floor":16,"turns":8},{"damage":8,"enemies":"Spheric Guardian","floor":18,"turns":4},{"damage":16,"enemies":"Shell Parasite","floor":20,"turns":6},{"damage":21,"enemies":"Centurion and Healer","floor":21,"turns":7},{"damage":9,"enemies":"Cultist and Chosen","floor":22,"turns":6},{"damage":36,"enemies":"Snecko","floor":24,"turns":4}],"seed_played":"6346757618382149730","potions_obtained":[{"floor":1.0,"key":"Regen Potion"},{"floor":10.0,"key":"Explosive Potion"},{"floor":12,"key":"SpeedPotion"},{"floor":14,"key":"Dexterity Potion"},{"floor":18,"key":"GamblersBrew"},{"floor":21,"key":"SkillPotion"}],"is_trial":false,"path_per_floor":["M","M","$","M","?","R","E","R","T","M","R","M","E","M","R","B",null,"M","?","M","M","M","R","M"],"character_chosen":"THE_SILENT","items_purchased":["Accuracy"],"campfire_rested":2,"item_purchase_floors":[3],"current_hp_per_floor":[61,60,60,60,60,60,50,50,50,47,47,47,37,27,48,43,63,55,55,39,18,9,30,0],"gold":595,"neow_bonus":"BOSS_RELIC","is_prod":false,"is_daily":false,"chose_seed":false,"campfire_upgraded":3,"win_rate":0,"timestamp":1551849656,"path_taken":["M","M","$","M","?","R","E","R","T","M","R","M","E","M","R","BOSS","M","?","M","M","M","R","M"],"build_version":"2019-01-23","purchased_purges":1,"victory":false,"max_hp_per_floor":[70,70,70,70,70,70,70,70,70,70,70,70,70,70,70,70,70,70,70,70,70,70,70,70],"card_choices":[{"not_picked":["Footwork","Prepared"],"picked":"Quick Slash","floor":1.0},{"not_picked":["Flying Knee","Dagger Throw"],"picked":"Infinite Blades","floor":2.0},{"not_picked":["Masterful Stab","Sucker Punch"],"picked":"Footwork","floor":4.0},{"not_picked":["Riddle With Holes","Heel Hook","Crippling Poison"],"picked":"SKIP","floor":7.0},{"not_picked":["Slice","Tools of the Trade"],"picked":"Infinite Blades","floor":10.0},{"not_picked":["Acrobatics","Backflip"],"picked":"Footwork","floor":12},{"not_picked":["Catalyst","Poisoned Stab"],"picked":"Terror","floor":13},{"not_picked":["Expertise","Prepared"],"picked":"Dagger Throw","floor":14},{"not_picked":["Night Terror","Venomology"],"picked":"Burst","floor":16},{"not_picked":["Deadly Poison","Acrobatics"],"picked":"Masterful Stab","floor":18},{"not_picked":["Flying Knee","Deadly Poison"],"picked":"PiercingWail+1","floor":20},{"not_picked":["Heel Hook","Slice+1"],"picked":"Backflip+1","floor":21},{"not_picked":["Flying Knee","Catalyst+1"],"picked":"Deflect","floor":22}],"player_experience":1204865,"relics_obtained":[{"floor":7.0,"key":"Art of War"},{"floor":9.0,"key":"Whetstone"},{"floor":13,"key":"Tough Bandages"}],"event_choices":[{"damage_healed":0.0,"max_hp_gain":0.0,"max_hp_loss":0.0,"gold_gain":0.0,"event_name":"Golden Idol","player_choice":"Take Wound","floor":5.0,"gold_loss":0.0,"damage_taken":0.0,"relics_obtained":["Golden Idol"],"cards_obtained":["Injury"]},{"damage_healed":0,"gold_gain":0,"player_choice":"Obtained Relic","damage_taken":0,"relics_obtained":["Old Coin"],"max_hp_gain":0,"max_hp_loss":0,"event_name":"Addict","floor":19,"gold_loss":85}],"is_beta":false,"boss_relics":[{"not_picked":["Velvet Choker","Philosopher\u0027s Stone"],"picked":"Black Star"}],"items_purged_floors":[3],"is_endless":false,"potions_floor_spawned":[1,10,12,14,18,20,21],"killed_by":"Snecko","ascension_level":9}