{"gold_per_floor":[116,116,116,134,149,177,189,216,252,295,307,339,351,363,375,483,495,517,105,105,105,115,115,145,145,145,158,158,193,223,240,240,342,342,362,362,35,257,270,295,295,312,337,337,337,366,366,401,401,401,401,401,7,36,36],"floor_reached":56,"playtime":7223,"items_purged":["Strike_B","Defend_B","Normality"],"score":1591,"play_id":"6c613707-2ea4-470f-815f-9ad33afacb68","local_time":"20190716195732","is_ascension_mode":true,"campfire_choices":[{"data":"Zap","floor":7.0,"key":"SMITH"},{"floor":13.0,"key":"RECALL"},{"data":"Dualcast","floor":15.0,"key":"SMITH"},{"data":"Defragment","floor":23.0,"key":"SMITH"},{"data":"White Noise","floor":25.0,"key":"SMITH"},{"data":"Capacitor","floor":28.0,"key":"SMITH"},{"floor":32.0,"key":"REST"},{"data":"Buffer","floor":41.0,"key":"SMITH"},{"data":"White Noise","floor":45.0,"key":"SMITH"},{"data":"Capacitor","floor":49.0,"key":"SMITH"},{"data":"Ghostly","floor":52.0,"key":"SMITH"}],"neow_cost":"TEN_PERCENT_HP_LOSS","seed_source_timestamp":1251320029132255,"circlet_count":0,"master_deck":["Defend_B","Defend_B","Defend_B","Zap+1","Dualcast+1","Cold Snap","Gash","Leap","Cold Snap","Gash","Ball Lightning+1","Rebound+1","Echo Form","Ball Lightning+1","Defragment+1","White Noise+1","Ghostly","Ghostly","Ghostly","Ghostly+1","Ghostly+1","Ball Lightning","Leap","Capacitor+1","Leap+1","Capacitor+1","Loop+1","Electrodynamics","Tempest+1","Bandage Up","White Noise+1","Force Field+1","Buffer+1","Writhe","Cold Snap+1","Cold Snap+1","BootSequence","Amplify"],"special_seed":0,"relics":["Cracked Core","MawBank","Boot","Black Star","Lee\u0027s Waffle","Ice Cream","Sundial","Darkstone Periapt","Red Mask","Du-Vu Doll","Whetstone","Cursed Key","Strawberry","Pantograph","Bottled Lightning","War Paint","Juzu Bracelet","Calipers","Dream Catcher","Nunchaku","Oddly Smooth Stone","Mango","Ornamental Fan"],"potions_floor_usage":[55,55],"damage_taken":[{"damage":4.0,"enemies":"Small Slimes","floor":1.0,"turns":3.0},{"damage":0.0,"enemies":"Jaw Worm","floor":4.0,"turns":4.0},{"damage":0.0,"enemies":"2 Louse","floor":5.0,"turns":2.0},{"damage":5.0,"enemies":"Lagavulin","floor":6.0,"turns":8.0},{"damage":0.0,"enemies":"2 Fungi Beasts","floor":8.0,"turns":3.0},{"damage":0.0,"enemies":"3 Sentries","floor":10.0,"turns":14.0},{"damage":8.0,"enemies":"Gremlin Gang","floor":12.0,"turns":3.0},{"damage":24.0,"enemies":"The Guardian","floor":16.0,"turns":10.0},{"damage":27.0,"enemies":"2 Thieves","floor":18.0,"turns":4.0},{"damage":0.0,"enemies":"Spheric Guardian","floor":22.0,"turns":5.0},{"damage":1.0,"enemies":"Gremlin Leader","floor":24.0,"turns":5.0},{"damage":0.0,"enemies":"Snecko","floor":27.0,"turns":7.0},{"damage":0.0,"enemies":"Masked Bandits","floor":29.0,"turns":4.0},{"damage":28.0,"enemies":"Slavers","floor":30.0,"turns":8.0},{"damage":0.0,"enemies":"Snake Plant","floor":31.0,"turns":4.0},{"damage":0.0,"enemies":"Collector","floor":33.0,"turns":7.0},{"damage":0.0,"enemies":"3 Shapes","floor":35.0,"turns":5.0},{"damage":2.0,"enemies":"3 Darklings","floor":39.0,"turns":3.0},{"damage":0.0,"enemies":"Nemesis","floor":40.0,"turns":7.0},{"damage":0.0,"enemies":"Maw","floor":42.0,"turns":8.0},{"damage":0.0,"enemies":"Giant Head","floor":46.0,"turns":9.0},{"damage":2.0,"enemies":"Reptomancer","floor":48.0,"turns":7.0},{"damage":20.0,"enemies":"Time Eater","floor":50.0,"turns":14.0},{"damage":17.0,"enemies":"Shield and Spear","floor":54.0,"turns":9.0},{"damage":71,"enemies":"The Heart","floor":55,"turns":13}],"seed_played":"5102752642941043368","potions_obtained":[{"floor":4.0,"key":"Dexterity Potion"},{"floor":6.0,"key":"SkillPotion"},{"floor":12.0,"key":"SpeedPotion"},{"floor":22.0,"key":"EssenceOfSteel"},{"floor":29.0,"key":"FocusPotion"},{"floor":30.0,"key":"PowerPotion"},{"floor":40.0,"key":"SteroidPotion"},{"floor":47.0,"key":"Block Potion"},{"floor":47.0,"key":"GamblersBrew"}],"is_trial":false,"path_per_floor":["M","?","?","M","M","E","R","M","T","E","$","M","R","?","R","B",null,"M","$","?","?","M","R","E","R","T","M","R","?","E","M","R","B",null,"M","?","$","?","M","E","R","M","T","?","R","E","?","E","R","B",null,"R","$","E","B",null],"character_chosen":"DEFECT","items_purchased":["Defragment","Lee\u0027s Waffle","White Noise","White Noise","Strawberry","Oddly Smooth Stone","Dexterity Potion","BootSequence"],"campfire_rested":1,"item_purchase_floors":[19,19,19,37,37,53,53,53],"current_hp_per_floor":[64,57,57,57,57,52,52,52,52,52,52,44,44,49,49,25,73,46,80,40,35,35,35,34,34,34,34,34,34,6,6,19,19,45,45,45,52,52,52,52,52,52,58,64,64,64,64,64,64,52,64,64,64,64,15],"gold":36,"neow_bonus":"REMOVE_TWO","is_prod":false,"is_daily":false,"chose_seed":false,"campfire_upgraded":9,"win_rate":0,"timestamp":1563321452,"path_taken":["M","?","?","M","M","E","R","M","T","E","$","?","R","?","R","BOSS","M","$","?","?","M","R","E","R","T","M","R","?","E","M","R","BOSS","M","?","$","?","M","E","R","M","T","?","R","E","?","E","R","BOSS","R","$","E","BOSS"],"build_version":"2019-07-05","purchased_purges":3,"victory":true,"max_hp_per_floor":[68,68,68,68,68,68,68,68,68,68,68,68,68,73,73,73,73,73,80,40,45,45,45,45,45,45,45,45,45,45,45,45,45,45,45,45,52,52,52,52,52,52,58,64,64,64,64,64,64,64,64,64,64,78,78],"card_choices":[{"not_picked":["Beam Cell","Go for the Eyes"],"picked":"Cold Snap","floor":1.0},{"not_picked":["Skim","Capacitor"],"picked":"Gash","floor":4.0},{"not_picked":["Beam Cell","Blizzard"],"picked":"Leap","floor":5.0},{"not_picked":["Darkness","Blizzard"],"picked":"Cold Snap","floor":6.0},{"not_picked":["Conserve Battery","Beam Cell"],"picked":"Gash","floor":8.0},{"not_picked":["Reprogram","Go for the Eyes"],"picked":"Ball Lightning","floor":10.0},{"not_picked":["Sweeping Beam","Rip and Tear"],"picked":"Rebound","floor":12.0},{"not_picked":["Fission","Multi-Cast"],"picked":"Echo Form","floor":16.0},{"not_picked":["Conserve Battery","Chill"],"picked":"Ball Lightning+1","floor":18.0},{"not_picked":["Reinforced Body","Hello World"],"picked":"Ball Lightning","floor":22.0},{"not_picked":["Sweeping Beam","Go for the Eyes"],"picked":"Leap","floor":24.0},{"not_picked":["Go for the Eyes+1","Doom and Gloom"],"picked":"Capacitor","floor":27.0},{"not_picked":["Hologram","Sweeping Beam"],"picked":"Leap","floor":29.0},{"not_picked":["Sweeping Beam","Stack"],"picked":"Capacitor","floor":30.0},{"not_picked":["Compile Driver","Turbo"],"picked":"Loop+1","floor":31.0},{"not_picked":["Amplify","All For One"],"picked":"Electrodynamics","floor":33.0},{"not_picked":["Steam","Undo"],"picked":"Tempest+1","floor":35.0},{"not_picked":["Deep Breath","Magnetism"],"picked":"Bandage Up","floor":36.0},{"not_picked":["BootSequence","Barrage"],"picked":"Force Field+1","floor":39.0},{"not_picked":["Gash","Steam+1"],"picked":"Buffer","floor":40.0},{"not_picked":["Sweeping Beam","Rebound","Streamline"],"picked":"SKIP","floor":42.0},{"not_picked":["Coolheaded+1","Melter"],"picked":"Cold Snap+1","floor":46.0},{"not_picked":["Steam","Beam Cell"],"picked":"Cold Snap+1","floor":48.0},{"not_picked":["Heatsinks","Hologram+1"],"picked":"Amplify","floor":54.0}],"player_experience":260490,"relics_obtained":[{"floor":6.0,"key":"MawBank"},{"floor":10.0,"key":"Boot"},{"floor":24.0,"key":"Ice Cream"},{"floor":24.0,"key":"Sundial"},{"floor":26.0,"key":"Darkstone Periapt"},{"floor":29.0,"key":"Red Mask"},{"floor":30.0,"key":"Du-Vu Doll"},{"floor":30.0,"key":"Whetstone"},{"floor":40.0,"key":"Pantograph"},{"floor":40.0,"key":"Bottled Lightning"},{"floor":43.0,"key":"War Paint"},{"floor":46.0,"key":"Juzu Bracelet"},{"floor":46.0,"key":"Calipers"},{"floor":48.0,"key":"Dream Catcher"},{"floor":48.0,"key":"Nunchaku"},{"floor":54.0,"key":"Mango"},{"floor":54.0,"key":"Ornamental Fan"}],"event_choices":[{"cards_removed":["Strike_B"],"damage_healed":0.0,"max_hp_gain":0.0,"max_hp_loss":0.0,"gold_gain":0.0,"event_name":"Golden Wing","player_choice":"Card Removal","floor":2.0,"gold_loss":0.0,"damage_taken":7.0},{"damage_healed":0.0,"max_hp_gain":0.0,"max_hp_loss":0.0,"gold_gain":0.0,"event_name":"Liars Game","player_choice":"Ignored","floor":3.0,"gold_loss":0.0,"damage_taken":0.0},{"damage_healed":0.0,"max_hp_gain":5.0,"max_hp_loss":0.0,"gold_gain":0.0,"event_name":"Big Fish","player_choice":"Donut","floor":14.0,"gold_loss":0.0,"damage_taken":0.0},{"damage_healed":0.0,"max_hp_gain":0.0,"max_hp_loss":40.0,"gold_gain":0.0,"event_name":"Ghosts","player_choice":"Became a Ghost","floor":20.0,"gold_loss":0.0,"damage_taken":0.0,"cards_obtained":["Ghostly","Ghostly","Ghostly","Ghostly","Ghostly"]},{"damage_healed":0.0,"max_hp_gain":5.0,"max_hp_loss":0.0,"gold_gain":0.0,"event_name":"Forgotten Altar","player_choice":"Shed Blood","floor":21.0,"gold_loss":0.0,"damage_taken":10.0},{"damage_healed":0.0,"max_hp_gain":0.0,"max_hp_loss":0.0,"gold_gain":0.0,"event_name":"Masked Bandits","player_choice":"Fought Bandits","floor":29.0,"gold_loss":0.0,"damage_taken":0.0},{"damage_healed":0.0,"max_hp_gain":0.0,"max_hp_loss":0.0,"gold_gain":0.0,"event_name":"SensoryStone","player_choice":"Memory 1","floor":36.0,"gold_loss":0.0,"damage_taken":0.0},{"damage_healed":0.0,"max_hp_gain":0.0,"max_hp_loss":0.0,"gold_gain":222.0,"event_name":"Tomb of Lord Red Mask","player_choice":"Wore Mask","floor":38.0,"gold_loss":0.0,"damage_taken":0.0},{"damage_healed":15.0,"max_hp_gain":0.0,"max_hp_loss":0.0,"gold_gain":0.0,"event_name":"Winding Halls","player_choice":"Writhe","floor":44.0,"gold_loss":0.0,"damage_taken":0.0,"cards_obtained":["Writhe"]},{"damage_healed":0.0,"max_hp_gain":0.0,"max_hp_loss":0.0,"gold_gain":0.0,"event_name":"Lab","player_choice":"Got Potions","floor":47.0,"gold_loss":0.0,"damage_taken":0.0}],"is_beta":false,"boss_relics":[{"not_picked":["White Beast Statue","Lizard Tail"],"picked":"Black Star"},{"not_picked":["Astrolabe","Coffee Dripper"],"picked":"Cursed Key"}],"items_purged_floors":[19,37,53],"is_endless":false,"potions_floor_spawned":[4,6,12,22,29,30,40],"ascension_level":3}