{"gold_per_floor":[116,41,41,116,92,92,126,126,126,164,180,180,224,239,239,358,358,328,328,228,138,138,138,138,138,138,138,63,63,63,63,63,63,63,63,63,63,63,63,63,63,63,63,63,63,63,63,63,63,63],"floor_reached":51,"playtime":3543,"items_purged":["Defend_R","Strike_R"],"score":788,"play_id":"4626237a-33f5-418e-983b-f1e3005012c6","local_time":"20190815235422","is_ascension_mode":false,"campfire_choices":[{"data":"Anger","floor":6,"key":"SMITH"},{"data":"Shrug It Off","floor":8,"key":"SMITH"},{"data":"Armaments","floor":15,"key":"SMITH"},{"data":"Seeing Red","floor":23,"key":"SMITH"},{"floor":25,"key":"REST"},{"floor":30,"key":"REST"},{"floor":32,"key":"REST"},{"floor":41,"key":"REST"},{"floor":44,"key":"REST"},{"floor":49,"key":"REST"}],"neow_cost":"NONE","seed_source_timestamp":1203468283169484,"circlet_count":0,"master_deck":["Bash","Anger+1","Shrug It Off+1","Seeing Red+1","Metallicize+1","Shrug It Off","Armaments+1","Iron Wave","Offering","Evolve","Rage","Power Through+1","Cleave+1","Thunderclap+1","Fiend Fire","Reaper","Burning Pact","Combust","Double Tap","Battle Trance+1","Feed","True Grit+1","Iron Wave+1","Thinking Ahead"],"relics":["Burning Blood","NeowsBlessing","Golden Idol","Self Forming Clay","Singing Bowl","Dream Catcher","Vajra","Ectoplasm","Tiny Chest","Bird Faced Urn","Pandora\u0027s Box","Happy Flower","Blood Vial","Pear"],"potions_floor_usage":[13,50,50],"damage_taken":[{"damage":0,"enemies":"Cultist","floor":1,"turns":1},{"damage":0,"enemies":"Gremlin Nob","floor":7,"turns":1},{"damage":0,"enemies":"Lagavulin","floor":10,"turns":1},{"damage":0,"enemies":"2 Louse","floor":11,"turns":3},{"damage":12,"enemies":"Gremlin Nob","floor":13,"turns":5},{"damage":1,"enemies":"Jaw Worm","floor":14,"turns":3},{"damage":48,"enemies":"Hexaghost","floor":16,"turns":11},{"damage":6,"enemies":"2 Thieves","floor":18,"turns":3},{"damage":28,"enemies":"3 Byrds","floor":19,"turns":6},{"damage":15,"enemies":"Centurion and Healer","floor":22,"turns":6},{"damage":9,"enemies":"3 Cultists","floor":24,"turns":6},{"damage":6,"enemies":"Chosen and Byrds","floor":27,"turns":6},{"damage":38,"enemies":"Slavers","floor":29,"turns":8},{"damage":20,"enemies":"Snecko","floor":31,"turns":8},{"damage":26,"enemies":"Automaton","floor":33,"turns":10},{"damage":18,"enemies":"3 Darklings","floor":35,"turns":3},{"damage":14,"enemies":"3 Shapes","floor":37,"turns":3},{"damage":22,"enemies":"Maw","floor":39,"turns":8},{"damage":20,"enemies":"Reptomancer","floor":40,"turns":8},{"damage":40,"enemies":"Jaw Worm Horde","floor":42,"turns":5},{"damage":33,"enemies":"Sphere and 2 Shapes","floor":47,"turns":6},{"damage":175,"enemies":"Time Eater","floor":50,"turns":15}],"seed_played":"7579067755431492626","potions_obtained":[{"floor":1,"key":"Weak Potion"},{"floor":7,"key":"AttackPotion"},{"floor":10,"key":"Poison Potion"},{"floor":14,"key":"SpeedPotion"},{"floor":22,"key":"FairyPotion"},{"floor":35,"key":"BloodPotion"}],"is_trial":false,"path_per_floor":["M","$","?","?","$","R","E","R","T","E","M","?","E","M","R","B",null,"M","M","$","?","M","R","M","R","T","M","?","E","R","M","R","B",null,"M","?","M","?","M","E","R","M","T","R","T","$","M","?","R","B",null],"character_chosen":"IRONCLAD","items_purchased":["Shrug It Off"],"campfire_rested":6,"item_purchase_floors":[5],"current_hp_per_floor":[80,80,60,49,49,49,55,55,55,61,67,67,61,66,66,24,80,80,58,58,58,51,51,50,75,75,77,77,47,75,63,90,72,90,82,82,81,81,71,78,91,73,73,96,106,106,95,95,110,17],"gold":63,"neow_bonus":"THREE_ENEMY_KILL","is_prod":false,"is_daily":false,"chose_seed":false,"campfire_upgraded":4,"win_rate":0,"timestamp":1565906062,"path_taken":["M","$","?","?","?","R","E","R","T","E","M","?","E","M","R","BOSS","M","M","?","?","M","R","?","R","T","?","?","E","R","M","R","BOSS","M","?","M","?","?","E","R","M","T","R","?","$","M","?","R","BOSS"],"build_version":"2019-07-17","purchased_purges":2,"victory":true,"max_hp_per_floor":[80,80,80,80,80,80,80,80,80,80,80,80,80,80,80,80,80,80,80,80,80,82,82,84,84,84,86,86,88,90,90,90,90,90,90,85,87,87,89,89,91,96,96,96,106,106,108,108,110,110],"card_choices":[{"not_picked":["Clash","Sword Boomerang"],"picked":"Anger","floor":1},{"not_picked":["Rampage","Flex"],"picked":"Seeing Red","floor":7},{"not_picked":["Anger","Hemokinesis"],"picked":"Metallicize","floor":10},{"not_picked":["Pommel Strike","Flame Barrier"],"picked":"Shrug It Off","floor":11},{"not_picked":["Intimidate","Body Slam"],"picked":"Armaments","floor":13},{"not_picked":["Intimidate","Headbutt"],"picked":"Iron Wave","floor":14},{"not_picked":["Bludgeon","Reaper"],"picked":"Offering","floor":16},{"not_picked":["Carnage","Second Wind"],"picked":"Evolve","floor":18},{"not_picked":["Armaments","Thunderclap"],"picked":"Rage","floor":19},{"not_picked":["Clothesline","Flex","Perfected Strike"],"picked":"Singing Bowl","floor":22},{"not_picked":["Cleave","Body Slam","Havoc"],"picked":"Singing Bowl","floor":24},{"not_picked":["Carnage","Rupture"],"picked":"Power Through+1","floor":25},{"not_picked":["Sword Boomerang","Infernal Blade+1","Seeing Red"],"picked":"Singing Bowl","floor":27},{"not_picked":["Warcry+1","Perfected Strike","Bloodletting"],"picked":"Singing Bowl","floor":29},{"not_picked":["Havoc","Sword Boomerang","Entrench"],"picked":"Singing Bowl","floor":30},{"not_picked":["Thunderclap","Blood for Blood"],"picked":"Cleave+1","floor":31},{"not_picked":["Fire Breathing","Ghostly Armor"],"picked":"Thunderclap+1","floor":32},{"not_picked":["Feed","Immolate"],"picked":"Fiend Fire","floor":33},{"not_picked":["Armaments+1","Headbutt+1"],"picked":"Battle Trance+1","floor":35},{"not_picked":["Cleave+1","Warcry","Pommel Strike"],"picked":"Singing Bowl","floor":37},{"not_picked":["Intimidate","Fire Breathing+1","Havoc"],"picked":"Singing Bowl","floor":39},{"not_picked":["Thunderclap+1","Intimidate+1"],"picked":"True Grit+1","floor":40},{"not_picked":["Heavy Blade+1","Whirlwind+1","Body Slam+1"],"picked":"Singing Bowl","floor":41},{"not_picked":["Fiend Fire","Cleave","Anger"],"picked":"Singing Bowl","floor":42},{"not_picked":["Warcry+1","Heavy Blade"],"picked":"Iron Wave+1","floor":44},{"not_picked":["Limit Break","Evolve","Entrench+1"],"picked":"Singing Bowl","floor":47},{"not_picked":["Transmutation","PanicButton"],"picked":"Thinking Ahead","floor":48},{"not_picked":["Armaments","Ghostly Armor+1","Twin Strike"],"picked":"Singing Bowl","floor":49}],"player_experience":318353,"relics_obtained":[{"floor":7,"key":"Self Forming Clay"},{"floor":9,"key":"Singing Bowl"},{"floor":10,"key":"Dream Catcher"},{"floor":13,"key":"Vajra"},{"floor":26,"key":"Tiny Chest"},{"floor":29,"key":"Bird Faced Urn"},{"floor":40,"key":"Happy Flower"},{"floor":43,"key":"Blood Vial"},{"floor":45,"key":"Pear"}],"event_choices":[{"damage_healed":0,"gold_gain":0,"player_choice":"Take Damage","damage_taken":20,"relics_obtained":["Golden Idol"],"max_hp_gain":0,"max_hp_loss":0,"event_name":"Golden Idol","floor":3,"gold_loss":0},{"damage_healed":0,"gold_gain":75,"player_choice":"Gather Gold","damage_taken":11,"max_hp_gain":0,"max_hp_loss":0,"event_name":"World of Goop","floor":4,"gold_loss":0},{"cards_removed":["Defend_R"],"damage_healed":0,"gold_gain":0,"player_choice":"Offered Basic","damage_taken":0,"max_hp_gain":0,"max_hp_loss":0,"event_name":"Bonfire Elementals","floor":12,"gold_loss":0},{"cards_removed":["Defend_R"],"damage_healed":0,"gold_gain":0,"player_choice":"Upgrade and Remove","damage_taken":0,"max_hp_gain":0,"max_hp_loss":0,"event_name":"Designer","floor":21,"gold_loss":90,"cards_upgraded":["Metallicize"]},{"cards_removed":["Strike_R"],"damage_healed":0,"gold_gain":0,"player_choice":"Gave Gold","damage_taken":0,"max_hp_gain":0,"max_hp_loss":0,"event_name":"Beggar","floor":28,"gold_loss":75},{"damage_healed":0,"gold_gain":0,"player_choice":"Max HP","damage_taken":0,"max_hp_gain":0,"max_hp_loss":5,"event_name":"Winding Halls","floor":36,"gold_loss":0},{"damage_healed":0,"gold_gain":0,"player_choice":"1 cards matched","damage_taken":0,"max_hp_gain":0,"max_hp_loss":0,"event_name":"Match and Keep!","floor":38,"gold_loss":0,"cards_obtained":["Feed"]},{"damage_healed":0,"gold_gain":0,"player_choice":"Memory 1","damage_taken":0,"max_hp_gain":0,"max_hp_loss":0,"event_name":"SensoryStone","floor":48,"gold_loss":0}],"is_beta":false,"boss_relics":[{"not_picked":["Runic Pyramid","Coffee Dripper"],"picked":"Ectoplasm"},{"not_picked":["Astrolabe","Velvet Choker"],"picked":"Pandora\u0027s Box"}],"items_purged_floors":[2,20],"is_endless":false,"potions_floor_spawned":[1,7,10,14,22,24,29,35,37,40],"ascension_level":0}