{"gold_per_floor":[113,113,113,129,54,54,82,82,82,82,82,101,101,64,64,143,143,154,168,168,181,193,193,212,212,236,236,252,432,432,452,452,529,529,548,648,648,195,195,195,210,244,268,268,301,301,301,335,335,335],"floor_reached":51,"playtime":2904,"items_purged":["Strike_R","Corruption"],"score":1399,"play_id":"9dcd242e-cb56-4645-a86f-ace3664aee8e","local_time":"20190704000516","is_ascension_mode":true,"campfire_choices":[{"data":"Searing Blow","floor":6.0,"key":"SMITH"},{"data":"Searing Blow+3","floor":11.0,"key":"SMITH"},{"data":"Searing Blow+4","floor":13.0,"key":"SMITH"},{"data":"Searing Blow+5","floor":15.0,"key":"SMITH"},{"data":"Searing Blow+6","floor":23,"key":"SMITH"},{"data":"Searing Blow+7","floor":25,"key":"SMITH"},{"data":"Searing Blow+8","floor":27,"key":"SMITH"},{"data":"Searing Blow+9","floor":30,"key":"SMITH"},{"data":"Searing Blow+10","floor":32,"key":"SMITH"},{"data":"Searing Blow+11","floor":40,"key":"SMITH"},{"data":"Searing Blow+12","floor":44,"key":"SMITH"},{"data":"Searing Blow+13","floor":46,"key":"SMITH"},{"data":"Searing Blow+14","floor":49,"key":"SMITH"}],"neow_cost":"NONE","seed_source_timestamp":147426131661262,"circlet_count":0,"master_deck":["AscendersBane","Bash","Headbutt","Searing Blow+15","Headbutt","Thunderclap+1","Spot Weakness","Immolate+1","Armaments","Uppercut+1","Offering","Reaper+1","Reaper+1","Flame Barrier","Hemokinesis+1","Shockwave","Berserk","Shrug It Off+1","Pommel Strike+1","Deep Breath+1","Madness+1","Headbutt+1","Headbutt+1"],"special_seed":0,"relics":["Burning Blood","PreservedInsect","Omamori","Bag of Preparation","Molten Egg 2","Sozu","Bronze Scales","Pandora\u0027s Box","Calipers","Toxic Egg 2","Magic Flower","Pen Nib","Dream Catcher","Torii","Anchor","Strawberry"],"potions_floor_usage":[50],"damage_taken":[{"damage":1.0,"enemies":"2 Louse","floor":1.0,"turns":4.0},{"damage":1.0,"enemies":"Cultist","floor":4.0,"turns":3.0},{"damage":18.0,"enemies":"Gremlin Nob","floor":7.0,"turns":4.0},{"damage":1.0,"enemies":"Small Slimes","floor":12.0,"turns":2.0},{"damage":31.0,"enemies":"Hexaghost","floor":16.0,"turns":5.0},{"damage":0.0,"enemies":"Spheric Guardian","floor":18.0,"turns":2.0},{"damage":7.0,"enemies":"Chosen","floor":19.0,"turns":2.0},{"damage":14,"enemies":"Snake Plant","floor":21,"turns":2},{"damage":7,"enemies":"Cultist and Chosen","floor":22,"turns":4},{"damage":0,"enemies":"Shelled Parasite and Fungi","floor":24,"turns":1},{"damage":1,"enemies":"3 Cultists","floor":28,"turns":3},{"damage":0,"enemies":"Snake Plant","floor":31,"turns":1},{"damage":9,"enemies":"Champ","floor":33,"turns":4},{"damage":6,"enemies":"3 Darklings","floor":35,"turns":3},{"damage":0,"enemies":"Mind Bloom Boss Battle","floor":36,"turns":2},{"damage":0,"enemies":"Orb Walker","floor":41,"turns":1},{"damage":6,"enemies":"Giant Head","floor":42,"turns":3},{"damage":6,"enemies":"Reptomancer","floor":45,"turns":1},{"damage":6,"enemies":"Giant Head","floor":48,"turns":1},{"damage":45,"enemies":"Donu and Deca","floor":50,"turns":5}],"seed_played":"3891028895952484635","potions_obtained":[{"floor":4.0,"key":"Weak Potion"},{"floor":12.0,"key":"LiquidBronze"},{"floor":16.0,"key":"PowerPotion"}],"is_trial":false,"path_per_floor":["M","?","?","M","$","R","E","?","T","?","R","M","R","$","R","B",null,"M","M","?","M","M","R","M","R","T","R","M","?","R","M","R","B",null,"M","?","T","$","?","R","M","E","T","R","E","R","?","E","R","B",null],"character_chosen":"IRONCLAD","items_purchased":["Spot Weakness","Magic Flower","Pommel Strike+1"],"campfire_rested":0,"item_purchase_floors":[14,38,38],"current_hp_per_floor":[73,66,66,71,71,71,59,59,59,59,59,64,64,64,64,39,66,72,71,71,63,62,62,68,68,68,68,73,52,52,58,58,55,70,75,75,75,75,65,65,74,75,75,75,75,75,75,82,82,52],"gold":335,"neow_bonus":"RANDOM_COMMON_RELIC","is_prod":false,"is_daily":false,"chose_seed":false,"campfire_upgraded":13,"win_rate":0,"timestamp":1562213116,"path_taken":["M","?","?","?","?","R","E","?","T","?","R","M","R","$","R","BOSS","M","?","?","M","M","R","?","R","T","R","M","?","R","?","R","BOSS","M","?","?","$","?","R","M","E","T","R","E","R","?","E","R","BOSS"],"build_version":"2019-07-01","purchased_purges":2,"victory":true,"max_hp_per_floor":[75,75,75,75,75,75,75,75,75,75,75,75,75,75,75,75,75,75,75,75,75,75,75,75,75,75,75,75,75,75,75,75,75,75,75,75,75,75,75,75,75,75,75,75,75,75,75,82,82,82],"card_choices":[{"not_picked":["Twin Strike","Body Slam"],"picked":"Headbutt","floor":1.0},{"not_picked":["Cleave","Headbutt"],"picked":"Searing Blow","floor":4.0},{"not_picked":["Perfected Strike","Wild Strike"],"picked":"Headbutt","floor":7.0},{"not_picked":["Armaments","True Grit"],"picked":"Thunderclap+1","floor":12.0},{"not_picked":["Brutality","Juggernaut"],"picked":"Immolate+1","floor":16.0},{"not_picked":["Entrench+1","Havoc","Heavy Blade+1"],"picked":"SKIP","floor":18.0},{"not_picked":["Wild Strike+1","Iron Wave+1"],"picked":"Armaments","floor":19.0},{"not_picked":["Clash+1","Havoc"],"picked":"Uppercut+1","floor":21},{"not_picked":["Flex","Spot Weakness","Ghostly Armor"],"picked":"SKIP","floor":22},{"not_picked":["Heavy Blade+1","Sword Boomerang+1","Flex"],"picked":"SKIP","floor":24},{"not_picked":["Carnage+1","Immolate+1","Thunderclap+1"],"picked":"SKIP","floor":28},{"not_picked":["Cleave+1","Shrug It Off","Burning Pact"],"picked":"SKIP","floor":31},{"not_picked":["Immolate+1","Brutality"],"picked":"Offering","floor":33},{"not_picked":["Clothesline+1","Clash+1"],"picked":"Shrug It Off+1","floor":35},{"not_picked":["Discovery+1","Blind+1"],"picked":"Deep Breath+1","floor":39},{"not_picked":["Dramatic Entrance+1","Secret Technique+1"],"picked":"Madness+1","floor":39},{"not_picked":["Wild Strike+1","Reckless Charge+1"],"picked":"Headbutt+1","floor":41},{"not_picked":["True Grit+1","Warcry+1","Dark Embrace"],"picked":"SKIP","floor":42},{"not_picked":["Anger+1","Rampage+1","Wild Strike+1"],"picked":"SKIP","floor":45},{"not_picked":["Heavy Blade+1","Dropkick+1"],"picked":"Headbutt+1","floor":48}],"player_experience":186393,"relics_obtained":[{"floor":7.0,"key":"Bag of Preparation"},{"floor":9.0,"key":"Molten Egg 2"},{"floor":26,"key":"Bronze Scales"},{"floor":36,"key":"Calipers"},{"floor":37,"key":"Toxic Egg 2"},{"floor":42,"key":"Pen Nib"},{"floor":43,"key":"Dream Catcher"},{"floor":45,"key":"Torii"},{"floor":47,"key":"Anchor"},{"floor":48,"key":"Strawberry"}],"event_choices":[{"damage_healed":0.0,"max_hp_gain":0.0,"max_hp_loss":0.0,"gold_gain":0.0,"event_name":"Scrap Ooze","player_choice":"Success","floor":2.0,"gold_loss":0.0,"damage_taken":7.0,"relics_obtained":["Omamori"]},{"cards_removed":["Strike_R"],"damage_healed":0.0,"max_hp_gain":0.0,"max_hp_loss":0.0,"gold_gain":0.0,"event_name":"Bonfire Elementals","player_choice":"Offered Basic","floor":3.0,"gold_loss":0.0,"damage_taken":0.0},{"damage_healed":0.0,"max_hp_gain":0.0,"max_hp_loss":0.0,"gold_gain":0.0,"event_name":"Living Wall","player_choice":"Grow","floor":8.0,"gold_loss":0.0,"damage_taken":0.0,"cards_upgraded":["Searing Blow"]},{"damage_healed":0.0,"max_hp_gain":0.0,"max_hp_loss":0.0,"gold_gain":0.0,"event_name":"Upgrade Shrine","player_choice":"Upgraded","floor":10.0,"gold_loss":0.0,"damage_taken":0.0,"cards_upgraded":["Searing Blow"]},{"damage_healed":0,"gold_gain":0,"player_choice":"0 cards matched","damage_taken":0,"max_hp_gain":0,"max_hp_loss":0,"event_name":"Match and Keep!","floor":20,"gold_loss":0,"cards_obtained":[]},{"damage_healed":0,"gold_gain":180,"player_choice":"GOLD GOLD ","damage_taken":21,"max_hp_gain":0,"max_hp_loss":0,"event_name":"Knowing Skull","floor":29,"potions_obtained":[],"gold_loss":0,"cards_obtained":[]},{"damage_healed":0,"gold_gain":0,"player_choice":"Fight","damage_taken":0,"max_hp_gain":0,"max_hp_loss":0,"event_name":"MindBloom","floor":36,"gold_loss":0},{"damage_healed":0,"gold_gain":0,"player_choice":"Memory 3","damage_taken":10,"max_hp_gain":0,"max_hp_loss":0,"event_name":"SensoryStone","floor":39,"gold_loss":0},{"damage_healed":0,"gold_gain":0,"player_choice":"Relic","damage_taken":0,"max_hp_gain":0,"max_hp_loss":0,"event_name":"Wheel of Change","floor":47,"gold_loss":0}],"is_beta":false,"boss_relics":[{"not_picked":["Fusion Hammer","Black Blood"],"picked":"Sozu"},{"not_picked":["Runic Dome","Eternal Feather"],"picked":"Pandora\u0027s Box"}],"items_purged_floors":[5,38],"is_endless":false,"potions_floor_spawned":[4,12,16,21,24,28,33,36,41],"ascension_level":14}