{"gold_per_floor":[110,110,110,110,110,110,130,130,199,228,246,281,300,42,42,119,119,139,54,84,84,9,9,9,22,22,51,51,51,51,69,69,145,145,164,144,56,56,68,94,109,119,196,91,91,91,101,126,126,126,126,126,75,107,107],"floor_reached":56,"playtime":8027,"items_purged":["Pain"],"score":2367,"play_id":"27bd7ebe-f1f0-46c3-b1c2-3a9559def27d","local_time":"20190814204236","is_ascension_mode":true,"campfire_choices":[{"data":"Well Laid Plans","floor":6.0,"key":"SMITH"},{"data":"Deadly Poison","floor":8.0,"key":"SMITH"},{"data":"Adrenaline","floor":15.0,"key":"SMITH"},{"floor":23.0,"key":"REST"},{"floor":30.0,"key":"REST"},{"floor":32.0,"key":"REST"},{"floor":46,"key":"REST"},{"floor":49,"key":"RECALL"},{"floor":52,"key":"REST"}],"neow_cost":"NONE","seed_source_timestamp":1367364356361449,"circlet_count":0,"master_deck":["AscendersBane","Defend_G","Defend_G","Defend_G","Survivor","Neutralize+1","Well Laid Plans+1","Deadly Poison+1","Bullet Time","Acrobatics","Adrenaline+1","Calculated Gamble","Backflip","Noxious Fumes","Backstab","Wraith Form v2","Caltrops","Dash","Deadly Poison","PiercingWail","After Image","Malaise","Dagger Spray+1","Tools of the Trade+1","Quick Slash+1","Infinite Blades","Deadly Poison+1","PiercingWail","Distraction+1","Deadly Poison+1","Acrobatics","Well Laid Plans","Crippling Poison","Catalyst","Cloak And Dagger","Cloak And Dagger"],"special_seed":0,"relics":["Ring of the Snake","WarpedTongs","Mummified Hand","Bottled Lightning","Letter Opener","Fusion Hammer","Incense Burner","Red Mask","MutagenicStrength","Matryoshka","Kunai","Ancient Tea Set","Ninja Scroll","Astrolabe","Happy Flower","Dodecahedron","PreservedInsect","Pen Nib"],"potions_floor_usage":[55,55],"damage_taken":[{"damage":7.0,"enemies":"Jaw Worm","floor":1.0,"turns":7.0},{"damage":6.0,"enemies":"Small Slimes","floor":7.0,"turns":3.0},{"damage":13.0,"enemies":"Lagavulin","floor":10.0,"turns":8.0},{"damage":2.0,"enemies":"Cultist","floor":11.0,"turns":3.0},{"damage":10.0,"enemies":"3 Sentries","floor":12.0,"turns":12.0},{"damage":0.0,"enemies":"2 Fungi Beasts","floor":13.0,"turns":3.0},{"damage":0.0,"enemies":"The Guardian","floor":16.0,"turns":8.0},{"damage":33.0,"enemies":"Chosen","floor":18.0,"turns":7.0},{"damage":1.0,"enemies":"Masked Bandits","floor":20.0,"turns":4.0},{"damage":10.0,"enemies":"Shell Parasite","floor":25.0,"turns":4.0},{"damage":13.0,"enemies":"Book of Stabbing","floor":27.0,"turns":5.0},{"damage":0.0,"enemies":"Snake Plant","floor":31.0,"turns":4.0},{"damage":0.0,"enemies":"Champ","floor":33.0,"turns":13.0},{"damage":0.0,"enemies":"3 Darklings","floor":35.0,"turns":4.0},{"damage":0.0,"enemies":"3 Shapes","floor":39.0,"turns":2.0},{"damage":0.0,"enemies":"Giant Head","floor":40.0,"turns":9.0},{"damage":0.0,"enemies":"Maw","floor":41.0,"turns":7.0},{"damage":6,"enemies":"3 Darklings","floor":42,"turns":5},{"damage":0,"enemies":"Jaw Worm Horde","floor":47,"turns":4},{"damage":0,"enemies":"Nemesis","floor":48,"turns":7},{"damage":18,"enemies":"Donu and Deca","floor":50,"turns":9},{"damage":0,"enemies":"Shield and Spear","floor":54,"turns":6},{"damage":58,"enemies":"The Heart","floor":55,"turns":11}],"seed_played":"3411277832113483035","potions_obtained":[{"floor":1.0,"key":"GamblersBrew"},{"floor":10.0,"key":"SpeedPotion"},{"floor":20.0,"key":"Weak Potion"},{"floor":25.0,"key":"SkillPotion"},{"floor":36.0,"key":"Dexterity Potion"},{"floor":54,"key":"Dexterity Potion"}],"is_trial":false,"path_per_floor":["M","?","?","?","?","R","M","R","T","E","M","E","M","$","R","B",null,"M","?","?","?","?","R","$","M","T","E","?","T","R","M","R","B",null,"M","?","$","?","M","E","M","M","T","$","?","R","M","E","R","B",null,"R","$","E","B",null],"character_chosen":"THE_SILENT","items_purchased":["Backflip","Noxious Fumes","Backstab","Infinite Blades","Acrobatics","Well Laid Plans","Cloak And Dagger"],"campfire_rested":5,"item_purchase_floors":[14,14,14,37,44,44,53],"current_hp_per_floor":[52,52,57,50,50,50,44,44,44,31,29,19,19,19,19,19,58,25,25,24,24,24,45,45,35,35,22,22,22,43,43,64,64,69,69,69,69,69,69,69,69,63,63,63,63,71,71,71,71,53,67,71,71,71,13],"gold":107,"neow_bonus":"UPGRADE_CARD","is_prod":false,"is_daily":false,"chose_seed":false,"campfire_upgraded":3,"win_rate":0,"timestamp":1565829756,"path_taken":["M","?","?","?","?","R","M","R","T","E","?","E","M","$","R","BOSS","M","?","?","?","?","R","?","M","T","E","?","?","R","M","R","BOSS","M","?","?","?","M","E","?","M","T","$","?","R","M","E","R","BOSS","R","$","E","BOSS"],"build_version":"2019-07-17","purchased_purges":1,"victory":true,"max_hp_per_floor":[66,66,71,71,71,71,71,71,71,71,71,71,71,71,71,71,71,71,71,71,71,71,71,71,71,71,71,71,71,71,71,71,71,71,71,71,71,71,71,71,71,71,71,71,71,71,71,71,71,71,71,71,71,71,71],"card_choices":[{"not_picked":["Riddle With Holes","Flying Knee"],"picked":"Well Laid Plans","floor":1.0},{"not_picked":["Deflect","Acrobatics"],"picked":"Deadly Poison","floor":7.0},{"not_picked":["Quick Slash","Caltrops"],"picked":"Bullet Time","floor":10.0},{"not_picked":["Expertise","Reflex"],"picked":"Acrobatics","floor":11.0},{"not_picked":["Sucker Punch","Cloak And Dagger"],"picked":"Adrenaline","floor":12.0},{"not_picked":["Outmaneuver","Quick Slash"],"picked":"Calculated Gamble","floor":13.0},{"not_picked":["Doppelganger","Venomology"],"picked":"Wraith Form v2","floor":16.0},{"not_picked":["Outmaneuver","Backflip"],"picked":"Caltrops","floor":18.0},{"not_picked":["Dodge and Roll","Dagger Throw"],"picked":"Dash","floor":20.0},{"not_picked":["Predator","Tactician"],"picked":"Deadly Poison","floor":25.0},{"not_picked":["Quick Slash","Dagger Throw"],"picked":"PiercingWail","floor":27.0},{"not_picked":["Flying Knee","Eviscerate","Expertise+1"],"picked":"SKIP","floor":31.0},{"not_picked":["Glass Knife","Die Die Die"],"picked":"Malaise","floor":33.0},{"not_picked":["Heel Hook+1","Endless Agony","Underhanded Strike"],"picked":"SKIP","floor":35.0},{"not_picked":["Terror+1","Deflect"],"picked":"Deadly Poison+1","floor":39.0},{"not_picked":["Dagger Throw","Bouncing Flask"],"picked":"PiercingWail","floor":40.0},{"not_picked":["Masterful Stab","Well Laid Plans"],"picked":"Distraction+1","floor":41.0},{"not_picked":["Quick Slash+1","Accuracy"],"picked":"Deadly Poison+1","floor":42},{"not_picked":["Finisher+1","Underhanded Strike"],"picked":"Crippling Poison","floor":47},{"not_picked":["Deadly Poison","Quick Slash"],"picked":"Catalyst","floor":48},{"not_picked":["Poisoned Stab","Dodge and Roll"],"picked":"Cloak And Dagger","floor":54}],"player_experience":518704,"relics_obtained":[{"floor":9.0,"key":"Mummified Hand"},{"floor":10.0,"key":"Bottled Lightning"},{"floor":12.0,"key":"Letter Opener"},{"floor":20.0,"key":"Red Mask"},{"floor":26.0,"key":"Matryoshka"},{"floor":27.0,"key":"Kunai"},{"floor":29.0,"key":"Ancient Tea Set"},{"floor":29.0,"key":"Ninja Scroll"},{"floor":40.0,"key":"Happy Flower"},{"floor":43,"key":"Dodecahedron"},{"floor":48,"key":"PreservedInsect"},{"floor":54,"key":"Pen Nib"}],"event_choices":[{"damage_healed":0.0,"max_hp_gain":0.0,"max_hp_loss":0.0,"gold_gain":0.0,"event_name":"Liars Game","player_choice":"Ignored","floor":2.0,"gold_loss":0.0,"damage_taken":0.0},{"damage_healed":0.0,"max_hp_gain":5.0,"max_hp_loss":0.0,"gold_gain":0.0,"event_name":"Big Fish","player_choice":"Donut","floor":3.0,"gold_loss":0.0,"damage_taken":0.0},{"cards_removed":["Strike_G"],"damage_healed":0.0,"max_hp_gain":0.0,"max_hp_loss":0.0,"gold_gain":0.0,"event_name":"Golden Wing","player_choice":"Card Removal","floor":4.0,"gold_loss":0.0,"damage_taken":7.0},{"damage_healed":0.0,"max_hp_gain":0.0,"max_hp_loss":0.0,"gold_gain":0.0,"event_name":"Accursed Blacksmith","player_choice":"Rummage","floor":5.0,"gold_loss":0.0,"damage_taken":0.0,"relics_obtained":["WarpedTongs"],"cards_obtained":["Pain"]},{"damage_healed":0.0,"max_hp_gain":0.0,"max_hp_loss":0.0,"gold_gain":0.0,"event_name":"Addict","player_choice":"Obtained Relic","floor":19.0,"gold_loss":85.0,"damage_taken":0.0,"relics_obtained":["Incense Burner"]},{"damage_healed":0.0,"max_hp_gain":0.0,"max_hp_loss":0.0,"gold_gain":0.0,"event_name":"Masked Bandits","player_choice":"Fought Bandits","floor":20.0,"gold_loss":0.0,"damage_taken":0.0},{"damage_healed":0.0,"max_hp_gain":0.0,"max_hp_loss":0.0,"gold_gain":0.0,"event_name":"Drug Dealer","player_choice":"Inject Mutagens","floor":21.0,"gold_loss":0.0,"damage_taken":0.0,"relics_obtained":["MutagenicStrength"]},{"cards_removed":["Strike_G"],"damage_healed":0.0,"max_hp_gain":0.0,"max_hp_loss":0.0,"gold_gain":0.0,"event_name":"Beggar","player_choice":"Gave Gold","floor":22.0,"gold_loss":75.0,"damage_taken":0.0},{"damage_healed":0.0,"max_hp_gain":0.0,"max_hp_loss":0.0,"gold_gain":0.0,"event_name":"The Library","player_choice":"Read","floor":28.0,"gold_loss":0.0,"damage_taken":0.0,"cards_obtained":["After Image"]},{"damage_healed":0.0,"max_hp_gain":0.0,"max_hp_loss":0.0,"gold_gain":0.0,"event_name":"The Woman in Blue","player_choice":"Bought 1 Potion","floor":36.0,"gold_loss":0.0,"damage_taken":0.0},{"cards_removed":["Defend_G"],"damage_healed":0.0,"max_hp_gain":0.0,"max_hp_loss":0.0,"gold_gain":0.0,"event_name":"Wheel of Change","player_choice":"Card Removal","floor":38.0,"gold_loss":0.0,"damage_taken":0.0},{"cards_removed":["Defend_G"],"damage_healed":0,"gold_gain":0,"player_choice":"Purged","damage_taken":0,"max_hp_gain":0,"max_hp_loss":0,"event_name":"Purifier","floor":45,"gold_loss":0}],"is_beta":false,"boss_relics":[{"not_picked":["WristBlade","Ring of the Serpent"],"picked":"Fusion Hammer"},{"not_picked":["Philosopher\u0027s Stone","Runic Pyramid"],"picked":"Astrolabe"}],"items_purged_floors":[14],"is_endless":false,"potions_floor_spawned":[1,10,20,25,39,42,48,54],"ascension_level":17}