{"gold_per_floor":[114,125,125,145,156,186,19,32,332,358,358,322,322,322,322,427,427,442,457,473,473,347,377,377,403,403,438,453,84,84,100,100,196,196,213,159,78,88,114,114,114,140,211,238,238,251,5,22,22,22],"floor_reached":51,"playtime":7050,"items_purged":["Defend_B","Strike_B","Defend_B"],"score":1069,"play_id":"50a47797-6df4-4600-8c29-1d2ffe58644e","local_time":"20190724112545","is_ascension_mode":true,"campfire_choices":[{"data":"Apotheosis","floor":11.0,"key":"SMITH"},{"data":"Coolheaded","floor":13.0,"key":"SMITH"},{"floor":15.0,"key":"REST"},{"floor":24.0,"key":"REST"},{"floor":30.0,"key":"REST"},{"floor":32.0,"key":"REST"},{"floor":40.0,"key":"REST"},{"floor":45.0,"key":"REST"},{"floor":49.0,"key":"REST"}],"neow_cost":"NONE","seed_source_timestamp":0,"circlet_count":0,"master_deck":["Strike_B+1","Defend_B","Zap","Dualcast","Core Surge","Defragment+1","Coolheaded+1","Apotheosis+1","Cold Snap+1","Echo Form","Redo+1","Defragment","Steam Power+1","Hologram+1","Turbo","Go for the Eyes+1","Redo","Double Energy","Sweeping Beam","Forethought","Leap+1","Ball Lightning","Sweeping Beam+1","Leap","Loop+1","Glacier+1","Core Surge","Coolheaded+1","Master of Strategy","Loop+1","Reinforced Body"],"special_seed":0,"relics":["Cracked Core","Bottled Flame","Old Coin","Nunchaku","Whetstone","Empty Cage","Prayer Wheel","Omamori","Ornamental Fan","Lantern","Fusion Hammer","The Courier","Bronze Scales","Ginger","Frozen Egg 2","Vajra"],"potions_floor_usage":[50,50],"damage_taken":[{"damage":0.0,"enemies":"2 Louse","floor":1.0,"turns":3.0},{"damage":1.0,"enemies":"Cultist","floor":2.0,"turns":3.0},{"damage":2.0,"enemies":"Small Slimes","floor":4.0,"turns":3.0},{"damage":4.0,"enemies":"Blue Slaver","floor":5.0,"turns":4.0},{"damage":20.0,"enemies":"Gremlin Nob","floor":6.0,"turns":4.0},{"damage":19.0,"enemies":"Exordium Wildlife","floor":8.0,"turns":5.0},{"damage":2.0,"enemies":"3 Sentries","floor":10.0,"turns":7.0},{"damage":0.0,"enemies":"The Guardian","floor":16.0,"turns":10.0},{"damage":6.0,"enemies":"Spheric Guardian","floor":18.0,"turns":5.0},{"damage":7.0,"enemies":"Chosen","floor":19.0,"turns":4.0},{"damage":24.0,"enemies":"Shelled Parasite and Fungi","floor":20.0,"turns":6.0},{"damage":15.0,"enemies":"Slavers","floor":23.0,"turns":7.0},{"damage":4.0,"enemies":"Gremlin Leader","floor":25.0,"turns":11.0},{"damage":22.0,"enemies":"Slavers","floor":27.0,"turns":8.0},{"damage":10.0,"enemies":"Snake Plant","floor":28.0,"turns":6.0},{"damage":6.0,"enemies":"3 Cultists","floor":31.0,"turns":4.0},{"damage":25.0,"enemies":"Champ","floor":33.0,"turns":10.0},{"damage":34.0,"enemies":"3 Darklings","floor":35.0,"turns":5.0},{"damage":0.0,"enemies":"Orb Walker","floor":38.0,"turns":4.0},{"damage":20.0,"enemies":"Reptomancer","floor":42.0,"turns":5.0},{"damage":14.0,"enemies":"Giant Head","floor":44.0,"turns":10.0},{"damage":11.0,"enemies":"Sphere and 2 Shapes","floor":46.0,"turns":5.0},{"damage":2.0,"enemies":"4 Shapes","floor":48.0,"turns":4.0},{"damage":28,"enemies":"Awakened One","floor":50,"turns":17}],"seed_played":"1373321927492745226","potions_obtained":[{"floor":1.0,"key":"PowerPotion"},{"floor":6.0,"key":"Dexterity Potion"},{"floor":10.0,"key":"Swift Potion"},{"floor":19.0,"key":"SkillPotion"},{"floor":20.0,"key":"GamblersBrew"},{"floor":23.0,"key":"EntropicBrew"},{"floor":27.0,"key":"FearPotion"},{"floor":33.0,"key":"Energy Potion"},{"floor":38.0,"key":"FearPotion"},{"floor":46.0,"key":"Poison Potion"}],"is_trial":false,"path_per_floor":["M","M","?","M","M","E","$","M","T","E","R","?","R","T","R","B",null,"M","M","M","?","$","E","R","E","T","E","M","$","R","M","R","B",null,"M","$","?","M","T","R","?","E","T","E","R","M","$","M","R","B",null],"character_chosen":"DEFECT","items_purchased":["Apotheosis","SkillPotion","Sweeping Beam","LiquidBronze","Fire Potion","Forethought","Leap","Master of Strategy"],"campfire_rested":7,"item_purchase_floors":[7,22,29,29,29,29,36,47],"current_hp_per_floor":[68,67,67,65,61,41,41,22,22,20,20,20,20,20,42,42,67,61,54,30,30,30,15,37,33,33,11,1,1,23,17,39,14,60,26,26,26,26,26,48,48,28,28,14,36,25,25,23,45,17],"gold":22,"neow_bonus":"ONE_RANDOM_RARE_CARD","is_prod":false,"is_daily":false,"chose_seed":false,"campfire_upgraded":2,"win_rate":0,"timestamp":1563960345,"path_taken":["M","M","?","M","?","E","$","M","T","E","R","?","R","?","R","BOSS","M","M","M","?","$","E","R","E","T","E","M","$","R","M","R","BOSS","BOSS","M","$","?","?","?","R","?","E","T","E","R","M","$","M","R","BOSS"],"build_version":"2019-07-18","purchased_purges":3,"victory":true,"max_hp_per_floor":[75,75,75,75,75,75,75,75,75,75,75,75,75,75,75,75,75,75,75,75,75,75,75,75,75,75,75,75,75,75,75,75,75,75,75,75,75,75,75,75,75,75,75,75,75,75,75,75,75,75],"card_choices":[{"not_picked":["Streamline","Consume"],"picked":"Defragment","floor":1.0},{"not_picked":["Chill","Ball Lightning"],"picked":"Coolheaded","floor":2.0},{"not_picked":["Fusion","Doom and Gloom","Go for the Eyes"],"picked":"SKIP","floor":4.0},{"not_picked":["Ball Lightning","Rebound","Compile Driver"],"picked":"SKIP","floor":5.0},{"not_picked":["Rainbow","Barrage","Stack"],"picked":"SKIP","floor":6.0},{"not_picked":["Beam Cell","Multi-Cast"],"picked":"Cold Snap","floor":8.0},{"not_picked":["Barrage","Sweeping Beam","Coolheaded"],"picked":"SKIP","floor":10.0},{"not_picked":["Thunder Strike","Buffer"],"picked":"Echo Form","floor":16.0},{"not_picked":["Beam Cell","Rebound"],"picked":"Redo+1","floor":18.0},{"not_picked":["Cold Snap","Streamline"],"picked":"Defragment","floor":19.0},{"not_picked":["Gash","Conserve Battery"],"picked":"Steam Power+1","floor":20.0},{"not_picked":["Multi-Cast","Gash"],"picked":"Hologram+1","floor":23.0},{"not_picked":["Hologram","Chaos+1"],"picked":"Turbo","floor":25.0},{"not_picked":["Gash","Stack"],"picked":"Go for the Eyes+1","floor":27.0},{"not_picked":["Force Field","Turbo"],"picked":"Redo","floor":28.0},{"not_picked":["Steam Power","Coolheaded"],"picked":"Double Energy","floor":28.0},{"not_picked":["Hello World","Barrage+1"],"picked":"Leap+1","floor":31.0},{"not_picked":["Stack+1","Turbo+1"],"picked":"Ball Lightning","floor":31.0},{"not_picked":["Double Energy+1","Auto Shields+1"],"picked":"Sweeping Beam+1","floor":35.0},{"not_picked":["Beam Cell+1","Streamline","Gash"],"picked":"SKIP","floor":35.0},{"not_picked":["Ball Lightning+1","Streamline+1"],"picked":"Loop+1","floor":38.0},{"not_picked":["Ball Lightning+1","Redo+1"],"picked":"Glacier+1","floor":38.0},{"not_picked":["Aggregate+1","Barrage","Static Discharge+1"],"picked":"SKIP","floor":42.0},{"not_picked":["Hello World+1","Tempest+1","Compile Driver+1"],"picked":"SKIP","floor":44.0},{"not_picked":["Go for the Eyes+1","Beam Cell+1"],"picked":"Core Surge","floor":46.0},{"not_picked":["Undo","Reinforced Body+1"],"picked":"Coolheaded+1","floor":46.0},{"not_picked":["Stack","Gash"],"picked":"Loop+1","floor":48.0},{"not_picked":["Streamline+1","Leap"],"picked":"Reinforced Body","floor":48.0}],"player_experience":460982,"relics_obtained":[{"floor":6.0,"key":"Bottled Flame"},{"floor":9.0,"key":"Old Coin"},{"floor":10.0,"key":"Nunchaku"},{"floor":14.0,"key":"Whetstone"},{"floor":23.0,"key":"Prayer Wheel"},{"floor":25.0,"key":"Omamori"},{"floor":26.0,"key":"Ornamental Fan"},{"floor":27.0,"key":"Lantern"},{"floor":39.0,"key":"Bronze Scales"},{"floor":42.0,"key":"Ginger"},{"floor":43.0,"key":"Frozen Egg 2"},{"floor":44.0,"key":"Vajra"}],"event_choices":[{"damage_healed":0.0,"max_hp_gain":0.0,"max_hp_loss":0.0,"gold_gain":0.0,"event_name":"Accursed Blacksmith","player_choice":"Forge","floor":3.0,"gold_loss":0.0,"damage_taken":0.0,"cards_upgraded":["Defragment"]},{"damage_healed":0.0,"max_hp_gain":0.0,"max_hp_loss":0.0,"gold_gain":0.0,"event_name":"World of Goop","player_choice":"Left Gold","floor":12.0,"gold_loss":36.0,"damage_taken":0.0},{"cards_removed":["Strike_B"],"damage_healed":0.0,"max_hp_gain":0.0,"max_hp_loss":0.0,"gold_gain":0.0,"event_name":"Purifier","player_choice":"Purged","floor":21.0,"gold_loss":0.0,"damage_taken":0.0},{"damage_healed":0.0,"max_hp_gain":0.0,"max_hp_loss":0.0,"gold_gain":0.0,"event_name":"WeMeetAgain","player_choice":"Paid Gold","floor":37.0,"gold_loss":81.0,"damage_taken":0.0,"relics_obtained":["The Courier"]},{"damage_healed":0.0,"max_hp_gain":0.0,"max_hp_loss":0.0,"gold_gain":0.0,"event_name":"Mysterious Sphere","player_choice":"Ignored","floor":41.0,"gold_loss":0.0,"damage_taken":0.0}],"is_beta":true,"boss_relics":[{"not_picked":["Orrery","Lizard Tail"],"picked":"Empty Cage"},{"not_picked":["Velvet Choker","Calling Bell"],"picked":"Fusion Hammer"}],"items_purged_floors":[22,29,47],"is_endless":false,"potions_floor_spawned":[1,6,10,19,20,23,27,33,38,42,46],"ascension_level":7}