{"gold_per_floor":[116,134,148,148,168,199,199,209,209,241,256,256,256,148,148,248,248,258,272,322,322],"floor_reached":21,"playtime":1287,"items_purged":["Strike_G"],"score":324,"play_id":"4a9ee556-fd6b-43b2-b438-011053f9c283","local_time":"20190329151627","is_ascension_mode":true,"campfire_choices":[{"data":"Cloak And Dagger","floor":7,"key":"SMITH"},{"data":"Blade Dance","floor":13,"key":"SMITH"},{"data":"Accuracy","floor":15,"key":"SMITH"}],"neow_cost":"NONE","seed_source_timestamp":348756346012434,"circlet_count":0,"master_deck":["AscendersBane","Defend_G","Defend_G","Strike_G","Strike_G","Strike_G","Survivor","Neutralize","Well Laid Plans","Slice","Cloak And Dagger+1","Deflect","Infinite Blades","Blade Dance+1","Backflip","Backstab","PiercingWail","Endless Agony","Accuracy+1","A Thousand Cuts","Blade Dance+1","Well Laid Plans+1","Heel Hook+1","Slice"],"relics":["Orrery","Regal Pillow","Kunai","Dodecahedron","Astrolabe"],"potions_floor_usage":[6,10,16,18],"damage_taken":[{"damage":0,"enemies":"2 Louse","floor":1,"turns":3},{"damage":0,"enemies":"Jaw Worm","floor":2,"turns":4},{"damage":1,"enemies":"Cultist","floor":3,"turns":4},{"damage":10,"enemies":"Gremlin Gang","floor":5,"turns":6},{"damage":12,"enemies":"3 Sentries","floor":6,"turns":11},{"damage":5,"enemies":"Exordium Wildlife","floor":8,"turns":4},{"damage":0,"enemies":"Lagavulin","floor":10,"turns":9},{"damage":0,"enemies":"Blue Slaver","floor":11,"turns":5},{"damage":3,"enemies":"Hexaghost","floor":16,"turns":11},{"damage":25,"enemies":"3 Byrds","floor":18,"turns":4},{"damage":18,"enemies":"Shell Parasite","floor":19,"turns":5},{"damage":35,"enemies":"Snake Plant","floor":21,"turns":4}],"seed_played":"2077223331286347560","potions_obtained":[{"floor":1,"key":"Weak Potion"},{"floor":5,"key":"Dexterity Potion"},{"floor":8,"key":"PowerPotion"},{"floor":10,"key":"Block Potion"},{"floor":11,"key":"FairyPotion"}],"is_trial":false,"path_per_floor":["M","M","M","?","M","E","R","M","T","E","M","?","R","$","R","B",null,"M","M","?","M"],"character_chosen":"THE_SILENT","items_purchased":["Accuracy"],"campfire_rested":0,"item_purchase_floors":[14],"current_hp_per_floor":[63,63,62,67,57,45,45,40,40,40,40,40,40,40,40,37,66,41,23,23,0],"gold":322,"neow_bonus":"BOSS_RELIC","is_prod":false,"is_daily":false,"chose_seed":false,"campfire_upgraded":3,"win_rate":0,"timestamp":1553897787,"path_taken":["M","M","M","?","M","E","R","M","T","E","M","?","R","$","R","BOSS","M","M","?","?"],"build_version":"2019-01-23","purchased_purges":1,"victory":false,"max_hp_per_floor":[70,70,70,75,75,75,75,75,75,75,75,75,75,75,75,75,75,75,75,75,75],"card_choices":[{"not_picked":["Bullet Time","PiercingWail"],"picked":"Well Laid Plans","floor":0},{"not_picked":["Concentrate","Flying Knee"],"picked":"Slice","floor":0},{"not_picked":["Storm of Steel","Dagger Spray"],"picked":"Cloak And Dagger","floor":0},{"not_picked":["Skewer","Setup"],"picked":"Deflect","floor":0},{"not_picked":["Slice","Sucker Punch"],"picked":"Infinite Blades","floor":0},{"not_picked":["Dagger Throw","Backflip"],"picked":"Blade Dance","floor":1},{"not_picked":["All Out Attack","Expertise"],"picked":"Backflip","floor":2},{"not_picked":["Underhanded Strike","Flying Knee","Sucker Punch"],"picked":"SKIP","floor":3},{"not_picked":["Prepared","Reflex","Quick Slash"],"picked":"SKIP","floor":5},{"not_picked":["Deflect","Acrobatics"],"picked":"Backstab","floor":6},{"not_picked":["Dagger Throw","Predator"],"picked":"PiercingWail","floor":8},{"not_picked":["Prepared","Poisoned Stab","Well Laid Plans"],"picked":"SKIP","floor":10},{"not_picked":["Caltrops","Escape Plan"],"picked":"Endless Agony","floor":11},{"not_picked":["Wraith Form v2","Doppelganger"],"picked":"A Thousand Cuts","floor":16},{"not_picked":["Dagger Spray","Outmaneuver+1","Bane+1"],"picked":"SKIP","floor":18},{"not_picked":["Sucker Punch","Reflex"],"picked":"Slice","floor":19}],"player_experience":1255364,"relics_obtained":[{"floor":6,"key":"Regal Pillow"},{"floor":9,"key":"Kunai"},{"floor":10,"key":"Dodecahedron"}],"event_choices":[{"damage_healed":0,"gold_gain":0,"player_choice":"Donut","damage_taken":0,"max_hp_gain":5,"max_hp_loss":0,"event_name":"Big Fish","floor":4,"gold_loss":0},{"cards_removed":["Defend_G"],"damage_healed":0,"gold_gain":0,"player_choice":"Forget","damage_taken":0,"max_hp_gain":0,"max_hp_loss":0,"event_name":"Living Wall","floor":12,"gold_loss":0},{"damage_healed":0,"gold_gain":100,"player_choice":"Bet on Murderer","damage_taken":0,"max_hp_gain":0,"max_hp_loss":0,"event_name":"The Joust","floor":20,"gold_loss":50}],"is_beta":false,"boss_relics":[{"not_picked":["Calling Bell","Pandora\u0027s Box"],"picked":"Astrolabe"}],"items_purged_floors":[14],"is_endless":false,"potions_floor_spawned":[1,5,8,10,11],"killed_by":"Snake Plant","ascension_level":10}