{"gold_per_floor":[109,127,127,147,160,199,219,250,289,301,313,345,357,33,33,156,156,176,191,91,104,127,127,127,168,168,168,209,209,308,0,0,124,124,149,149,149,149,174,174,207,232,302,17,17],"floor_reached":45,"playtime":3345,"items_purged":["Defend_G","Strike_G","Writhe","Strike_G"],"score":541,"play_id":"69460df8-d362-48b7-878d-d7fce9f11274","local_time":"20181122142906","is_ascension_mode":false,"campfire_choices":[{"floor":11,"key":"RECALL"},{"floor":13,"key":"REST"},{"data":"Catalyst","floor":15,"key":"SMITH"},{"floor":23,"key":"REST"},{"floor":27,"key":"REST"},{"floor":32,"key":"REST"},{"floor":40,"key":"REST"}],"neow_cost":"NONE","seed_source_timestamp":0,"circlet_count":0,"master_deck":["Defend_G+1","Defend_G","Defend_G+1","Defend_G","Strike_G","Strike_G","Strike_G","Survivor","Neutralize","Glass Knife","Deadly Poison","Bouncing Flask","Backflip","Backflip","Terror","Die Die Die","Catalyst+1","Adrenaline","Poisoned Stab","Bouncing Flask+1","Crippling Poison","Night Terror","Noxious Fumes","Well Laid Plans","Burst","Flash of Steel","Impatience","Crippling Poison+1","PiercingWail+1","Acrobatics+1","Adrenaline"],"special_seed":0,"relics":["Ring of the Serpent","Golden Idol","Vajra","MawBank","Strange Spoon","Oddly Smooth Stone","Letter Opener","War Paint","The Courier","Medical Kit","Runic Dome","Bronze Scales","Meat on the Bone","DollysMirror"],"potions_floor_usage":[25,25,28,28,33,33],"damage_taken":[{"damage":0.0,"enemies":"Small Slimes","floor":1.0,"turns":4.0},{"damage":0.0,"enemies":"Cultist","floor":2.0,"turns":2.0},{"damage":0.0,"enemies":"2 Louse","floor":4.0,"turns":2.0},{"damage":0.0,"enemies":"Looter","floor":5.0,"turns":4.0},{"damage":15.0,"enemies":"Gremlin Nob","floor":6.0,"turns":4.0},{"damage":6.0,"enemies":"Blue Slaver","floor":7.0,"turns":3.0},{"damage":13.0,"enemies":"Lagavulin","floor":8.0,"turns":6.0},{"damage":6,"enemies":"Exordium Thugs","floor":12,"turns":4},{"damage":22,"enemies":"Slime Boss","floor":16,"turns":6},{"damage":5,"enemies":"Spheric Guardian","floor":18,"turns":3},{"damage":2,"enemies":"Chosen","floor":19,"turns":4},{"damage":19,"enemies":"Sentry and Sphere","floor":21,"turns":4},{"damage":24,"enemies":"3 Cultists","floor":22,"turns":5},{"damage":21,"enemies":"Book of Stabbing","floor":25,"turns":5},{"damage":10,"enemies":"Slavers","floor":28,"turns":5},{"damage":47,"enemies":"Champ","floor":33,"turns":7},{"damage":11,"enemies":"Orb Walker","floor":35,"turns":3},{"damage":13,"enemies":"3 Darklings","floor":39,"turns":3},{"damage":13,"enemies":"Giant Head","floor":41,"turns":6},{"damage":22,"enemies":"Maw","floor":42,"turns":5},{"damage":34,"enemies":"Reptomancer","floor":45,"turns":3}],"seed_played":"-5565849499222306467","potions_obtained":[{"floor":2.0,"key":"FearPotion"},{"floor":5.0,"key":"FearPotion"},{"floor":6.0,"key":"Weak Potion"},{"floor":7.0,"key":"LiquidBronze"},{"floor":12,"key":"EntropicBrew"},{"floor":28,"key":"Dexterity Potion"},{"floor":39,"key":"FearPotion"}],"is_trial":false,"path_per_floor":["M","M","?","M","M","E","M","E","T","?","R","M","R","$","R","B",null,"M","M","$","M","M","R","?","E","T","R","E","?","?","$","R","B",null,"M","?","?","?","M","R","E","M","T","$","E"],"character_chosen":"THE_SILENT","items_purchased":["Strange Spoon","Catalyst","Medical Kit","Well Laid Plans","DollysMirror"],"campfire_rested":5,"item_purchase_floors":[14,14,31,31,44],"current_hp_per_floor":[70,70,53,53,53,38,32,19,19,19,19,13,34,34,34,12,70,65,63,63,44,20,41,41,20,20,41,31,31,31,31,52,5,70,59,54,54,54,41,62,49,27,27,27,0],"gold":17,"neow_bonus":"ONE_RANDOM_RARE_CARD","is_prod":false,"is_daily":false,"chose_seed":false,"campfire_upgraded":1,"win_rate":0,"timestamp":1542925746,"path_taken":["M","M","?","M","M","E","M","E","T","?","R","?","R","$","R","BOSS","M","M","$","M","M","R","?","E","T","R","E","?","?","?","R","BOSS","M","?","?","?","M","R","E","M","T","$","E"],"build_version":"2018-11-15","purchased_purges":4,"victory":false,"max_hp_per_floor":[70,70,70,70,70,70,70,70,70,70,70,70,70,70,70,70,70,70,70,70,70,70,70,70,70,70,70,70,70,70,70,70,70,70,70,70,70,70,70,70,70,70,70,70,70],"card_choices":[{"not_picked":["Quick Slash","Caltrops"],"picked":"Deadly Poison","floor":1.0},{"not_picked":["Flying Knee","Distraction"],"picked":"Bouncing Flask","floor":2.0},{"not_picked":["Predator","Dodge and Roll"],"picked":"Backflip","floor":4.0},{"not_picked":["Setup","Reflex"],"picked":"Backflip","floor":5.0},{"not_picked":["Masterful Stab","Accuracy"],"picked":"Terror","floor":6.0},{"not_picked":["Slice","Cloak And Dagger","Sucker Punch"],"picked":"SKIP","floor":7.0},{"not_picked":["Backflip","Cloak And Dagger"],"picked":"Die Die Die","floor":8.0},{"not_picked":["Prepared","Backflip","Skewer"],"picked":"SKIP","floor":12},{"not_picked":["Wraith Form v2","Bullet Time"],"picked":"Adrenaline","floor":16},{"not_picked":["Concentrate","PiercingWail"],"picked":"Poisoned Stab","floor":18},{"not_picked":["Dagger Spray","Heel Hook","Prepared"],"picked":"SKIP","floor":19},{"not_picked":["Escape Plan","Slice"],"picked":"Bouncing Flask+1","floor":21},{"not_picked":["Flying Knee","Deflect","Cloak And Dagger+1"],"picked":"SKIP","floor":22},{"not_picked":["Underhanded Strike","Terror+1","Night Terror"],"picked":"SKIP","floor":25},{"not_picked":["Underhanded Strike","Terror+1"],"picked":"Night Terror","floor":25},{"not_picked":["Acrobatics","Slice"],"picked":"Noxious Fumes","floor":28},{"not_picked":["Unload","Die Die Die"],"picked":"Burst","floor":33},{"not_picked":["Dagger Spray","Flying Knee","Acrobatics"],"picked":"SKIP","floor":35},{"not_picked":["Mind Blast","Discovery"],"picked":"Flash of Steel","floor":36},{"not_picked":["Mind Blast","Swift Strike"],"picked":"Impatience","floor":36},{"not_picked":["Dodge and Roll+1","Outmaneuver"],"picked":"Crippling Poison+1","floor":39},{"not_picked":["Tactician+1","Poisoned Stab+1"],"picked":"PiercingWail+1","floor":41},{"not_picked":["Backstab+1","Concentrate+1"],"picked":"Acrobatics+1","floor":42}],"player_experience":1015266,"relics_obtained":[{"floor":6.0,"key":"Vajra"},{"floor":8.0,"key":"MawBank"},{"floor":25,"key":"Oddly Smooth Stone"},{"floor":26,"key":"Letter Opener"},{"floor":28,"key":"War Paint"},{"floor":41,"key":"Bronze Scales"},{"floor":43,"key":"Meat on the Bone"}],"event_choices":[{"damage_healed":0.0,"max_hp_gain":0.0,"max_hp_loss":0.0,"gold_gain":0.0,"event_name":"Golden Idol","player_choice":"Take Damage","floor":3.0,"gold_loss":0.0,"damage_taken":17.0,"relics_obtained":["Golden Idol"]},{"damage_healed":0,"gold_gain":0,"player_choice":"Leave","damage_taken":0,"max_hp_gain":0,"max_hp_loss":0,"event_name":"FaceTrader","floor":10,"gold_loss":0},{"damage_healed":0,"gold_gain":0,"player_choice":"Read","damage_taken":0,"max_hp_gain":0,"max_hp_loss":0,"event_name":"The Library","floor":24,"gold_loss":0,"cards_obtained":["Crippling Poison"]},{"damage_healed":0,"gold_gain":0,"player_choice":"Opened","damage_taken":0,"relics_obtained":["The Courier"],"max_hp_gain":0,"max_hp_loss":0,"event_name":"The Mausoleum","floor":29,"gold_loss":0,"cards_obtained":["Writhe"]},{"damage_healed":0,"gold_gain":99,"player_choice":"Stole From Cult","damage_taken":0,"max_hp_gain":0,"max_hp_loss":0,"event_name":"Nest","floor":30,"gold_loss":0},{"damage_healed":0,"gold_gain":0,"player_choice":"Memory 2","damage_taken":5,"max_hp_gain":0,"max_hp_loss":0,"event_name":"SensoryStone","floor":36,"gold_loss":0},{"damage_healed":0,"gold_gain":0,"player_choice":"Ignored","damage_taken":0,"max_hp_gain":0,"max_hp_loss":0,"event_name":"Tomb of Lord Red Mask","floor":37,"gold_loss":0},{"damage_healed":0,"gold_gain":0,"player_choice":"Ignored","damage_taken":0,"max_hp_gain":0,"max_hp_loss":0,"event_name":"Mysterious Sphere","floor":38,"gold_loss":0}],"is_beta":false,"boss_relics":[{"not_picked":["Snecko Eye","Pandora\u0027s Box"],"picked":"Ring of the Serpent"},{"not_picked":["HoveringKite","Orrery"],"picked":"Runic Dome"}],"items_purged_floors":[14,20,31,44],"is_endless":false,"potions_floor_spawned":[2,5,6,7,12,19,28,39],"killed_by":"Reptomancer","ascension_level":0}