{"gold_per_floor":[119,129,129,79,79,106,106,117,117,127,146,164,15,28,28,130,130,149,164,88,88,108,108,137,137,137,150,150,150,169,182,182,278,278,297,297,297,297,173,173,184,204,204,216,316,316,333,333,333,333,333,333,38,38],"floor_reached":54,"playtime":3663,"items_purged":["Strike_R","Strike_R","Strike_R"],"score":686,"play_id":"fadd00d8-6ffd-4eee-bcb4-bd366013f7ce","local_time":"20190815183146","is_ascension_mode":false,"campfire_choices":[{"data":"Uppercut","floor":15,"key":"SMITH"},{"data":"Double Tap","floor":23,"key":"SMITH"},{"data":"Limit Break","floor":28,"key":"SMITH"},{"floor":32,"key":"REST"},{"data":"Feel No Pain","floor":40,"key":"SMITH"},{"floor":49,"key":"RECALL"},{"data":"Havoc","floor":52,"key":"SMITH"}],"neow_cost":"NONE","seed_source_timestamp":74399900194000,"circlet_count":0,"master_deck":["Strike_R","Defend_R","Defend_R","Defend_R","Defend_R","Bash","Reaper","Headbutt","Uppercut+1","Inflame","Double Tap+1","Shrug It Off","Warcry","Iron Wave","Inflame","Limit Break+1","Feel No Pain+1","Corruption+1","Evolve","Spot Weakness","Dual Wield+1","Burning Pact+1","Doubt","Doubt","Writhe","Havoc+1","Havoc","Power Through+1","Inflame","Secret Technique","Writhe","Inflame"],"relics":["Burning Blood","Happy Flower","Lantern","Pantograph","Dream Catcher","Busted Crown","Meat on the Bone","Turnip","Bag of Preparation","Calling Bell","Paper Frog","Incense Burner","Juzu Bracelet","Ginger"],"potions_floor_usage":[6,16,16,22,24,27,33,33,33,33,50,50,50,54,54],"damage_taken":[{"damage":15,"enemies":"Cultist","floor":1,"turns":6},{"damage":2,"enemies":"Small Slimes","floor":2,"turns":6},{"damage":30,"enemies":"Lagavulin","floor":6,"turns":6},{"damage":7,"enemies":"2 Louse","floor":8,"turns":3},{"damage":10,"enemies":"Looter","floor":10,"turns":3},{"damage":14,"enemies":"Blue Slaver","floor":11,"turns":3},{"damage":13,"enemies":"Lots of Slimes","floor":12,"turns":5},{"damage":0,"enemies":"Exordium Thugs","floor":14,"turns":4},{"damage":61,"enemies":"The Guardian","floor":16,"turns":16},{"damage":5,"enemies":"Chosen","floor":18,"turns":3},{"damage":7,"enemies":"Shell Parasite","floor":19,"turns":5},{"damage":6,"enemies":"Centurion and Healer","floor":22,"turns":6},{"damage":61,"enemies":"Gremlin Leader","floor":24,"turns":7},{"damage":5,"enemies":"Cultist and Chosen","floor":27,"turns":5},{"damage":33,"enemies":"Shelled Parasite and Fungi","floor":30,"turns":3},{"damage":19,"enemies":"Snecko","floor":31,"turns":4},{"damage":95,"enemies":"Automaton","floor":33,"turns":10},{"damage":10,"enemies":"3 Shapes","floor":35,"turns":8},{"damage":39,"enemies":"3 Darklings","floor":41,"turns":9},{"damage":36,"enemies":"Writhing Mass","floor":42,"turns":5},{"damage":7,"enemies":"Jaw Worm Horde","floor":44,"turns":5},{"damage":0,"enemies":"Mind Bloom Boss Battle","floor":45,"turns":5},{"damage":38,"enemies":"Sphere and 2 Shapes","floor":47,"turns":6},{"damage":95,"enemies":"Time Eater","floor":50,"turns":12},{"damage":109,"enemies":"Shield and Spear","floor":54,"turns":5}],"seed_played":"9203269185980536820","potions_obtained":[{"floor":6,"key":"Fruit Juice"},{"floor":8,"key":"SpeedPotion"},{"floor":10,"key":"Dexterity Potion"},{"floor":12,"key":"Explosive Potion"},{"floor":18,"key":"FearPotion"},{"floor":24,"key":"Poison Potion"},{"floor":29,"key":"GamblersBrew"},{"floor":29,"key":"SteroidPotion"},{"floor":29,"key":"EntropicBrew"},{"floor":30,"key":"FearPotion"},{"floor":41,"key":"Swift Potion"},{"floor":42,"key":"BloodPotion"}],"is_trial":false,"path_per_floor":["M","M","?","?","?","E","T","M","T","M","M","M","$","M","R","B",null,"M","M","$","?","M","R","E","?","T","M","R","?","M","M","R","B",null,"M","?","?","?","$","R","M","M","T","M","?","?","M","?","R","B",null,"R","$","E"],"character_chosen":"IRONCLAD","items_purchased":["Inflame","Corruption","Havoc","Inflame","Weak Potion","Fire Potion"],"campfire_rested":1,"item_purchase_floors":[13,20,39,53,53,53],"current_hp_per_floor":[71,79,54,54,54,35,35,42,42,38,30,63,63,69,69,30,85,85,85,85,85,85,85,30,30,30,55,55,55,56,52,77,22,85,81,81,81,81,81,81,78,60,60,85,85,85,73,85,85,29,85,85,85,0],"gold":38,"neow_bonus":"ONE_RANDOM_RARE_CARD","is_prod":false,"is_daily":false,"chose_seed":false,"campfire_upgraded":5,"win_rate":0,"timestamp":1565865106,"path_taken":["M","M","?","?","?","E","?","M","T","M","?","M","$","M","R","BOSS","M","?","$","?","M","R","E","?","T","M","R","?","?","M","R","BOSS","M","?","?","?","$","R","M","M","T","M","?","?","M","?","R","BOSS","R","$","E"],"build_version":"2019-07-17","purchased_purges":3,"victory":false,"max_hp_per_floor":[80,80,80,80,80,85,85,85,85,85,85,85,85,85,85,85,85,85,85,85,85,85,85,85,85,85,85,85,85,85,85,85,85,85,85,85,85,85,85,85,85,85,85,85,85,85,85,85,85,85,85,85,85,85],"card_choices":[{"not_picked":["Twin Strike","Ghostly Armor"],"picked":"Headbutt","floor":1},{"not_picked":["Pommel Strike","Warcry"],"picked":"Uppercut","floor":2},{"not_picked":["Pommel Strike","Power Through"],"picked":"Inflame","floor":6},{"not_picked":["Pommel Strike","Sword Boomerang"],"picked":"Double Tap","floor":8},{"not_picked":["Ghostly Armor","Body Slam"],"picked":"Shrug It Off","floor":10},{"not_picked":["Flex","Shrug It Off"],"picked":"Warcry","floor":11},{"not_picked":["Carnage","Uppercut"],"picked":"Iron Wave","floor":12},{"not_picked":["Clash","Headbutt","Wild Strike"],"picked":"SKIP","floor":14},{"not_picked":["Immolate","Juggernaut"],"picked":"Limit Break","floor":16},{"not_picked":["Anger"],"picked":"SKIP","floor":18},{"not_picked":[],"picked":"Feel No Pain","floor":19},{"not_picked":[],"picked":"Spot Weakness","floor":22},{"not_picked":["Sword Boomerang"],"picked":"SKIP","floor":24},{"not_picked":["Twin Strike+1"],"picked":"SKIP","floor":27},{"not_picked":["Flex"],"picked":"SKIP","floor":30},{"not_picked":[],"picked":"Dual Wield+1","floor":31},{"not_picked":[],"picked":"Burning Pact+1","floor":32},{"not_picked":["Clothesline+1"],"picked":"SKIP","floor":35},{"not_picked":[],"picked":"Havoc","floor":41},{"not_picked":[],"picked":"Power Through+1","floor":42},{"not_picked":[],"picked":"Inflame","floor":44},{"not_picked":[],"picked":"Secret Technique","floor":46},{"not_picked":["Armaments"],"picked":"SKIP","floor":47}],"player_experience":166381,"relics_obtained":[{"floor":6,"key":"Lantern"},{"floor":7,"key":"Pantograph"},{"floor":9,"key":"Dream Catcher"},{"floor":24,"key":"Meat on the Bone"},{"floor":26,"key":"Bag of Preparation"},{"floor":34,"key":"Paper Frog"},{"floor":34,"key":"Incense Burner"},{"floor":34,"key":"Juzu Bracelet"},{"floor":45,"key":"Ginger"}],"event_choices":[{"damage_healed":0,"gold_gain":0,"player_choice":"Success","damage_taken":25,"relics_obtained":["Happy Flower"],"max_hp_gain":0,"max_hp_loss":0,"event_name":"Scrap Ooze","floor":3,"gold_loss":0},{"cards_removed":["Strike_R"],"damage_healed":0,"gold_gain":0,"player_choice":"Card Removal","damage_taken":0,"max_hp_gain":0,"max_hp_loss":0,"event_name":"The Cleric","floor":4,"gold_loss":50},{"damage_healed":0,"gold_gain":0,"player_choice":"Ignored","damage_taken":0,"max_hp_gain":0,"max_hp_loss":0,"event_name":"Liars Game","floor":5,"gold_loss":0},{"damage_healed":0,"gold_gain":0,"player_choice":"Read","damage_taken":0,"max_hp_gain":0,"max_hp_loss":0,"event_name":"The Library","floor":21,"gold_loss":0,"cards_obtained":["Evolve"]},{"damage_healed":0,"gold_gain":0,"player_choice":"Opened","damage_taken":0,"relics_obtained":["Turnip"],"max_hp_gain":0,"max_hp_loss":0,"event_name":"The Mausoleum","floor":25,"gold_loss":0},{"damage_healed":0,"gold_gain":0,"player_choice":"Got Potions","damage_taken":0,"max_hp_gain":0,"max_hp_loss":0,"event_name":"Lab","floor":29,"gold_loss":0},{"damage_healed":0,"gold_gain":0,"player_choice":"Ignored","damage_taken":0,"max_hp_gain":0,"max_hp_loss":0,"event_name":"Mysterious Sphere","floor":36,"gold_loss":0},{"damage_healed":0,"gold_gain":0,"player_choice":"Ignored","damage_taken":0,"max_hp_gain":0,"max_hp_loss":0,"event_name":"Tomb of Lord Red Mask","floor":37,"gold_loss":0},{"damage_healed":0,"gold_gain":0,"player_choice":"Forge","damage_taken":0,"max_hp_gain":0,"max_hp_loss":0,"event_name":"Accursed Blacksmith","floor":38,"gold_loss":0,"cards_upgraded":["Corruption"]},{"damage_healed":0,"gold_gain":0,"player_choice":"Fight","damage_taken":0,"max_hp_gain":0,"max_hp_loss":0,"event_name":"MindBloom","floor":45,"gold_loss":0},{"damage_healed":0,"gold_gain":0,"player_choice":"Memory 1","damage_taken":0,"max_hp_gain":0,"max_hp_loss":0,"event_name":"SensoryStone","floor":46,"gold_loss":0},{"damage_healed":21,"gold_gain":0,"player_choice":"Writhe","damage_taken":0,"max_hp_gain":0,"max_hp_loss":0,"event_name":"Winding Halls","floor":48,"gold_loss":0,"cards_obtained":["Writhe"]}],"is_beta":false,"boss_relics":[{"not_picked":["Ectoplasm","Runic Pyramid"],"picked":"Busted Crown"},{"not_picked":["Runic Dome","Mark of Pain"],"picked":"Calling Bell"}],"items_purged_floors":[13,39,53],"is_endless":false,"potions_floor_spawned":[6,8,10,12,18,24,30,41,42],"killed_by":"Shield and Spear","ascension_level":0}