{"gold_per_floor":[113,113,113,136,23,54,54,85,139,139,180,180,216,239,239,369,369,388,663,686,304,318,349,349,393,393,409,432,432,21,39,39,168,168,181,181,196,255,255,296,296,296,319,360,374,374,413,436,436,436],"floor_reached":51,"playtime":5125,"items_purged":["Strike_G","Strike_G"],"score":1482,"play_id":"fe085400-b32c-4274-a6d1-c865d9fee998","local_time":"20190812203434","is_ascension_mode":true,"campfire_choices":[{"data":"Glass Knife","floor":7.0,"key":"SMITH"},{"data":"All Out Attack","floor":10.0,"key":"SMITH"},{"data":"Dagger Spray","floor":12.0,"key":"SMITH"},{"data":"Footwork","floor":15.0,"key":"SMITH"},{"data":"Adrenaline","floor":24.0,"key":"SMITH"},{"data":"Footwork","floor":29.0,"key":"SMITH"},{"floor":32.0,"key":"REST"},{"floor":41.0,"key":"REST"},{"data":"Footwork","floor":46.0,"key":"SMITH"},{"floor":49.0,"key":"REST"}],"neow_cost":"NONE","seed_source_timestamp":0,"circlet_count":0,"master_deck":["AscendersBane","Strike_G","Strike_G","Defend_G","Defend_G","Defend_G","Defend_G+1","Defend_G+1","Survivor","After Image","Masterful Stab","All Out Attack+1","Noxious Fumes","Glass Knife+1","Footwork+1","Dagger Spray+1","PiercingWail","Adrenaline+1","Footwork+1","Regret","Bouncing Flask","Catalyst","Noxious Fumes","PiercingWail","PiercingWail","Cloak And Dagger","PiercingWail","Backstab","Cloak And Dagger","Footwork","Dodge and Roll","Dodge and Roll","Envenom","Injury","Parasite","Normality","Footwork+1","Cloak And Dagger","Backflip+1","Acrobatics","Backflip"],"special_seed":0,"relics":["Ring of the Snake","Golden Idol","Boot","War Paint","Bag of Preparation","Du-Vu Doll","Ginger","HoveringKite","Bronze Scales","Regal Pillow","Pen Nib","Gambling Chip","Blood Vial","Calling Bell","PreservedInsect","Darkstone Periapt","Thread and Needle","StoneCalendar","Lantern","Bottled Flame","Strawberry","Anchor","Oddly Smooth Stone"],"potions_floor_usage":[50,50],"damage_taken":[{"damage":0.0,"enemies":"Jaw Worm","floor":1.0,"turns":6.0},{"damage":0.0,"enemies":"Small Slimes","floor":4.0,"turns":4.0},{"damage":9.0,"enemies":"3 Sentries","floor":6.0,"turns":9.0},{"damage":22.0,"enemies":"Lagavulin","floor":8.0,"turns":8.0},{"damage":0.0,"enemies":"3 Sentries","floor":11.0,"turns":7.0},{"damage":10.0,"enemies":"Gremlin Nob","floor":13.0,"turns":4.0},{"damage":0.0,"enemies":"Cultist","floor":14.0,"turns":2.0},{"damage":21.0,"enemies":"Hexaghost","floor":16.0,"turns":12.0},{"damage":12.0,"enemies":"Chosen","floor":18.0,"turns":5.0},{"damage":2.0,"enemies":"Spheric Guardian","floor":20.0,"turns":4.0},{"damage":0.0,"enemies":"3 Cultists","floor":22.0,"turns":4.0},{"damage":11.0,"enemies":"Slavers","floor":23.0,"turns":4.0},{"damage":12.0,"enemies":"Book of Stabbing","floor":25.0,"turns":5.0},{"damage":2.0,"enemies":"Centurion and Healer","floor":27.0,"turns":6.0},{"damage":0.0,"enemies":"Snake Plant","floor":28.0,"turns":2.0},{"damage":0.0,"enemies":"Sentry and Sphere","floor":31.0,"turns":5.0},{"damage":46.0,"enemies":"Automaton","floor":33.0,"turns":11.0},{"damage":11.0,"enemies":"Orb Walker","floor":35.0,"turns":4.0},{"damage":2.0,"enemies":"3 Darklings","floor":37.0,"turns":6.0},{"damage":33.0,"enemies":"2 Orb Walkers","floor":38.0,"turns":6.0},{"damage":15.0,"enemies":"Giant Head","floor":40.0,"turns":9.0},{"damage":17.0,"enemies":"Nemesis","floor":44.0,"turns":7.0},{"damage":0.0,"enemies":"4 Shapes","floor":45.0,"turns":7.0},{"damage":0.0,"enemies":"Reptomancer","floor":47.0,"turns":6.0},{"damage":14.0,"enemies":"Maw","floor":48.0,"turns":8.0},{"damage":41,"enemies":"Time Eater","floor":50,"turns":13}],"seed_played":"2864972681038859971","potions_obtained":[{"floor":1.0,"key":"GhostInAJar"},{"floor":6.0,"key":"Regen Potion"},{"floor":8.0,"key":"AttackPotion"},{"floor":16.0,"key":"Strength Potion"},{"floor":20.0,"key":"LiquidBronze"},{"floor":25.0,"key":"GamblersBrew"},{"floor":31.0,"key":"SteroidPotion"},{"floor":36.0,"key":"Fruit Juice"},{"floor":36.0,"key":"SteroidPotion"},{"floor":38.0,"key":"EssenceOfSteel"},{"floor":40.0,"key":"Ancient Potion"},{"floor":45.0,"key":"Strength Potion"}],"is_trial":false,"path_per_floor":["M","?","?","M","$","E","R","E","T","R","E","R","E","M","R","B",null,"M","?","M","$","M","E","R","E","T","M","M","R","$","M","R","B",null,"M","?","M","?","T","E","R","?","T","E","M","R","E","M","R","B",null],"character_chosen":"THE_SILENT","items_purchased":["All Out Attack","Noxious Fumes","Catalyst","Bronze Scales","Noxious Fumes","PiercingWail","Footwork","GhostInAJar","Blood Vial","Dodge and Roll"],"campfire_rested":3,"item_purchase_floors":[5,5,21,21,21,21,30,30,30,30],"current_hp_per_floor":[63,63,56,56,56,47,47,40,40,40,40,40,30,30,30,9,55,43,43,41,41,41,30,30,18,18,16,16,16,16,18,54,10,55,46,51,51,20,20,7,44,44,51,36,38,38,40,28,67,28],"gold":436,"neow_bonus":"TRANSFORM_CARD","is_prod":false,"is_daily":false,"chose_seed":false,"campfire_upgraded":7,"win_rate":0,"timestamp":1565656474,"path_taken":["M","?","?","M","?","E","R","E","T","R","E","R","E","?","R","BOSS","M","?","M","$","M","E","R","E","T","M","?","R","$","M","R","BOSS","M","?","?","?","?","E","R","?","T","E","?","R","E","M","R","BOSS"],"build_version":"2019-07-17","purchased_purges":2,"victory":true,"max_hp_per_floor":[70,70,70,70,70,70,70,70,70,70,70,70,70,70,70,70,70,70,70,70,70,70,70,70,70,70,70,70,70,70,70,70,70,70,70,75,75,75,75,75,75,75,82,82,82,82,82,82,82,82],"card_choices":[{"not_picked":["Deflect","Slice","Prepared"],"picked":"SKIP","floor":1.0},{"not_picked":["Cloak And Dagger","Riddle With Holes"],"picked":"Masterful Stab","floor":4.0},{"not_picked":["Terror","Bane"],"picked":"Glass Knife","floor":6.0},{"not_picked":["Bane","Infinite Blades"],"picked":"Footwork","floor":8.0},{"not_picked":["Eviscerate","Accuracy"],"picked":"Dagger Spray","floor":11.0},{"not_picked":["Setup","Endless Agony"],"picked":"PiercingWail","floor":13.0},{"not_picked":["Dagger Spray","Deflect","Underhanded Strike"],"picked":"SKIP","floor":14.0},{"not_picked":["Grand Finale","Bullet Time"],"picked":"Adrenaline","floor":16.0},{"not_picked":["Bane","Escape Plan+1"],"picked":"Footwork","floor":18.0},{"not_picked":["Poisoned Stab","Distraction"],"picked":"Bouncing Flask","floor":20.0},{"not_picked":["Flechettes","Bane"],"picked":"PiercingWail","floor":22.0},{"not_picked":["Setup","Storm of Steel"],"picked":"Cloak And Dagger","floor":23.0},{"not_picked":["Riddle With Holes","Infinite Blades"],"picked":"PiercingWail","floor":25.0},{"not_picked":["Underhanded Strike","Sucker Punch"],"picked":"Backstab","floor":27.0},{"not_picked":["PiercingWail","Deflect"],"picked":"Cloak And Dagger","floor":28.0},{"not_picked":["Quick Slash","Dagger Spray"],"picked":"Dodge and Roll","floor":31.0},{"not_picked":["Glass Knife","Bullet Time"],"picked":"Envenom","floor":33.0},{"not_picked":["Bane","Poisoned Stab"],"picked":"Footwork","floor":35.0},{"not_picked":["PiercingWail","Deadly Poison"],"picked":"Cloak And Dagger","floor":37.0},{"not_picked":["Underhanded Strike","Dagger Throw"],"picked":"Backflip+1","floor":38.0},{"not_picked":["Masterful Stab","Slice"],"picked":"Acrobatics","floor":40.0},{"not_picked":["PiercingWail+1","Eviscerate+1"],"picked":"Backflip","floor":44.0},{"not_picked":["Quick Slash","Setup","Dash"],"picked":"SKIP","floor":45.0},{"not_picked":["Eviscerate+1","Dash","Accuracy"],"picked":"SKIP","floor":47.0},{"not_picked":["Blade Dance","Calculated Gamble+1","Quick Slash"],"picked":"SKIP","floor":48.0}],"player_experience":475305,"relics_obtained":[{"floor":6.0,"key":"Boot"},{"floor":8.0,"key":"War Paint"},{"floor":9.0,"key":"Bag of Preparation"},{"floor":11.0,"key":"Du-Vu Doll"},{"floor":13.0,"key":"Ginger"},{"floor":23.0,"key":"Regal Pillow"},{"floor":25.0,"key":"Pen Nib"},{"floor":26.0,"key":"Gambling Chip"},{"floor":34.0,"key":"PreservedInsect"},{"floor":34.0,"key":"Darkstone Periapt"},{"floor":34.0,"key":"Thread and Needle"},{"floor":38.0,"key":"StoneCalendar"},{"floor":39.0,"key":"Lantern"},{"floor":40.0,"key":"Bottled Flame"},{"floor":43.0,"key":"Strawberry"},{"floor":44.0,"key":"Anchor"},{"floor":47.0,"key":"Oddly Smooth Stone"}],"event_choices":[{"damage_healed":0.0,"max_hp_gain":0.0,"max_hp_loss":0.0,"gold_gain":0.0,"event_name":"Golden Idol","player_choice":"Take Wound","floor":2.0,"gold_loss":0.0,"damage_taken":0.0,"relics_obtained":["Golden Idol"],"cards_obtained":["Injury"]},{"cards_removed":["Injury"],"damage_healed":0.0,"max_hp_gain":0.0,"max_hp_loss":0.0,"gold_gain":0.0,"event_name":"Golden Wing","player_choice":"Card Removal","floor":3.0,"gold_loss":0.0,"damage_taken":7.0},{"damage_healed":0.0,"max_hp_gain":0.0,"max_hp_loss":0.0,"gold_gain":275.0,"event_name":"Golden Shrine","player_choice":"Desecrate","floor":19.0,"gold_loss":0.0,"damage_taken":0.0,"cards_obtained":["Regret"]},{"damage_healed":0.0,"max_hp_gain":0.0,"max_hp_loss":0.0,"gold_gain":0.0,"event_name":"Lab","player_choice":"Got Potions","floor":36.0,"gold_loss":0.0,"damage_taken":0.0},{"damage_healed":0.0,"max_hp_gain":0.0,"max_hp_loss":0.0,"gold_gain":0.0,"event_name":"Mysterious Sphere","player_choice":"Fight","floor":38.0,"gold_loss":0.0,"damage_taken":0.0},{"cards_removed":["Neutralize"],"damage_healed":0.0,"max_hp_gain":0.0,"max_hp_loss":0.0,"gold_gain":0.0,"event_name":"Falling","player_choice":"Removed Attack","floor":42.0,"gold_loss":0.0,"damage_taken":0.0}],"is_beta":false,"boss_relics":[{"not_picked":["Fusion Hammer","White Beast Statue"],"picked":"HoveringKite"},{"not_picked":["Tiny House","Busted Crown"],"picked":"Calling Bell"}],"items_purged_floors":[21,30],"is_endless":false,"potions_floor_spawned":[1,6,8,16,20,22,25,31,35,38,40,45],"ascension_level":12}