{"gold_per_floor":[212,212,231,130,130,130,163,179,179,30,50,75,150,250,250,324,324,334,334,130,150,150,150,184,184,211,242,242,242,242],"floor_reached":30,"playtime":1697,"items_purged":["Strike_B","Pain","Strike_B"],"score":572,"play_id":"27ee2860-9164-4263-89a5-b5ac046f1dd8","local_time":"20190807215823","is_ascension_mode":true,"campfire_choices":[{"data":"Zap","floor":6.0,"key":"SMITH"},{"data":"White Noise","floor":15.0,"key":"SMITH"},{"data":"Capacitor","floor":23,"key":"SMITH"},{"data":"Electrodynamics","floor":25,"key":"SMITH"},{"data":"Self Repair","floor":29,"key":"SMITH"}],"neow_cost":"NONE","seed_source_timestamp":773202186406029,"circlet_count":0,"master_deck":["AscendersBane","Strike_B","Strike_B","Defend_B","Defend_B","Defend_B","Defend_B","Zap+1","Dualcast","Ball Lightning","Conserve Battery","Rebound","Conserve Battery","White Noise+1","Gash","Ball Lightning","Electrodynamics+1","Tempest","Capacitor+1","Genetic Algorithm","Writhe","Self Repair+1"],"special_seed":0,"relics":["Cracked Core","WarpedTongs","Mango","Gremlin Horn","Strawberry","Snecko Eye","Cables","Ornamental Fan","Turnip","Oddly Smooth Stone","Pen Nib"],"potions_floor_usage":[21,24],"damage_taken":[{"damage":0.0,"enemies":"2 Louse","floor":1.0,"turns":3.0},{"damage":1.0,"enemies":"Cultist","floor":3.0,"turns":3.0},{"damage":8.0,"enemies":"Lagavulin","floor":7.0,"turns":6.0},{"damage":3.0,"enemies":"Small Slimes","floor":8.0,"turns":3.0},{"damage":0.0,"enemies":"3 Louse","floor":11.0,"turns":2.0},{"damage":9.0,"enemies":"3 Sentries","floor":12.0,"turns":5.0},{"damage":37.0,"enemies":"Hexaghost","floor":16.0,"turns":9.0},{"damage":8.0,"enemies":"Chosen","floor":18.0,"turns":5.0},{"damage":6,"enemies":"3 Byrds","floor":21,"turns":2},{"damage":0,"enemies":"Gremlin Leader","floor":24,"turns":3},{"damage":31,"enemies":"Slavers","floor":27,"turns":3},{"damage":33,"enemies":"Snake Plant","floor":30,"turns":4}],"seed_played":"-7107837333323055061","potions_obtained":[{"floor":1.0,"key":"Block Potion"},{"floor":7.0,"key":"Block Potion"},{"floor":11.0,"key":"GamblersBrew"},{"floor":16.0,"key":"AttackPotion"},{"floor":18.0,"key":"FocusPotion"},{"floor":27,"key":"Ancient Potion"}],"is_trial":false,"path_per_floor":["M","?","M","$","?","R","E","M","T","$","M","E","?","?","R","B",null,"M","T","$","M","?","R","E","R","T","E","?","R","M"],"character_chosen":"DEFECT","items_purchased":["Rebound","Gash","Capacitor"],"campfire_rested":0,"item_purchase_floors":[4,10,20],"current_hp_per_floor":[64,64,63,63,63,63,69,66,66,66,66,64,53,53,53,16,73,65,65,65,59,59,59,59,59,59,28,28,28,0],"gold":242,"neow_bonus":"HUNDRED_GOLD","is_prod":false,"is_daily":false,"chose_seed":false,"campfire_upgraded":5,"win_rate":0,"timestamp":1565229503,"path_taken":["M","?","M","$","?","R","E","M","T","$","?","E","?","?","R","BOSS","M","?","$","M","?","R","E","R","T","E","?","R","M"],"build_version":"2019-07-17","purchased_purges":3,"victory":false,"max_hp_per_floor":[71,71,71,71,71,71,85,85,85,85,85,92,92,92,92,92,92,92,92,92,92,92,92,92,92,92,92,92,92,92],"card_choices":[{"not_picked":["Streamline","Conserve Battery"],"picked":"Ball Lightning","floor":1.0},{"not_picked":["Stack","Storm"],"picked":"Conserve Battery","floor":3.0},{"not_picked":["Go for the Eyes","Fusion"],"picked":"Conserve Battery","floor":7.0},{"not_picked":["Scrape","FTL"],"picked":"White Noise","floor":8.0},{"not_picked":["Turbo","Sunder"],"picked":"Ball Lightning","floor":11.0},{"not_picked":["Reprogram","Redo","Turbo"],"picked":"SKIP","floor":12.0},{"not_picked":["Meteor Strike","Buffer"],"picked":"Electrodynamics","floor":16.0},{"not_picked":["Cold Snap","Scrape"],"picked":"Tempest","floor":18.0},{"not_picked":["Hologram","Aggregate+1"],"picked":"Genetic Algorithm","floor":21},{"not_picked":["Aggregate","Compile Driver","Darkness"],"picked":"SKIP","floor":24},{"not_picked":["Compile Driver","Skim"],"picked":"Self Repair","floor":27}],"player_experience":399371,"relics_obtained":[{"floor":7.0,"key":"Mango"},{"floor":9.0,"key":"Gremlin Horn"},{"floor":12.0,"key":"Strawberry"},{"floor":19.0,"key":"Cables"},{"floor":24,"key":"Turnip"},{"floor":26,"key":"Oddly Smooth Stone"},{"floor":27,"key":"Pen Nib"}],"event_choices":[{"damage_healed":0.0,"max_hp_gain":0.0,"max_hp_loss":0.0,"gold_gain":0.0,"event_name":"The Woman in Blue","player_choice":"Bought 0 Potions","floor":2.0,"gold_loss":0.0,"damage_taken":0.0},{"damage_healed":0.0,"max_hp_gain":0.0,"max_hp_loss":0.0,"gold_gain":0.0,"event_name":"Accursed Blacksmith","player_choice":"Rummage","floor":5.0,"gold_loss":0.0,"damage_taken":0.0,"relics_obtained":["WarpedTongs"],"cards_obtained":["Pain"]},{"damage_healed":0.0,"max_hp_gain":0.0,"max_hp_loss":0.0,"gold_gain":75.0,"event_name":"World of Goop","player_choice":"Gather Gold","floor":13.0,"gold_loss":0.0,"damage_taken":11.0},{"damage_healed":0.0,"max_hp_gain":0.0,"max_hp_loss":0.0,"gold_gain":100.0,"event_name":"Golden Shrine","player_choice":"Pray","floor":14.0,"gold_loss":0.0,"damage_taken":0.0},{"damage_healed":0,"gold_gain":0,"player_choice":"Opened","damage_taken":0,"relics_obtained":["Ornamental Fan"],"max_hp_gain":0,"max_hp_loss":0,"event_name":"The Mausoleum","floor":22,"gold_loss":0,"cards_obtained":["Writhe"]},{"damage_healed":0,"gold_gain":0,"player_choice":"Ignored","damage_taken":0,"max_hp_gain":0,"max_hp_loss":0,"event_name":"Ghosts","floor":28,"gold_loss":0}],"is_beta":false,"boss_relics":[{"not_picked":["Busted Crown","Tiny House"],"picked":"Snecko Eye"}],"items_purged_floors":[4,10,20],"is_endless":false,"potions_floor_spawned":[1,7,11,16,18,27],"killed_by":"Snake Plant","ascension_level":14}