{"gold_per_floor":[118,118,118,134,151,151,41,68,136,136,152,52,52],"floor_reached":13,"playtime":1130,"items_purged":["Strike_G","Strike_G"],"score":87,"play_id":"95206d25-0e02-4bc2-be44-44610cba77aa","local_time":"20190603202412","is_ascension_mode":true,"campfire_choices":[{"data":"Bouncing Flask","floor":6.0,"key":"SMITH"},{"data":"Noxious Fumes","floor":10,"key":"SMITH"}],"neow_cost":"TEN_PERCENT_HP_LOSS","seed_source_timestamp":771939312287388,"circlet_count":0,"master_deck":["Defend_G","Defend_G","Defend_G","Defend_G","Defend_G","Strike_G","Strike_G","Strike_G","Survivor","Neutralize","Malaise","Acrobatics","Acrobatics","Bouncing Flask+1","Noxious Fumes+1","Adrenaline","Deadly Poison"],"special_seed":0,"relics":["Ring of the Snake","Anchor","FaceOfCleric","Orichalcum","Blue Candle"],"potions_floor_usage":[8],"damage_taken":[{"damage":3.0,"enemies":"Cultist","floor":1.0,"turns":5.0},{"damage":2.0,"enemies":"Small Slimes","floor":4.0,"turns":5.0},{"damage":0.0,"enemies":"2 Louse","floor":5.0,"turns":4.0},{"damage":19,"enemies":"3 Sentries","floor":8,"turns":7},{"damage":33,"enemies":"Gremlin Gang","floor":11,"turns":4},{"damage":3,"enemies":"2 Fungi Beasts","floor":13,"turns":2}],"seed_played":"-3616874369616101287","potions_obtained":[{"floor":4.0,"key":"SteroidPotion"},{"floor":11,"key":"EssenceOfSteel"}],"is_trial":false,"path_per_floor":["M","?","?","M","M","R","$","E","T","R","M","$","M"],"character_chosen":"THE_SILENT","items_purchased":["Noxious Fumes"],"campfire_rested":0,"item_purchase_floors":[7],"current_hp_per_floor":[60,53,53,52,53,53,53,35,35,35,3,3,0],"gold":52,"neow_bonus":"THREE_RARE_CARDS","is_prod":false,"is_daily":false,"chose_seed":false,"campfire_upgraded":2,"win_rate":0,"timestamp":1559607852,"path_taken":["M","?","?","M","?","R","$","E","T","R","M","?","?"],"build_version":"2019-01-23","purchased_purges":2,"victory":false,"max_hp_per_floor":[63,63,63,64,65,65,65,66,66,66,67,67,67],"card_choices":[{"not_picked":["Doppelganger","A Thousand Cuts"],"picked":"Malaise","floor":0.0},{"not_picked":["Flying Knee","Dagger Throw"],"picked":"Acrobatics","floor":1.0},{"not_picked":["Poisoned Stab","Dagger Throw"],"picked":"Acrobatics","floor":4.0},{"not_picked":["Calculated Gamble","PiercingWail"],"picked":"Bouncing Flask","floor":5.0},{"not_picked":["Quick Slash","Deflect"],"picked":"Adrenaline","floor":8},{"not_picked":["Dodge and Roll","Prepared"],"picked":"Deadly Poison","floor":11}],"player_experience":71850,"relics_obtained":[{"floor":8,"key":"Orichalcum"},{"floor":9,"key":"Blue Candle"}],"event_choices":[{"damage_healed":0.0,"max_hp_gain":0.0,"max_hp_loss":0.0,"gold_gain":0.0,"event_name":"Scrap Ooze","player_choice":"Success","floor":2.0,"gold_loss":0.0,"damage_taken":7.0,"relics_obtained":["Anchor"]},{"damage_healed":0.0,"max_hp_gain":0.0,"max_hp_loss":0.0,"gold_gain":0.0,"event_name":"FaceTrader","player_choice":"Trade","floor":3.0,"gold_loss":0.0,"damage_taken":0.0,"relics_obtained":["FaceOfCleric"]}],"is_beta":false,"boss_relics":[],"items_purged_floors":[7,12],"is_endless":false,"potions_floor_spawned":[4,11],"killed_by":"2 Fungi Beasts","ascension_level":1}