{"gold_per_floor":[113,113,16,16,32,32,49,49,49,49,49,65,14,31,31,31],"floor_reached":16,"playtime":255,"items_purged":[],"score":90,"play_id":"651bddf7-8e40-4f94-bb26-f459c5fd826f","local_time":"20190321154457","is_ascension_mode":false,"campfire_choices":[{"data":"Quick Slash","floor":6,"key":"SMITH"},{"data":"Dagger Throw","floor":8,"key":"SMITH"},{"floor":15,"key":"REST"}],"neow_cost":"NONE","seed_source_timestamp":82948716899270,"circlet_count":0,"master_deck":["Defend_G","Defend_G","Defend_G","Defend_G","Defend_G","Strike_G","Strike_G","Strike_G","Strike_G","Strike_G","Survivor","Neutralize","Quick Slash+1","Swift Strike","Dagger Spray+1","Blade Dance","Dagger Throw+1","Dagger Throw","Bane","Poisoned Stab"],"relics":["Ring of the Snake","NeowsBlessing","Bottled Lightning"],"potions_floor_usage":[],"damage_taken":[{"damage":0,"enemies":"Jaw Worm","floor":1,"turns":1},{"damage":0,"enemies":"Cultist","floor":5,"turns":1},{"damage":0,"enemies":"2 Louse","floor":7,"turns":1},{"damage":21,"enemies":"Exordium Thugs","floor":12,"turns":3},{"damage":5,"enemies":"3 Louse","floor":14,"turns":2},{"damage":0,"enemies":"Slime Boss","floor":16,"turns":1}],"seed_played":"2943776523082993415","potions_obtained":[{"floor":5,"key":"EssenceOfSteel"},{"floor":11,"key":"GhostInAJar"},{"floor":11,"key":"Poison Potion"}],"is_trial":false,"path_per_floor":["M","?","$","?","M","R","M","R","T","$","?","M","$","M","R","B"],"character_chosen":"THE_SILENT","items_purchased":["Dagger Spray","Blade Dance","Poisoned Stab"],"campfire_rested":1,"item_purchase_floors":[3,3,13],"current_hp_per_floor":[70,70,70,70,70,70,70,70,70,70,70,49,49,44,65,65],"gold":31,"neow_bonus":"THREE_ENEMY_KILL","is_prod":false,"is_daily":false,"chose_seed":false,"campfire_upgraded":2,"win_rate":0,"timestamp":1553208297,"path_taken":["M","?","$","?","M","R","?","R","T","$","?","M","?","M","R","BOSS"],"build_version":"2019-01-23","purchased_purges":0,"victory":false,"max_hp_per_floor":[70,70,70,70,70,70,70,70,70,70,70,70,70,70,70,70],"card_choices":[{"not_picked":["Prepared","Tactician"],"picked":"Quick Slash","floor":1},{"not_picked":["Calculated Gamble","Heel Hook"],"picked":"Dagger Throw","floor":5},{"not_picked":["Prepared","Footwork"],"picked":"Dagger Throw","floor":7},{"not_picked":["Prepared","Reflex"],"picked":"Bane","floor":12},{"not_picked":["Prepared","Deflect","Backflip"],"picked":"SKIP","floor":14}],"player_experience":1236648,"relics_obtained":[{"floor":9,"key":"Bottled Lightning"}],"event_choices":[{"damage_healed":0,"gold_gain":0,"player_choice":"1 cards matched","damage_taken":0,"max_hp_gain":0,"max_hp_loss":0,"event_name":"Match and Keep!","floor":2,"gold_loss":0,"cards_obtained":["Swift Strike"]},{"damage_healed":0,"gold_gain":0,"player_choice":"Upgraded","damage_taken":0,"max_hp_gain":0,"max_hp_loss":0,"event_name":"Upgrade Shrine","floor":4,"gold_loss":0,"cards_upgraded":["Dagger Spray"]},{"damage_healed":0,"gold_gain":0,"player_choice":"Got Potions","damage_taken":0,"max_hp_gain":0,"max_hp_loss":0,"event_name":"Lab","floor":11,"gold_loss":0}],"is_beta":false,"boss_relics":[],"items_purged_floors":[],"is_endless":false,"potions_floor_spawned":[5,14],"killed_by":"Slime Boss","ascension_level":0}