{"gold_per_floor":[114,129,144,159,159,159,197,197,197,216,37,56,75,113,113,238,238,257,275,275,275,275,313,313,173,223,261,261,280,318,337,337,462,462,481,281,281,81,100,100,100,100,100,138,157,117,117,13,13,13],"floor_reached":51,"playtime":3930,"items_purged":["Strike_R","Defend_G","Defend_B","Survivor","Underhanded Strike+1"],"score":1091,"play_id":"2c04a729-5128-4ea4-8560-dfa7e9c625fe","local_time":"20190403013617","daily_mods":["Chimera","Vintage","Binary"],"is_ascension_mode":false,"campfire_choices":[{"data":"Zap","floor":6.0,"key":"SMITH"},{"floor":8.0,"key":"REST"},{"data":"Blade Dance","floor":15.0,"key":"SMITH"},{"data":"Noxious Fumes","floor":24.0,"key":"SMITH"},{"data":"Infinite Blades","floor":28.0,"key":"SMITH"},{"data":"Adrenaline","floor":32.0,"key":"SMITH"},{"data":"Accuracy","floor":40,"key":"SMITH"},{"data":"Doppelganger","floor":42,"key":"SMITH"},{"data":"Backstab","floor":47,"key":"SMITH"},{"data":"Deadly Poison","floor":49,"key":"SMITH"}],"neow_cost":"","seed_source_timestamp":0,"circlet_count":0,"master_deck":["Bash+1","Zap+1","Dagger Throw","Blade Dance+1","Backstab+1","Noxious Fumes+1","Adrenaline+1","After Image+1","Flying Knee+1","Wraith Form v2+1","Writhe","Ghostly","Ghostly","Ghostly","Ghostly","Ghostly","Dagger Spray+1","Accuracy+1","Infinite Blades+1","Doppelganger+1","Deadly Poison+1"],"special_seed":17988,"relics":["Ring of the Snake","Prayer Wheel","Strawberry","Shuriken","Smiling Mask","Golden Idol","Torii","Dodecahedron","Mango","Art of War","Happy Flower","Du-Vu Doll","Astrolabe","Snake Skull","Red Mask","Pocketwatch","Molten Egg 2","Bag of Marbles","PreservedInsect","Pen Nib","Orichalcum","Mummified Hand","Incense Burner","Bronze Scales","Lantern","Unceasing Top","Dead Branch","Centennial Puzzle","Ornamental Fan"],"potions_floor_usage":[44,50,50],"damage_taken":[{"damage":2.0,"enemies":"Cultist","floor":1.0,"turns":4.0},{"damage":2.0,"enemies":"Small Slimes","floor":2.0,"turns":3.0},{"damage":7.0,"enemies":"Jaw Worm","floor":3.0,"turns":5.0},{"damage":4.0,"enemies":"Looter","floor":4.0,"turns":3.0},{"damage":24.0,"enemies":"3 Sentries","floor":7.0,"turns":11.0},{"damage":1.0,"enemies":"Blue Slaver","floor":10.0,"turns":3.0},{"damage":0.0,"enemies":"3 Louse","floor":12.0,"turns":2.0},{"damage":1.0,"enemies":"Large Slime","floor":13.0,"turns":4.0},{"damage":13.0,"enemies":"Lagavulin","floor":14.0,"turns":4.0},{"damage":0.0,"enemies":"Slime Boss","floor":16.0,"turns":3.0},{"damage":3.0,"enemies":"2 Thieves","floor":18.0,"turns":4.0},{"damage":0.0,"enemies":"Masked Bandits","floor":19.0,"turns":3.0},{"damage":0.0,"enemies":"Slavers","floor":23.0,"turns":6.0},{"damage":0.0,"enemies":"Book of Stabbing","floor":27.0,"turns":5.0},{"damage":0.0,"enemies":"Shell Parasite","floor":29.0,"turns":4.0},{"damage":0.0,"enemies":"Gremlin Leader","floor":30.0,"turns":4.0},{"damage":0.0,"enemies":"Snecko","floor":31.0,"turns":2.0},{"damage":0.0,"enemies":"Collector","floor":33.0,"turns":4.0},{"damage":0,"enemies":"3 Darklings","floor":35,"turns":3},{"damage":0,"enemies":"3 Shapes","floor":39,"turns":3},{"damage":0,"enemies":"Giant Head","floor":44,"turns":3},{"damage":0,"enemies":"Spire Growth","floor":45,"turns":2},{"damage":0,"enemies":"Awakened One","floor":50,"turns":5}],"seed_played":"1331452613733458112","potions_obtained":[{"floor":2.0,"key":"Dexterity Potion"},{"floor":7.0,"key":"GamblersBrew"},{"floor":12.0,"key":"EntropicBrew"},{"floor":14.0,"key":"Dexterity Potion"},{"floor":18.0,"key":"SteroidPotion"},{"floor":27.0,"key":"SkillPotion"},{"floor":33.0,"key":"Explosive Potion"},{"floor":35,"key":"Poison Potion"},{"floor":39,"key":"Poison Potion"}],"is_trial":false,"path_per_floor":["M","M","M","M","?","R","E","R","T","M","$","M","M","E","R","B",null,"M","?","?","?","?","E","R","$","T","E","R","M","E","M","R","B",null,"M","$","?","$","M","R","?","R","T","E","M","?","R","$","R","B",null],"character_chosen":"THE_SILENT","items_purchased":["Blade Dance","Backstab","Dagger Spray+1","Accuracy","Bronze Scales","Lantern","Deadly Poison"],"campfire_rested":1,"item_purchase_floors":[11,11,25,25,36,38,48],"current_hp_per_floor":[68,73,66,62,43,43,19,42,42,55,55,55,54,41,41,41,91,88,88,88,45,45,45,45,45,45,45,45,45,45,45,45,45,45,45,45,45,45,45,45,45,45,45,45,45,45,45,45,45,45],"gold":13,"neow_bonus":"","is_prod":false,"is_daily":true,"chose_seed":false,"campfire_upgraded":9,"win_rate":0,"timestamp":1554248177,"path_taken":["M","M","M","?","?","R","E","R","T","M","?","M","M","E","R","BOSS","M","?","?","?","?","E","R","$","T","E","R","M","E","M","R","BOSS","M","$","?","$","M","R","?","R","T","E","M","?","R","$","R","BOSS"],"build_version":"2019-03-15","purchased_purges":5,"victory":true,"max_hp_per_floor":[70,77,77,77,77,77,77,77,77,91,91,91,91,91,91,91,91,91,91,91,45,45,45,45,45,45,45,45,45,45,45,45,45,45,45,45,45,45,45,45,45,45,45,45,45,45,45,45,45,45],"card_choices":[{"not_picked":["Underhanded Strike"],"picked":"Dagger Throw","floor":7.0},{"not_picked":["Quick Slash"],"picked":"Noxious Fumes","floor":14.0},{"not_picked":["Wraith Form v2"],"picked":"Adrenaline","floor":16.0},{"not_picked":["Sucker Punch"],"picked":"Dodge and Roll+1","floor":19.0},{"not_picked":["Dagger Throw"],"picked":"Underhanded Strike+1","floor":23.0},{"not_picked":["Choke+1"],"picked":"Infinite Blades","floor":27.0},{"not_picked":["Bane+1","Backflip+1"],"picked":"SKIP","floor":30.0},{"not_picked":["Glass Knife+1"],"picked":"Doppelganger","floor":33.0},{"not_picked":["Underhanded Strike+1","Distraction+1"],"picked":"SKIP","floor":44}],"player_experience":261177,"relics_obtained":[{"floor":1.0,"key":"Prayer Wheel"},{"floor":2.0,"key":"Strawberry"},{"floor":3.0,"key":"Shuriken"},{"floor":4.0,"key":"Smiling Mask"},{"floor":7.0,"key":"Torii"},{"floor":9.0,"key":"Dodecahedron"},{"floor":10.0,"key":"Mango"},{"floor":12.0,"key":"Art of War"},{"floor":13.0,"key":"Happy Flower"},{"floor":14.0,"key":"Du-Vu Doll"},{"floor":18.0,"key":"Snake Skull"},{"floor":19.0,"key":"Red Mask"},{"floor":23.0,"key":"Molten Egg 2"},{"floor":26.0,"key":"Bag of Marbles"},{"floor":27.0,"key":"PreservedInsect"},{"floor":29.0,"key":"Pen Nib"},{"floor":30.0,"key":"Orichalcum"},{"floor":31.0,"key":"Mummified Hand"},{"floor":35,"key":"Incense Burner"},{"floor":39,"key":"Unceasing Top"},{"floor":43,"key":"Dead Branch"},{"floor":44,"key":"Centennial Puzzle"},{"floor":45,"key":"Ornamental Fan"}],"event_choices":[{"damage_healed":0.0,"max_hp_gain":0.0,"max_hp_loss":0.0,"gold_gain":0.0,"event_name":"Golden Idol","player_choice":"Take Damage","floor":5.0,"gold_loss":0.0,"damage_taken":19.0,"relics_obtained":["Golden Idol"]},{"damage_healed":0.0,"max_hp_gain":0.0,"max_hp_loss":0.0,"gold_gain":0.0,"event_name":"Masked Bandits","player_choice":"Fought Bandits","floor":19.0,"gold_loss":0.0,"damage_taken":0.0},{"damage_healed":0.0,"max_hp_gain":0.0,"max_hp_loss":0.0,"gold_gain":0.0,"event_name":"The Mausoleum","player_choice":"Opened","floor":20.0,"gold_loss":0.0,"damage_taken":0.0,"relics_obtained":["Pocketwatch"],"cards_obtained":["Writhe"]},{"damage_healed":0.0,"max_hp_gain":0.0,"max_hp_loss":46.0,"gold_gain":0.0,"event_name":"Ghosts","player_choice":"Became a Ghost","floor":21.0,"gold_loss":0.0,"damage_taken":0.0,"cards_obtained":["Ghostly","Ghostly","Ghostly","Ghostly","Ghostly"]},{"damage_healed":0.0,"max_hp_gain":0.0,"max_hp_loss":0.0,"gold_gain":0.0,"event_name":"Vampires","player_choice":"Ignored","floor":22.0,"gold_loss":0.0,"damage_taken":0.0},{"cards_removed":["Dodge and Roll"],"damage_healed":0,"gold_gain":0,"player_choice":"Removed Skill","damage_taken":0,"max_hp_gain":0,"max_hp_loss":0,"event_name":"Falling","floor":37,"gold_loss":0},{"damage_healed":0,"gold_gain":0,"player_choice":"Memory 1","damage_taken":0,"max_hp_gain":0,"max_hp_loss":0,"event_name":"SensoryStone","floor":41,"gold_loss":0},{"damage_healed":0,"gold_gain":0,"player_choice":"Upgrade","damage_taken":0,"max_hp_gain":0,"max_hp_loss":0,"event_name":"Designer","floor":46,"gold_loss":40,"cards_upgraded":["Bash"]}],"is_beta":true,"boss_relics":[{"not_picked":["Tiny House","Calling Bell"],"picked":"Astrolabe"},{"not_picked":["Runic Dome","Sozu","HoveringKite"]}],"items_purged_floors":[11,25,36,38,48],"is_endless":false,"potions_floor_spawned":[2,7,12,14,18,27,33,35,39],"ascension_level":0}