{"gold_per_floor":[113,113,88,88,103,103,115,115,115,215,231,231,258,116,116,116],"floor_reached":16,"playtime":605,"items_purged":["Strike_R"],"score":98,"play_id":"d2c76475-d8da-469a-b2f6-33a2af5aea42","local_time":"20190815132439","is_ascension_mode":false,"campfire_choices":[{"data":"Bash","floor":6,"key":"SMITH"},{"data":"Evolve","floor":12,"key":"SMITH"},{"data":"Inflame","floor":15,"key":"SMITH"}],"neow_cost":"NONE","seed_source_timestamp":59030451352700,"circlet_count":0,"master_deck":["Strike_R","Strike_R","Strike_R","Strike_R","Defend_R","Defend_R","Defend_R","Defend_R","Bash+1","Impervious","Combust","Clothesline+1","Headbutt","Evolve+1","Pommel Strike","Inflame+1"],"relics":["Burning Blood","Nunchaku","Bronze Scales"],"potions_floor_usage":[],"damage_taken":[{"damage":15,"enemies":"2 Louse","floor":1,"turns":3},{"damage":6,"enemies":"Jaw Worm","floor":5,"turns":3},{"damage":4,"enemies":"Cultist","floor":7,"turns":3},{"damage":16,"enemies":"2 Fungi Beasts","floor":11,"turns":4},{"damage":32,"enemies":"Lagavulin","floor":13,"turns":7},{"damage":42,"enemies":"Hexaghost","floor":16,"turns":10}],"seed_played":"-6317876789241236164","potions_obtained":[{"floor":1,"key":"Swift Potion"}],"is_trial":false,"path_per_floor":["M","?","$","?","M","R","M","?","T","?","M","R","E","$","R","B"],"character_chosen":"IRONCLAD","items_purchased":["Clothesline","Inflame"],"campfire_rested":0,"item_purchase_floors":[3,14],"current_hp_per_floor":[71,76,76,76,76,76,78,78,78,78,68,68,42,42,42,0],"gold":116,"neow_bonus":"ONE_RANDOM_RARE_CARD","is_prod":false,"is_daily":false,"chose_seed":false,"campfire_upgraded":3,"win_rate":0,"timestamp":1565846679,"path_taken":["M","?","$","?","?","R","M","?","T","?","M","R","E","$","R","BOSS"],"build_version":"2019-07-17","purchased_purges":1,"victory":false,"max_hp_per_floor":[80,85,85,85,85,85,85,85,85,85,85,85,85,85,85,85],"card_choices":[{"not_picked":["Reckless Charge","True Grit"],"picked":"Combust","floor":1},{"not_picked":["Warcry","Reckless Charge"],"picked":"Headbutt","floor":5},{"not_picked":["Power Through","Cleave"],"picked":"Evolve","floor":7},{"not_picked":["Reckless Charge","Cleave","Clash"],"picked":"SKIP","floor":11},{"not_picked":["Hemokinesis","Sword Boomerang"],"picked":"Pommel Strike","floor":13}],"player_experience":156410,"relics_obtained":[{"floor":9,"key":"Nunchaku"},{"floor":13,"key":"Bronze Scales"}],"event_choices":[{"damage_healed":0,"gold_gain":0,"player_choice":"Donut","damage_taken":0,"max_hp_gain":5,"max_hp_loss":0,"event_name":"Big Fish","floor":2,"gold_loss":0},{"damage_healed":0,"gold_gain":0,"player_choice":"Ignored","damage_taken":0,"max_hp_gain":0,"max_hp_loss":0,"event_name":"NoteForYourself","floor":4,"gold_loss":0},{"damage_healed":0,"gold_gain":0,"player_choice":"Grow","damage_taken":0,"max_hp_gain":0,"max_hp_loss":0,"event_name":"Living Wall","floor":8,"gold_loss":0,"cards_upgraded":["Clothesline"]},{"damage_healed":0,"gold_gain":100,"player_choice":"Pray","damage_taken":0,"max_hp_gain":0,"max_hp_loss":0,"event_name":"Golden Shrine","floor":10,"gold_loss":0}],"is_beta":false,"boss_relics":[],"items_purged_floors":[14],"is_endless":false,"potions_floor_spawned":[1],"killed_by":"Hexaghost","ascension_level":0}