{"gold_per_floor":[361,372,0,14,31,66,66,92,92,110,127,127,139,9,9,109,109,129,29,0,0,15,15,41,41,41,41,73,92,169,182,182,286,286,296,296,266,286,28,28,38,38,38,38,70,70,86,105,105,105],"floor_reached":51,"playtime":4543,"items_purged":["Shame","Strike_B","Defend_B"],"score":896,"play_id":"98d0f7d3-666b-465a-afba-865236d449c4","local_time":"20190611183614","is_ascension_mode":true,"campfire_choices":[{"data":"Zap","floor":12.0,"key":"SMITH"},{"floor":15.0,"key":"REST"},{"data":"Go for the Eyes","floor":23,"key":"SMITH"},{"floor":27,"key":"REST"},{"floor":32,"key":"REST"},{"data":"Ball Lightning","floor":40,"key":"SMITH"},{"data":"Beam Cell","floor":42,"key":"SMITH"},{"data":"Go for the Eyes","floor":44,"key":"SMITH"},{"data":"Lockon","floor":46,"key":"SMITH"},{"floor":49,"key":"REST"}],"neow_cost":"CURSE","seed_source_timestamp":0,"circlet_count":0,"master_deck":["Defend_B","Defend_B","Zap+1","Dualcast","Ball Lightning+1","Ball Lightning","Go for the Eyes+1","Chill","Leap","Coolheaded","Static Discharge+1","Hyperbeam","Machine Learning+1","Go for the Eyes+1","Biased Cognition+1","Turbo","Steam","Streamline","Beam Cell+1","Buffer+1","Ghostly","Ghostly","Ghostly","Ghostly","Ghostly","Leap","Loop+1","Core Surge","Reinforced Body+1","Hello World+1","Chaos+1","Ball Lightning","Melter+1","Lockon+1","Go for the Eyes+1","Doom and Gloom+1"],"special_seed":0,"relics":["Cracked Core","Frozen Egg 2","The Courier","Pear","Kunai","Matryoshka","White Beast Statue","Pen Nib","Potion Belt","Oddly Smooth Stone","Meat on the Bone","Orichalcum","Tiny Chest","Astrolabe","Bag of Preparation","Regal Pillow","Art of War"],"potions_floor_usage":[18,22,24,24,28,29,33,37,45,47,50,50,50,50,50],"damage_taken":[{"damage":19.0,"enemies":"Jaw Worm","floor":1.0,"turns":3.0},{"damage":0.0,"enemies":"Cultist","floor":2.0,"turns":2.0},{"damage":7.0,"enemies":"Small Slimes","floor":4.0,"turns":2.0},{"damage":6.0,"enemies":"Blue Slaver","floor":5.0,"turns":3.0},{"damage":15.0,"enemies":"Lagavulin","floor":6.0,"turns":4.0},{"damage":16.0,"enemies":"Gremlin Nob","floor":8.0,"turns":3.0},{"damage":2.0,"enemies":"Exordium Thugs","floor":10.0,"turns":4.0},{"damage":1.0,"enemies":"2 Fungi Beasts","floor":11.0,"turns":3.0},{"damage":3.0,"enemies":"Blue Slaver","floor":13.0,"turns":2.0},{"damage":12.0,"enemies":"The Guardian","floor":16.0,"turns":9.0},{"damage":22,"enemies":"2 Thieves","floor":18,"turns":3},{"damage":4,"enemies":"Shell Parasite","floor":22,"turns":4},{"damage":27,"enemies":"Slavers","floor":24,"turns":5},{"damage":33,"enemies":"Gremlin Leader","floor":28,"turns":8},{"damage":8,"enemies":"Chosen and Byrds","floor":29,"turns":5},{"damage":16,"enemies":"3 Cultists","floor":31,"turns":7},{"damage":29,"enemies":"Automaton","floor":33,"turns":11},{"damage":10,"enemies":"Orb Walker","floor":35,"turns":6},{"damage":0,"enemies":"3 Darklings","floor":38,"turns":7},{"damage":0,"enemies":"Maw","floor":41,"turns":9},{"damage":3,"enemies":"Reptomancer","floor":45,"turns":8},{"damage":0,"enemies":"Sphere and 2 Shapes","floor":47,"turns":3},{"damage":0,"enemies":"Jaw Worm Horde","floor":48,"turns":2},{"damage":26,"enemies":"Awakened One","floor":50,"turns":14}],"seed_played":"5219060937804429115","potions_obtained":[{"floor":6.0,"key":"Strength Potion"},{"floor":8.0,"key":"Fire Potion"},{"floor":10.0,"key":"Ancient Potion"},{"floor":11.0,"key":"SteroidPotion"},{"floor":13.0,"key":"Weak Potion"},{"floor":18,"key":"FairyPotion"},{"floor":22,"key":"Block Potion"},{"floor":24,"key":"SkillPotion"},{"floor":28,"key":"Regen Potion"},{"floor":29,"key":"SpeedPotion"},{"floor":31,"key":"Explosive Potion"},{"floor":33,"key":"Regen Potion"},{"floor":35,"key":"SkillPotion"},{"floor":37,"key":"Fruit Juice"},{"floor":37,"key":"Energy Potion"},{"floor":38,"key":"Swift Potion"},{"floor":41,"key":"FearPotion"},{"floor":45,"key":"Explosive Potion"},{"floor":47,"key":"FearPotion"},{"floor":48,"key":"Block Potion"}],"is_trial":false,"path_per_floor":["M","M","$","M","M","E","?","E","T","M","M","R","M","$","R","B",null,"M","$","?","?","M","R","E","?","T","R","E","M","T","M","R","B",null,"M","?","?","M","$","R","M","R","T","R","E","R","M","M","R","B",null],"character_chosen":"DEFECT","items_purchased":["Frozen Egg 2","Fire Potion","Machine Learning+1","Go for the Eyes","Steam","Bag of Preparation","Ball Lightning"],"campfire_rested":4,"item_purchase_floors":[3,3,14,14,19,39,39],"current_hp_per_floor":[56,56,56,49,43,28,38,22,22,20,19,19,16,16,41,29,71,49,49,49,49,45,45,18,18,18,30,4,22,22,18,30,13,35,25,25,30,30,30,30,30,30,30,30,27,27,27,27,47,36],"gold":105,"neow_bonus":"TWO_FIFTY_GOLD","is_prod":false,"is_daily":false,"chose_seed":false,"campfire_upgraded":6,"win_rate":0,"timestamp":1560270974,"path_taken":["M","M","$","M","M","E","?","E","T","M","M","R","?","$","R","BOSS","M","$","?","?","?","R","E","?","T","R","E","M","?","M","R","BOSS","M","?","?","M","$","R","M","R","T","R","E","R","M","M","R","BOSS"],"build_version":"2019-06-07","purchased_purges":3,"victory":true,"max_hp_per_floor":[75,75,75,75,75,75,85,85,85,85,85,85,85,85,85,85,85,85,85,85,85,85,85,85,42,42,42,42,42,42,42,42,42,42,42,42,47,47,47,47,47,47,47,47,47,47,47,47,47,47],"card_choices":[{"not_picked":["Turbo","Coolheaded"],"picked":"Ball Lightning","floor":1.0},{"not_picked":["Barrage","Rip and Tear"],"picked":"Rebound","floor":2.0},{"not_picked":["Stack","FTL"],"picked":"Ball Lightning","floor":4.0},{"not_picked":["Force Field","Blizzard"],"picked":"Go for the Eyes","floor":5.0},{"not_picked":["Turbo","Rip and Tear"],"picked":"Chill","floor":6.0},{"not_picked":["Rebound","Go for the Eyes"],"picked":"Leap","floor":8.0},{"not_picked":["Cold Snap","Recycle"],"picked":"Coolheaded","floor":10.0},{"not_picked":["Gash","Streamline"],"picked":"Static Discharge+1","floor":11.0},{"not_picked":["Skim","Hello World+1"],"picked":"Hyperbeam","floor":13.0},{"not_picked":["Machine Learning+1","Creative AI+1"],"picked":"Biased Cognition+1","floor":16.0},{"not_picked":["Scrape","Barrage"],"picked":"Turbo","floor":18},{"not_picked":["Steam","Steam Power"],"picked":"Beam Cell","floor":22},{"not_picked":["Scrape","Reprogram"],"picked":"Buffer+1","floor":24},{"not_picked":["White Noise","Ball Lightning","Tempest+1"],"picked":"SKIP","floor":28},{"not_picked":["Streamline","Steam"],"picked":"Leap","floor":29},{"not_picked":["Stack+1","Sweeping Beam"],"picked":"Loop+1","floor":31},{"not_picked":["Thunder Strike","Biased Cognition+1"],"picked":"Core Surge","floor":33},{"not_picked":["Compile Driver","Darkness","Go for the Eyes+1"],"picked":"SKIP","floor":35},{"not_picked":["Rebound+1","Barrage+1"],"picked":"Chaos+1","floor":38},{"not_picked":["Barrage","Conserve Battery+1"],"picked":"Melter+1","floor":41},{"not_picked":["Leap","Stack"],"picked":"Lockon","floor":45},{"not_picked":["Chill+1","Scrape+1"],"picked":"Go for the Eyes+1","floor":47},{"not_picked":["Heatsinks+1","Melter"],"picked":"Doom and Gloom+1","floor":48}],"player_experience":447332,"relics_obtained":[{"floor":6.0,"key":"The Courier"},{"floor":8.0,"key":"Kunai"},{"floor":9.0,"key":"Matryoshka"},{"floor":24,"key":"Pen Nib"},{"floor":26,"key":"Potion Belt"},{"floor":26,"key":"Oddly Smooth Stone"},{"floor":28,"key":"Meat on the Bone"},{"floor":30,"key":"Orichalcum"},{"floor":30,"key":"Tiny Chest"},{"floor":43,"key":"Regal Pillow"},{"floor":45,"key":"Art of War"}],"event_choices":[{"cards_removed":["Rebound"],"damage_healed":0.0,"max_hp_gain":0.0,"max_hp_loss":0.0,"gold_gain":0.0,"event_name":"WeMeetAgain","player_choice":"Gave Card","floor":7.0,"gold_loss":0.0,"damage_taken":0.0,"relics_obtained":["Pear"]},{"damage_healed":0,"gold_gain":0,"player_choice":"Paid Fearfully","damage_taken":0,"max_hp_gain":0,"max_hp_loss":0,"event_name":"Masked Bandits","floor":20,"gold_loss":29},{"damage_healed":0,"gold_gain":0,"cards_transformed":["Strike_B"],"player_choice":"Transformed","damage_taken":0,"max_hp_gain":0,"max_hp_loss":0,"event_name":"Transmorgrifier","floor":21,"gold_loss":0,"cards_obtained":["Streamline"]},{"damage_healed":0,"gold_gain":0,"player_choice":"Became a Ghost","damage_taken":0,"max_hp_gain":0,"max_hp_loss":43,"event_name":"Ghosts","floor":25,"gold_loss":0,"cards_obtained":["Ghostly","Ghostly","Ghostly","Ghostly","Ghostly"]},{"cards_removed":["Hello World"],"damage_healed":0,"gold_gain":0,"player_choice":"Removed Power","damage_taken":0,"max_hp_gain":0,"max_hp_loss":0,"event_name":"Falling","floor":36,"gold_loss":0},{"damage_healed":0,"gold_gain":0,"player_choice":"Bought 2 Potions","damage_taken":0,"max_hp_gain":0,"max_hp_loss":0,"event_name":"The Woman in Blue","floor":37,"gold_loss":0}],"is_beta":true,"boss_relics":[{"not_picked":["Tiny House","Coffee Dripper"],"picked":"White Beast Statue"},{"not_picked":["FrozenCore","Pandora\u0027s Box"],"picked":"Astrolabe"}],"items_purged_floors":[3,19,39],"is_endless":false,"potions_floor_spawned":[6,8,10,11,13,18,22,24,28,29,31,33,35,38,41,45,47,48],"ascension_level":5}