{"gold_per_floor":[110,35,53,73,86,86,101,101,101,132,132,161,161,161,161,261,261,274,274,287,300,19,19,44,44,44,58,8,8,8,39,39,139,139,151,51,65,78,78,78,90,90,90,90,117,117,117,128,128,128],"floor_reached":51,"playtime":4368,"items_purged":["Echo Form+1","Strike_B"],"score":1145,"play_id":"72664544-6d67-49fe-b069-fb446a6cfb88","local_time":"20180819182826","is_ascension_mode":true,"campfire_choices":[{"data":"Seek","floor":6,"key":"SMITH"},{"data":"Zap","floor":8,"key":"SMITH"},{"floor":11,"key":"REST"},{"data":"Dualcast","floor":13,"key":"SMITH"},{"floor":15,"key":"REST"},{"floor":23,"key":"REST"},{"floor":25,"key":"REST"},{"data":"Beam Cell","floor":32,"key":"SMITH"},{"data":"Go for the Eyes","floor":40,"key":"SMITH"},{"floor":42,"key":"REST"},{"data":"FTL","floor":44,"key":"SMITH"},{"data":"1","floor":46,"key":"LIFT"},{"data":"2","floor":49,"key":"LIFT"}],"neow_cost":"NONE","seed_source_timestamp":229472420489112,"circlet_count":0,"master_deck":["Strike_B+1","Strike_B+1","Defend_B+1","Defend_B+1","Zap+1","Dualcast+1","Seek+1","FTL+1","All For One+1","Scrape+1","Redo+1","Core Surge+1","Hologram+1","Hologram+1","Streamline+1","Go for the Eyes+1","Turbo+1","Beam Cell+1","Gash+1","Gash+1","Steam Power+1","Dramatic Entrance+1","Thinking Ahead+1","Impatience+1","Self Repair+1"],"relics":["Cracked Core","Toxic Egg 2","Whetstone","Ornamental Fan","Astrolabe","TheAbacus","Cables","Blue Candle","Ancient Tea Set","Busted Crown","Meat on the Bone","Girya","Mark of the Bloom"],"potions_floor_usage":[10,16,24,33,45,50,50],"damage_taken":[{"damage":0,"enemies":"2 Louse","floor":1,"turns":3},{"damage":1,"enemies":"Cultist","floor":3,"turns":3},{"damage":7,"enemies":"Small Slimes","floor":4,"turns":2},{"damage":9,"enemies":"Red Slaver","floor":5,"turns":3},{"damage":9,"enemies":"3 Louse","floor":7,"turns":2},{"damage":20,"enemies":"3 Sentries","floor":10,"turns":7},{"damage":16,"enemies":"Gremlin Nob","floor":12,"turns":3},{"damage":0,"enemies":"Slime Boss","floor":16,"turns":3},{"damage":3,"enemies":"Chosen","floor":18,"turns":3},{"damage":8,"enemies":"3 Byrds","floor":20,"turns":3},{"damage":17,"enemies":"Shelled Parasite and Fungi","floor":21,"turns":5},{"damage":30,"enemies":"Slavers","floor":24,"turns":5},{"damage":5,"enemies":"3 Cultists","floor":27,"turns":3},{"damage":0,"enemies":"Gremlin Leader","floor":31,"turns":4},{"damage":0,"enemies":"Automaton","floor":33,"turns":4},{"damage":25,"enemies":"3 Darklings","floor":35,"turns":3},{"damage":0,"enemies":"3 Shapes","floor":37,"turns":1},{"damage":0,"enemies":"Sphere and 2 Shapes","floor":38,"turns":3},{"damage":0,"enemies":"Flame Bruiser 2 Orb","floor":41,"turns":2},{"damage":0,"enemies":"Nemesis","floor":45,"turns":1},{"damage":0,"enemies":"4 Shapes","floor":48,"turns":3},{"damage":58,"enemies":"Awakened One","floor":50,"turns":8}],"seed_played":"-6397554826990102147","potions_obtained":[{"floor":3,"key":"SpeedPotion"},{"floor":4,"key":"LiquidBronze"},{"floor":10,"key":"SkillPotion"},{"floor":21,"key":"Poison Potion"},{"floor":24,"key":"EssenceOfSteel"},{"floor":30,"key":"Fire Potion"},{"floor":30,"key":"Strength Potion"},{"floor":30,"key":"Block Potion"},{"floor":41,"key":"Fire Potion"},{"floor":48,"key":"Ancient Potion"}],"is_trial":false,"path_per_floor":["M","$","M","M","M","R","M","R","T","E","R","E","R","?","R","B",null,"M","?","M","M","$","R","E","R","T","M","$","?","?","E","R","B",null,"M","$","M","M","?","R","M","R","T","R","E","R","?","M","R","B"],"character_chosen":"DEFECT","items_purchased":["All For One","TheAbacus","Gash"],"campfire_rested":5,"item_purchase_floors":[2,22,28],"current_hp_per_floor":[68,68,67,60,51,51,42,42,42,22,44,28,28,13,35,35,65,62,62,54,37,37,59,29,51,51,46,46,46,46,46,46,46,68,43,43,43,43,33,33,33,55,55,55,65,65,65,65,65,7],"gold":128,"neow_bonus":"ONE_RANDOM_RARE_CARD","is_prod":false,"is_daily":false,"chose_seed":false,"campfire_upgraded":6,"win_rate":0,"timestamp":1534728506,"path_taken":["M","$","M","M","M","R","M","R","T","E","R","E","R","?","R","BOSS","M","?","M","?","$","R","E","R","T","M","$","?","?","E","R","BOSS","M","$","M","M","?","R","M","R","T","R","E","R","?","M","R","BOSS"],"build_version":"2018-08-16","purchased_purges":2,"victory":true,"max_hp_per_floor":[75,75,75,75,75,75,75,75,75,75,75,75,75,75,75,75,75,75,75,75,75,75,75,75,75,75,75,75,75,75,75,75,75,75,75,75,75,75,75,75,75,75,75,75,75,75,75,75,75,75],"card_choices":[{"not_picked":["Go for the Eyes","Stack"],"picked":"FTL","floor":1},{"not_picked":["Rebound","Stack","Ball Lightning"],"picked":"SKIP","floor":3},{"not_picked":["Rebound","Lockon"],"picked":"Scrape","floor":4},{"not_picked":["Sweeping Beam","Cold Snap","Conserve Battery"],"picked":"SKIP","floor":5},{"not_picked":["Conserve Battery","Meteor Strike","Stack"],"picked":"SKIP","floor":7},{"not_picked":["Barrage","Ball Lightning","Reinforced Body+1"],"picked":"SKIP","floor":10},{"not_picked":["Chaos+1","Force Field+1"],"picked":"Redo+1","floor":12},{"not_picked":["Amplify+1","Creative AI"],"picked":"Core Surge","floor":16},{"not_picked":["Barrage","Stack+1"],"picked":"Streamline","floor":18},{"not_picked":["Leap+1","Rebound"],"picked":"Go for the Eyes","floor":20},{"not_picked":["Hologram+1","Compile Driver"],"picked":"Turbo+1","floor":21},{"not_picked":["Core Surge","Ball Lightning"],"picked":"Beam Cell","floor":24},{"not_picked":["Hologram+1","Beam Cell"],"picked":"Gash","floor":27},{"not_picked":["Stack+1","Hologram+1"],"picked":"Steam Power+1","floor":31},{"not_picked":["Rebound"],"picked":"SKIP","floor":35},{"not_picked":["Darkness+1"],"picked":"SKIP","floor":37},{"not_picked":["Compile Driver"],"picked":"SKIP","floor":38},{"not_picked":[],"picked":"Dramatic Entrance","floor":39},{"not_picked":[],"picked":"Thinking Ahead+1","floor":39},{"not_picked":[],"picked":"Impatience+1","floor":39},{"not_picked":[],"picked":"Self Repair+1","floor":41},{"not_picked":["Static Discharge"],"picked":"SKIP","floor":45},{"not_picked":["Cold Snap+1"],"picked":"SKIP","floor":48}],"player_experience":682763,"relics_obtained":[{"floor":9,"key":"Toxic Egg 2"},{"floor":10,"key":"Whetstone"},{"floor":12,"key":"Ornamental Fan"},{"floor":24,"key":"Cables"},{"floor":26,"key":"Blue Candle"},{"floor":31,"key":"Ancient Tea Set"},{"floor":43,"key":"Meat on the Bone"},{"floor":45,"key":"Girya"}],"event_choices":[{"event_name":"Shining Light","player_choice":"Entered Light","floor":14,"damage_taken":0},{"event_name":"Ghosts","player_choice":"Ignored","floor":19,"damage_taken":0},{"event_name":"Cursed Tome","player_choice":"Ignored","floor":29,"damage_taken":0},{"event_name":"The Lab","player_choice":"Got Potions","floor":30,"damage_taken":0},{"event_name":"SensoryStone","player_choice":"Memory 3","floor":39,"damage_taken":0},{"event_name":"MindBloom","player_choice":"Upgrade","floor":47,"damage_taken":0}],"is_beta":false,"boss_relics":[{"not_picked":["Calling Bell","Philosopher\u0027s Stone"],"picked":"Astrolabe"},{"not_picked":["Pandora\u0027s Box","Lizard Tail"],"picked":"Busted Crown"}],"items_purged_floors":[22,36],"is_endless":false,"potions_floor_spawned":[3,4,10,21,24,31,41,48],"ascension_level":7}