{"gold_per_floor":[113,132,143,45,55,88,88,119,146,163,163,177,177,203,203,300,300,319,319,234,254,154,154,164,196,196,222,240,240,240,115,115,115],"floor_reached":33,"playtime":1544,"items_purged":["Defend_R","Defend_R","Strike_R"],"score":479,"play_id":"9b918fc2-69bd-4b44-a658-85726acf38be","local_time":"20180815143725","is_ascension_mode":true,"campfire_choices":[{"data":"Heavy Blade","floor":7,"key":"SMITH"},{"floor":13,"key":"REST"},{"data":"Armaments","floor":15,"key":"SMITH"},{"data":"Offering","floor":23,"key":"SMITH"},{"data":"Metallicize","floor":30,"key":"PURGE"},{"data":"Strike_R","floor":32,"key":"PURGE"}],"neow_cost":"PERCENT_DAMAGE","seed_source_timestamp":78496986671406,"circlet_count":0,"master_deck":["Strike_R","Strike_R","Bash","Spot Weakness","Fire Breathing","Clash","Spot Weakness","Heavy Blade+1","Armaments+1","Twin Strike","Offering+1","Flex","Heavy Blade","Clash+1","Warcry+1"],"relics":["Burning Blood","Pen Nib","Lantern","Bronze Scales","Juzu Bracelet","Runic Dome","Red Skull","Peace Pipe","Singing Bowl","Bottled Lightning"],"potions_floor_usage":[6,6,33],"damage_taken":[{"damage":0,"enemies":"Small Slimes","floor":1,"turns":4},{"damage":1,"enemies":"Cultist","floor":2,"turns":3},{"damage":1,"enemies":"2 Louse","floor":3,"turns":3},{"damage":18,"enemies":"Large Slime","floor":5,"turns":2},{"damage":35,"enemies":"Lagavulin","floor":6,"turns":5},{"damage":21,"enemies":"Gremlin Nob","floor":8,"turns":4},{"damage":6,"enemies":"Looter","floor":10,"turns":2},{"damage":8,"enemies":"Blue Slaver","floor":12,"turns":2},{"damage":15,"enemies":"3 Sentries","floor":14,"turns":6},{"damage":19,"enemies":"Hexaghost","floor":16,"turns":7},{"damage":13,"enemies":"Chosen","floor":18,"turns":2},{"damage":12,"enemies":"2 Thieves","floor":21,"turns":2},{"damage":16,"enemies":"Snecko","floor":24,"turns":3},{"damage":6,"enemies":"Book of Stabbing","floor":25,"turns":1},{"damage":22,"enemies":"Slavers","floor":27,"turns":3},{"damage":6,"enemies":"Sentry and Sphere","floor":28,"turns":1},{"damage":37,"enemies":"Automaton","floor":33,"turns":4}],"seed_played":"807983526732061660","potions_obtained":[{"floor":2,"key":"FearPotion"},{"floor":3,"key":"Dexterity Potion"},{"floor":5,"key":"Regen Potion"},{"floor":10,"key":"Weak Potion"},{"floor":12,"key":"SpeedPotion"},{"floor":16,"key":"Block Potion"}],"is_trial":false,"path_per_floor":["M","M","M","$","M","E","R","E","T","M","?","M","R","E","R","B",null,"M","?","?","M","$","R","M","E","T","E","M","?","R","$","R"],"character_chosen":"IRONCLAD","items_purchased":["Heavy Blade"],"campfire_rested":1,"item_purchase_floors":[4],"current_hp_per_floor":[57,62,67,67,55,40,40,25,25,25,25,23,47,38,38,25,66,59,59,59,53,53,53,43,43,43,29,31,31,31,31,31,0],"gold":115,"neow_bonus":"TRANSFORM_TWO_CARDS","is_prod":false,"is_daily":false,"chose_seed":false,"campfire_upgraded":3,"win_rate":0,"timestamp":1534369045,"path_taken":["M","M","M","$","M","E","R","E","T","M","?","M","R","E","R","BOSS","M","?","?","M","$","R","M","E","T","E","M","?","R","$","R","BOSS"],"build_version":"2018-08-09","purchased_purges":3,"victory":false,"max_hp_per_floor":[80,80,80,80,80,80,80,80,80,80,80,80,80,80,80,80,80,80,80,80,80,80,80,80,80,80,82,84,84,84,84,84,84],"card_choices":[{"not_picked":["Iron Wave","Pommel Strike","Shrug It Off"],"picked":"SKIP","floor":1},{"not_picked":["Clothesline","Wild Strike"],"picked":"Clash","floor":2},{"not_picked":["Clothesline","Combust"],"picked":"Spot Weakness","floor":3},{"not_picked":["Intimidate","Power Through","Impervious"],"picked":"SKIP","floor":5},{"not_picked":["Whirlwind","Uppercut","Headbutt"],"picked":"SKIP","floor":6},{"not_picked":["Sentinel","Twin Strike"],"picked":"Armaments","floor":8},{"not_picked":["Anger","Warcry"],"picked":"Twin Strike","floor":10},{"not_picked":["Clothesline","Reckless Charge","Intimidate"],"picked":"SKIP","floor":12},{"not_picked":["Uppercut","Ghostly Armor","Juggernaut"],"picked":"SKIP","floor":14},{"not_picked":["Feed","Fiend Fire"],"picked":"Offering","floor":16},{"not_picked":["Perfected Strike","Searing Blow"],"picked":"Flex","floor":18},{"not_picked":["Iron Wave+1","Clothesline"],"picked":"Heavy Blade","floor":21},{"not_picked":["Evolve","Clothesline"],"picked":"Clash+1","floor":24},{"not_picked":["Anger+1","Infernal Blade"],"picked":"Warcry+1","floor":25},{"not_picked":["Perfected Strike","Anger","Bludgeon"],"picked":"Singing Bowl","floor":27},{"not_picked":["Pommel Strike","Cleave","Body Slam+1"],"picked":"Singing Bowl","floor":28}],"player_experience":648672,"relics_obtained":[{"floor":6,"key":"Pen Nib"},{"floor":8,"key":"Lantern"},{"floor":9,"key":"Bronze Scales"},{"floor":14,"key":"Juzu Bracelet"},{"floor":25,"key":"Peace Pipe"},{"floor":26,"key":"Singing Bowl"},{"floor":27,"key":"Bottled Lightning"}],"event_choices":[{"event_name":"The Woman in Blue","player_choice":"Bought 0 Potions","floor":11,"damage_taken":0},{"event_name":"Vampires","player_choice":"Ignored","floor":19,"damage_taken":0},{"event_name":"Addict","player_choice":"Obtained Relic","floor":20,"damage_taken":0},{"event_name":"Transmorgrifier","player_choice":"Transform","floor":29,"damage_taken":0}],"is_beta":false,"boss_relics":[{"not_picked":["Pandora\u0027s Box","Velvet Choker"],"picked":"Runic Dome"}],"items_purged_floors":[4,22,31],"is_endless":false,"potions_floor_spawned":[2,3,5,10,12,16,18,27],"killed_by":"Automaton","ascension_level":7}