{"gold_per_floor":[114,129,144,154,329,329,31,50,50,62,93,134,104,116],"floor_reached":14,"playtime":795,"items_purged":["Doubt"],"score":133,"play_id":"2ef96913-969d-4f6f-b856-801ffaf63bed","local_time":"20180904122451","is_ascension_mode":true,"campfire_choices":[{"data":"Creative AI","floor":6,"key":"SMITH"}],"neow_cost":"NONE","seed_source_timestamp":693750327641981,"circlet_count":0,"master_deck":["Strike_B","Strike_B","Strike_B","Strike_B","Defend_B","Defend_B","Defend_B","Defend_B","Zap+1","Dualcast","Creative AI+1","Genetic Algorithm","Fusion+1","Sunder","Conserve Battery","Hyperbeam"],"relics":["Cracked Core","War Paint","MawBank","Juzu Bracelet"],"potions_floor_usage":[8,11,12],"damage_taken":[{"damage":1,"enemies":"Cultist","floor":1,"turns":3},{"damage":7,"enemies":"Jaw Worm","floor":2,"turns":3},{"damage":1,"enemies":"2 Louse","floor":3,"turns":3},{"damage":26,"enemies":"2 Fungi Beasts","floor":4,"turns":5},{"damage":8,"enemies":"Exordium Wildlife","floor":8,"turns":4},{"damage":13,"enemies":"Large Slime","floor":11,"turns":5},{"damage":20,"enemies":"Gremlin Nob","floor":12,"turns":5},{"damage":8,"enemies":"Lagavulin","floor":14,"turns":4}],"seed_played":"-1919431945974536206","potions_obtained":[{"floor":2,"key":"Weak Potion"},{"floor":4,"key":"Block Potion"},{"floor":8,"key":"Regen Potion"},{"floor":11,"key":"LiquidBronze"}],"is_trial":false,"path_per_floor":["M","M","M","M","?","R","$","M","T","?","M","E","?"],"character_chosen":"DEFECT","items_purchased":["Sunder","War Paint"],"campfire_rested":0,"item_purchase_floors":[7,7],"current_hp_per_floor":[67,60,59,33,33,33,33,25,25,25,26,6,6,0],"gold":116,"neow_bonus":"ONE_RANDOM_RARE_CARD","is_prod":false,"is_daily":false,"chose_seed":false,"campfire_upgraded":1,"win_rate":0,"timestamp":1536089091,"path_taken":["M","M","?","?","?","R","$","M","T","?","M","E","?","E"],"build_version":"2018-08-30","purchased_purges":1,"victory":false,"max_hp_per_floor":[75,75,75,75,75,75,75,75,75,75,75,75,75,75],"card_choices":[{"not_picked":["Beam Cell","Rebound","Compile Driver"],"picked":"SKIP","floor":1},{"not_picked":["Beam Cell","Gash"],"picked":"Genetic Algorithm","floor":2},{"not_picked":["Hello World","Glacier"],"picked":"Fusion","floor":3},{"not_picked":["Streamline","Beam Cell","Compile Driver"],"picked":"SKIP","floor":4},{"not_picked":["Rip and Tear","Rainbow","Stack"],"picked":"SKIP","floor":8},{"not_picked":["Sweeping Beam","Steam"],"picked":"Conserve Battery","floor":11},{"not_picked":["Conserve Battery","Redo"],"picked":"Hyperbeam","floor":12}],"player_experience":755766,"relics_obtained":[{"floor":9,"key":"MawBank"},{"floor":12,"key":"Juzu Bracelet"}],"event_choices":[{"event_name":"Liars Game","player_choice":"agreed","floor":5,"damage_taken":0},{"event_name":"Shining Light","player_choice":"Ignored","floor":10,"damage_taken":0},{"event_name":"World of Goop","player_choice":"Left","floor":13,"damage_taken":0}],"is_beta":false,"boss_relics":[],"items_purged_floors":[7],"is_endless":false,"potions_floor_spawned":[2,4,8,11],"killed_by":"Lagavulin","ascension_level":9}