{"gold_per_floor":[112,123,123,123,48,76,76,86,86,98,127,153,177,239,251,366,378,403,155,155,230,230],"floor_reached":22,"playtime":3104,"items_purged":["Strike_R","Strike_R"],"score":184,"play_id":"9247ddef-111b-4bf1-8194-58611a3ea145","local_time":"20190425174936","is_ascension_mode":false,"campfire_choices":[{"data":"Body Slam","floor":10,"key":"SMITH"},{"floor":15,"key":"REST"}],"neow_cost":"NONE","seed_source_timestamp":426310168811190,"circlet_count":0,"master_deck":["Strike_R","Strike_R","Defend_R","Defend_R","Defend_R","Defend_R","Bash","Body Slam+1"],"relics":["Burning Blood","Anchor","Matryoshka","Regal Pillow","MawBank","Smiling Mask","Art of War","White Beast Statue","Medical Kit"],"potions_floor_usage":[16,16,18,22],"damage_taken":[{"damage":2,"enemies":"Small Slimes","floor":1,"turns":3},{"damage":2,"enemies":"2 Louse","floor":2,"turns":3},{"damage":72,"enemies":"Lagavulin","floor":6,"turns":10},{"damage":5,"enemies":"Cultist","floor":8,"turns":4},{"damage":0,"enemies":"Exordium Wildlife","floor":11,"turns":4},{"damage":7,"enemies":"Lots of Slimes","floor":12,"turns":6},{"damage":0,"enemies":"3 Louse","floor":13,"turns":2},{"damage":72,"enemies":"The Guardian","floor":16,"turns":15},{"damage":67,"enemies":"3 Byrds","floor":18,"turns":10},{"damage":12,"enemies":"Shell Parasite","floor":22,"turns":6}],"seed_played":"-3095028147227947546","potions_obtained":[{"floor":12,"key":"Regen Potion"},{"floor":13,"key":"FearPotion"},{"floor":16,"key":"Block Potion"},{"floor":18,"key":"Swift Potion"}],"is_trial":false,"path_per_floor":["M","M","?","?","$","E","?","M","T","R","M","M","M","T","R","B",null,"M","$","?","?","M"],"character_chosen":"IRONCLAD","items_purchased":["Medical Kit"],"campfire_rested":1,"item_purchase_floors":[19],"current_hp_per_floor":[80,80,80,73,73,7,7,8,8,8,14,13,19,19,58,7,80,19,19,19,11,0],"gold":230,"neow_bonus":"RANDOM_COMMON_RELIC","is_prod":false,"is_daily":false,"chose_seed":false,"campfire_upgraded":1,"win_rate":0,"timestamp":1556207376,"path_taken":["M","M","?","?","$","E","?","M","T","R","M","M","M","?","R","BOSS","M","$","?","?","?"],"build_version":"2019-04-23","purchased_purges":2,"victory":false,"max_hp_per_floor":[80,80,80,80,80,80,80,80,80,80,80,80,80,80,80,80,80,80,80,80,80,80],"card_choices":[{"not_picked":["Twin Strike","Sword Boomerang","Flame Barrier"],"picked":"SKIP","floor":1},{"not_picked":["Power Through","Warcry"],"picked":"Body Slam","floor":2},{"not_picked":["Bludgeon","Infernal Blade","Feel No Pain"],"picked":"SKIP","floor":6},{"not_picked":["Sever Soul","True Grit","Entrench"],"picked":"SKIP","floor":8},{"not_picked":["Iron Wave","Anger","Second Wind"],"picked":"SKIP","floor":11},{"not_picked":["True Grit","Cleave","Anger"],"picked":"SKIP","floor":12},{"not_picked":["Perfected Strike","Immolate","Warcry"],"picked":"SKIP","floor":13},{"not_picked":["Sword Boomerang","Wild Strike+1","Infernal Blade"],"picked":"SKIP","floor":18}],"player_experience":339293,"relics_obtained":[{"floor":6,"key":"Matryoshka"},{"floor":9,"key":"Regal Pillow"},{"floor":9,"key":"MawBank"},{"floor":14,"key":"Smiling Mask"},{"floor":14,"key":"Art of War"}],"event_choices":[{"damage_healed":0,"gold_gain":0,"player_choice":"Ignored","damage_taken":0,"max_hp_gain":0,"max_hp_loss":0,"event_name":"Liars Game","floor":3,"gold_loss":0},{"cards_removed":["Strike_R"],"damage_healed":0,"gold_gain":0,"player_choice":"Card Removal","damage_taken":7,"max_hp_gain":0,"max_hp_loss":0,"event_name":"Golden Wing","floor":4,"gold_loss":0},{"damage_healed":0,"gold_gain":0,"player_choice":"Ignored","damage_taken":0,"max_hp_gain":0,"max_hp_loss":0,"event_name":"Shining Light","floor":7,"gold_loss":0},{"damage_healed":0,"gold_gain":0,"player_choice":"Ignored","damage_taken":0,"max_hp_gain":0,"max_hp_loss":0,"event_name":"Ghosts","floor":20,"gold_loss":0},{"damage_healed":0,"gold_gain":75,"player_choice":"Touch","damage_taken":8,"max_hp_gain":0,"max_hp_loss":0,"event_name":"FaceTrader","floor":21,"gold_loss":0}],"is_beta":true,"boss_relics":[{"not_picked":["Black Star","Mark of Pain"],"picked":"White Beast Statue"}],"items_purged_floors":[5,19],"is_endless":false,"potions_floor_spawned":[12,13,16,18],"killed_by":"Shell Parasite","ascension_level":0}