{"gold_per_floor":[117,131,131,147,4,33,33,46,46,46,64,94,94,94,94,192,192,211,245,145,145,158,158],"floor_reached":23,"playtime":1398,"items_purged":["Strike_B","Zap"],"score":398,"play_id":"236e8ebf-9247-4e45-8fea-7424f1dc68a2","local_time":"20181012115324","is_ascension_mode":true,"campfire_choices":[{"floor":7,"key":"REST"},{"floor":10,"key":"REST"},{"floor":13,"key":"REST"},{"data":"Scrape","floor":15,"key":"SMITH"}],"neow_cost":"NONE","seed_source_timestamp":1707233931991738,"circlet_count":0,"master_deck":["Strike_B","Strike_B","Strike_B","Defend_B","Defend_B","Defend_B","Dualcast","AscendersBane","Gash","Sweeping Beam","Scrape+1","Gash","Turbo","FTL","Gash","Skim","Machine Learning","Beam Cell","Hologram","Go for the Eyes","Go for the Eyes","Turbo","Steam Power","Beam Cell","Beam Cell"],"relics":["Sozu","Sundial","FossilizedHelix","Torii","Orrery","Red Mask"],"potions_floor_usage":[],"damage_taken":[{"damage":11,"enemies":"Small Slimes","floor":1,"turns":3},{"damage":0,"enemies":"Cultist","floor":2,"turns":4},{"damage":7,"enemies":"2 Louse","floor":4,"turns":3},{"damage":35,"enemies":"3 Sentries","floor":6,"turns":7},{"damage":16,"enemies":"Exordium Wildlife","floor":8,"turns":3},{"damage":9,"enemies":"2 Fungi Beasts","floor":11,"turns":3},{"damage":10,"enemies":"Lagavulin","floor":12,"turns":6},{"damage":0,"enemies":"Slime Boss","floor":16,"turns":5},{"damage":0,"enemies":"Spheric Guardian","floor":18,"turns":3},{"damage":17,"enemies":"Masked Bandits","floor":19,"turns":4},{"damage":1,"enemies":"Chosen","floor":22,"turns":3},{"damage":44,"enemies":"Gremlin Leader","floor":23,"turns":5}],"seed_played":"-7890080184874473838","potions_obtained":[],"is_trial":false,"path_per_floor":["M","M","?","M","$","E","R","M","T","R","M","E","R","?","R","B",null,"M","?","$","?","M"],"character_chosen":"DEFECT","items_purchased":["Gash","Turbo"],"campfire_rested":3,"item_purchase_floors":[5,5],"current_hp_per_floor":[57,57,57,50,50,15,37,21,21,43,34,24,46,46,46,46,68,68,51,51,37,36,0],"gold":158,"neow_bonus":"BOSS_RELIC","is_prod":false,"is_daily":false,"chose_seed":false,"campfire_upgraded":1,"win_rate":0,"timestamp":1539370404,"path_taken":["M","M","?","M","$","E","R","M","T","R","M","E","R","?","R","BOSS","M","?","$","?","M","E"],"build_version":"2018-10-11","purchased_purges":2,"victory":false,"max_hp_per_floor":[75,75,75,75,75,75,75,75,75,75,75,75,75,75,75,75,75,75,75,75,80,80,80],"card_choices":[{"not_picked":["Cold Snap","Turbo"],"picked":"Gash","floor":1},{"not_picked":["Cold Snap","Conserve Battery"],"picked":"Sweeping Beam","floor":2},{"not_picked":["Aggregate","Ball Lightning"],"picked":"Scrape","floor":4},{"not_picked":["Sweeping Beam","Leap"],"picked":"FTL","floor":6},{"not_picked":["Cold Snap","Hello World","Undo"],"picked":"SKIP","floor":8},{"not_picked":["Cold Snap","Fusion"],"picked":"Gash","floor":11},{"not_picked":["Sweeping Beam","Core Surge"],"picked":"Skim","floor":12},{"not_picked":["Thunder Strike","Electrodynamics"],"picked":"Machine Learning","floor":16},{"not_picked":["Cold Snap","Rip and Tear"],"picked":"Beam Cell","floor":17},{"not_picked":["Sweeping Beam","Coolheaded"],"picked":"Hologram","floor":17},{"not_picked":["Static Discharge","Stack"],"picked":"Go for the Eyes","floor":17},{"not_picked":["Thunder Strike","Storm"],"picked":"Go for the Eyes","floor":17},{"not_picked":["Barrage","Cold Snap"],"picked":"Turbo","floor":17},{"not_picked":["Force Field","Hologram"],"picked":"Steam Power","floor":18},{"not_picked":["Coolheaded","Sunder"],"picked":"Beam Cell","floor":19},{"not_picked":["Compile Driver","Turbo"],"picked":"Beam Cell","floor":22}],"player_experience":874882,"relics_obtained":[{"floor":6,"key":"Sundial"},{"floor":9,"key":"FossilizedHelix"},{"floor":12,"key":"Torii"},{"floor":19,"key":"Red Mask"}],"event_choices":[{"event_name":"The Woman in Blue","player_choice":"Bought 0 Potions","floor":3,"damage_taken":0},{"event_name":"Wheel of Change","player_choice":"Card Removal","floor":14,"damage_taken":0},{"event_name":"Masked Bandits","player_choice":"Fought Bandits","floor":19,"damage_taken":0},{"event_name":"Forgotten Altar","player_choice":"Shed Blood","floor":21,"damage_taken":0}],"is_beta":false,"boss_relics":[{"not_picked":["Eternal Feather","Cursed Key"],"picked":"Orrery"}],"items_purged_floors":[5,20],"is_endless":false,"potions_floor_spawned":[6,11,12,18,19],"killed_by":"Gremlin Leader","ascension_level":12}