{"gold_per_floor":[117,136,156,169,180,180,196,196,223,241,255,255,49,49,49,49],"floor_reached":16,"playtime":627,"items_purged":[],"score":96,"play_id":"313a8562-3df1-40c3-b47f-7caaea057610","local_time":"20181118121306","is_ascension_mode":false,"campfire_choices":[{"data":"Beam Cell","floor":6,"key":"SMITH"},{"data":"FTL","floor":8,"key":"SMITH"},{"data":"Go for the Eyes","floor":12,"key":"SMITH"},{"floor":15,"key":"REST"}],"neow_cost":"TEN_PERCENT_HP_LOSS","seed_source_timestamp":115440785749655,"circlet_count":0,"master_deck":["Strike_B","Strike_B","Strike_B","Strike_B","Defend_B","Defend_B","Defend_B+1","Defend_B","Zap+1","Dualcast","FTL+1","Go for the Eyes+1","Beam Cell+1"],"relics":["Cracked Core","Du-Vu Doll","War Paint","Strange Spoon"],"potions_floor_usage":[],"damage_taken":[{"damage":1,"enemies":"Cultist","floor":1,"turns":3},{"damage":6,"enemies":"Small Slimes","floor":2,"turns":2},{"damage":1,"enemies":"Jaw Worm","floor":3,"turns":3},{"damage":2,"enemies":"Looter","floor":4,"turns":3},{"damage":0,"enemies":"Large Slime","floor":5,"turns":5},{"damage":16,"enemies":"Gremlin Gang","floor":7,"turns":4},{"damage":5,"enemies":"Exordium Thugs","floor":10,"turns":4},{"damage":5,"enemies":"3 Louse","floor":11,"turns":3},{"damage":0,"enemies":"Hexaghost","floor":16,"turns":1}],"seed_played":"2917121819638000697","potions_obtained":[{"floor":1,"key":"SkillPotion"},{"floor":2,"key":"Block Potion"},{"floor":4,"key":"Dexterity Potion"},{"floor":7,"key":"FairyPotion"}],"is_trial":false,"path_per_floor":["M","M","M","M","M","R","M","R","T","M","M","R","$","?","R","B"],"character_chosen":"DEFECT","items_purchased":["Strange Spoon"],"campfire_rested":1,"item_purchase_floors":[13],"current_hp_per_floor":[67,61,60,58,58,58,42,42,42,37,32,32,32,32,52,52],"gold":49,"neow_bonus":"ONE_RARE_RELIC","is_prod":false,"is_daily":false,"chose_seed":false,"campfire_upgraded":3,"win_rate":0,"timestamp":1542571986,"path_taken":["M","M","?","M","M","R","M","R","T","M","M","R","$","?","R","BOSS"],"build_version":"2018-11-15","purchased_purges":0,"victory":false,"max_hp_per_floor":[68,68,68,68,68,68,68,68,68,68,68,68,68,68,68,68],"card_choices":[{"not_picked":["Recycle","Hologram"],"picked":"FTL","floor":1},{"not_picked":["Cold Snap","Sunder"],"picked":"Go for the Eyes","floor":2},{"not_picked":["Recycle","Rebound"],"picked":"Beam Cell","floor":3},{"not_picked":["Redo","Skim","White Noise"],"picked":"SKIP","floor":4},{"not_picked":["Consume","Auto Shields","Stack"],"picked":"SKIP","floor":5},{"not_picked":["Recycle","Turbo","Compile Driver"],"picked":"SKIP","floor":7},{"not_picked":["Chill","Redo","Conserve Battery"],"picked":"SKIP","floor":10},{"not_picked":["Conserve Battery","Turbo","Reboot"],"picked":"SKIP","floor":11}],"player_experience":997259,"relics_obtained":[{"floor":9,"key":"War Paint"}],"event_choices":[{"damage_healed":0,"gold_gain":0,"player_choice":"Ignored","damage_taken":0,"max_hp_gain":0,"max_hp_loss":0,"event_name":"Golden Idol","floor":14,"gold_loss":0}],"is_beta":false,"boss_relics":[],"items_purged_floors":[],"is_endless":false,"potions_floor_spawned":[1,2,4,7,11],"killed_by":"Hexaghost","ascension_level":0}