{"gold_per_floor":[115,115,130,141,155,155,155,155,178,212,226,104,104,125,125,245,245,266,9,25,41,56,56,75,75,75,75,75,0,0,15,15,15],"floor_reached":33,"playtime":1808,"items_purged":["Injury","Strike_B"],"score":423,"play_id":"98d3215e-92c6-488f-af90-49502b4561f5","local_time":"20180928230902","is_ascension_mode":true,"campfire_choices":[{"floor":6,"key":"REST"},{"floor":8,"key":"REST"},{"data":"Hologram","floor":13,"key":"SMITH"},{"data":"Self Repair","floor":15,"key":"SMITH"},{"floor":23,"key":"REST"},{"data":"Dualcast","floor":25,"key":"SMITH"},{"data":"Scrape","floor":28,"key":"SMITH"},{"data":"Hologram","floor":30,"key":"SMITH"},{"floor":32,"key":"REST"}],"neow_cost":"NONE","seed_source_timestamp":755940269028465,"circlet_count":0,"master_deck":["Strike_B","Strike_B","Defend_B","Defend_B","Zap+1","Dualcast+1","AscendersBane","Buffer+1","Streamline","Streamline","Gash","Self Repair+1","Hologram+1","Steam","Reboot","Gash","Flash of Steel","Hologram+1","Beam Cell","Scrape+1","Go for the Eyes"],"relics":["Cracked Core","Golden Idol","Strawberry","Vajra","Empty Cage","Pear"],"potions_floor_usage":[10,21,22,27,33,33],"damage_taken":[{"damage":8,"enemies":"2 Louse","floor":1,"turns":2},{"damage":7,"enemies":"Jaw Worm","floor":3,"turns":4},{"damage":3,"enemies":"Small Slimes","floor":4,"turns":3},{"damage":25,"enemies":"Gremlin Gang","floor":5,"turns":5},{"damage":12,"enemies":"Gremlin Nob","floor":10,"turns":5},{"damage":6,"enemies":"Looter","floor":11,"turns":2},{"damage":3,"enemies":"Exordium Wildlife","floor":14,"turns":4},{"damage":25,"enemies":"Slime Boss","floor":16,"turns":10},{"damage":34,"enemies":"Shell Parasite","floor":18,"turns":6},{"damage":0,"enemies":"Spheric Guardian","floor":20,"turns":3},{"damage":36,"enemies":"Centurion and Healer","floor":21,"turns":7},{"damage":15,"enemies":"Cultist and Chosen","floor":22,"turns":5},{"damage":16,"enemies":"Chosen and Byrds","floor":24,"turns":6},{"damage":20,"enemies":"Colosseum Slavers","floor":27,"turns":3},{"damage":24,"enemies":"Centurion and Healer","floor":31,"turns":5},{"damage":96,"enemies":"Automaton","floor":33,"turns":6}],"seed_played":"8986120460779147830","potions_obtained":[{"floor":3,"key":"EssenceOfSteel"},{"floor":14,"key":"Energy Potion"},{"floor":16,"key":"LiquidBronze"},{"floor":20,"key":"Weak Potion"},{"floor":21,"key":"Block Potion"},{"floor":24,"key":"LiquidBronze"},{"floor":31,"key":"Fruit Juice"}],"is_trial":false,"path_per_floor":["M","?","M","M","M","R","?","R","T","E","M","$","R","M","R","B",null,"M","$","M","M","M","R","M","R","T","?","R","?","R","M","R"],"character_chosen":"DEFECT","items_purchased":["Hologram","Gash","Flash of Steel"],"campfire_rested":4,"item_purchase_floors":[12,19,19],"current_hp_per_floor":[60,45,38,35,10,32,32,54,61,49,43,43,43,47,47,32,70,46,46,56,30,25,49,43,43,53,43,43,43,43,29,56,0],"gold":15,"neow_bonus":"ONE_RANDOM_RARE_CARD","is_prod":false,"is_daily":false,"chose_seed":false,"campfire_upgraded":5,"win_rate":0,"timestamp":1538201342,"path_taken":["M","?","M","M","M","R","?","R","T","E","M","$","R","?","R","BOSS","M","$","M","M","M","R","M","R","T","?","R","?","R","M","R","BOSS"],"build_version":"2018-09-27","purchased_purges":2,"victory":false,"max_hp_per_floor":[75,75,75,75,75,75,75,75,82,82,82,82,82,82,82,82,82,82,82,82,82,82,82,82,82,92,92,92,92,92,92,92,97],"card_choices":[{"not_picked":["Go for the Eyes","FTL"],"picked":"Streamline","floor":1},{"not_picked":["Steam","Sunder"],"picked":"Streamline","floor":3},{"not_picked":["Double Energy","Redo"],"picked":"Gash","floor":4},{"not_picked":["Compile Driver","Rebound","Leap"],"picked":"SKIP","floor":5},{"not_picked":["Rip and Tear","Stack","Leap"],"picked":"SKIP","floor":10},{"not_picked":["Darkness","Rebound"],"picked":"Self Repair","floor":11},{"not_picked":["Auto Shields","White Noise"],"picked":"Steam","floor":14},{"not_picked":["Amplify","Thunder Strike"],"picked":"Reboot","floor":16},{"not_picked":["Glacier","Rebound","Ball Lightning"],"picked":"SKIP","floor":18},{"not_picked":["Compile Driver","Melter"],"picked":"Hologram","floor":20},{"not_picked":["Meteor Strike","Undo"],"picked":"Beam Cell","floor":21},{"not_picked":["Barrage","Stack","Coolheaded"],"picked":"SKIP","floor":22},{"not_picked":["Compile Driver","BootSequence"],"picked":"Scrape","floor":24},{"not_picked":["Compile Driver+1","Electrodynamics"],"picked":"Go for the Eyes","floor":31}],"player_experience":856172,"relics_obtained":[{"floor":9,"key":"Strawberry"},{"floor":10,"key":"Vajra"},{"floor":26,"key":"Pear"}],"event_choices":[{"event_name":"Shining Light","player_choice":"Entered Light","floor":2,"damage_taken":0},{"event_name":"Golden Idol","player_choice":"Take Wound","floor":7,"damage_taken":0},{"event_name":"Colosseum","player_choice":"Fight","floor":27,"damage_taken":0},{"event_name":"Colosseum","player_choice":"Fled From Nobs","floor":27,"damage_taken":0},{"event_name":"Beggar","player_choice":"Gave Gold","floor":29,"damage_taken":0}],"is_beta":false,"boss_relics":[{"not_picked":["Inserter","Ectoplasm"],"picked":"Empty Cage"}],"items_purged_floors":[12,19],"is_endless":false,"potions_floor_spawned":[3,14,16,20,21,24,31],"killed_by":"Automaton","ascension_level":12}