{"gold_per_floor":[116,135,146,166,119,147,147,157,225,241,241,241],"floor_reached":12,"playtime":914,"items_purged":[],"score":82,"play_id":"a8d1b151-5300-40fe-9c00-1f6a88e45fe8","local_time":"20190212130902","is_ascension_mode":false,"campfire_choices":[{"floor":7,"key":"REST"},{"floor":11,"key":"REST"}],"neow_cost":"PERCENT_DAMAGE","seed_source_timestamp":224600423523281,"circlet_count":0,"master_deck":["Strike_B","Strike_B","Defend_B","Defend_B","Defend_B","Defend_B","Zap","Dualcast","Creative AI","White Noise","Melter","Rebound","Streamline","Skim"],"relics":["Cracked Core","Gambling Chip","Letter Opener"],"potions_floor_usage":[6],"damage_taken":[{"damage":3,"enemies":"Cultist","floor":1,"turns":5},{"damage":3,"enemies":"Jaw Worm","floor":2,"turns":5},{"damage":12,"enemies":"Small Slimes","floor":3,"turns":4},{"damage":9,"enemies":"Blue Slaver","floor":4,"turns":3},{"damage":24,"enemies":"Gremlin Nob","floor":6,"turns":4},{"damage":1,"enemies":"3 Louse","floor":8,"turns":2},{"damage":19,"enemies":"Gremlin Gang","floor":10,"turns":3},{"damage":35,"enemies":"3 Sentries","floor":12,"turns":4}],"seed_played":"2222587387571448374","potions_obtained":[{"floor":1,"key":"SkillPotion"},{"floor":8,"key":"SmokeBomb"}],"is_trial":false,"path_per_floor":["M","M","M","M","?","E","R","M","T","M","R","E"],"character_chosen":"DEFECT","items_purchased":[],"campfire_rested":2,"item_purchase_floors":[],"current_hp_per_floor":[51,48,36,27,27,3,25,24,24,5,27,0],"gold":241,"neow_bonus":"TRANSFORM_TWO_CARDS","is_prod":false,"is_daily":false,"chose_seed":false,"campfire_upgraded":0,"win_rate":0.0,"timestamp":1549973342,"path_taken":["M","M","M","M","?","E","R","M","T","M","R","E"],"build_version":"2019-02-06","purchased_purges":0,"victory":false,"max_hp_per_floor":[75,75,75,75,75,75,75,75,75,75,75,75],"card_choices":[{"not_picked":["BootSequence","Beam Cell","Stack"],"picked":"SKIP","floor":1},{"not_picked":["Redo","Beam Cell"],"picked":"Melter","floor":2},{"not_picked":["Undo","Hologram"],"picked":"Rebound","floor":3},{"not_picked":["Scrape","Hologram"],"picked":"Streamline","floor":4},{"not_picked":["Hello World","Stack"],"picked":"Skim","floor":6},{"not_picked":["Steam","Thunder Strike","Stack"],"picked":"SKIP","floor":8},{"not_picked":["Streamline","Cold Snap","Redo"],"picked":"SKIP","floor":10}],"player_experience":101986,"relics_obtained":[{"floor":6,"key":"Gambling Chip"},{"floor":9,"key":"Letter Opener"}],"event_choices":[{"damage_healed":0,"gold_gain":0,"player_choice":"Left Gold","damage_taken":0,"max_hp_gain":0,"max_hp_loss":0,"event_name":"World of Goop","floor":5,"gold_loss":47}],"is_beta":true,"boss_relics":[],"items_purged_floors":[],"is_endless":false,"potions_floor_spawned":[1,8],"killed_by":"3 Sentries","ascension_level":0}