{"gold_per_floor":[117,136,150,150,161,161,173,185,210,210,225,237,250,269,269,365,365,376,396,321,321,321,333,333],"floor_reached":24,"playtime":1944,"items_purged":[],"score":196,"play_id":"cba9c704-d569-4119-8738-0af9b2c024a6","local_time":"20190810101209","is_ascension_mode":false,"campfire_choices":[{"data":"Body Slam","floor":6,"key":"SMITH"},{"data":"Pommel Strike","floor":10,"key":"SMITH"},{"data":"Anger","floor":15,"key":"SMITH"}],"neow_cost":"NONE","seed_source_timestamp":580544486046100,"circlet_count":0,"master_deck":["Strike_R","Strike_R","Strike_R","Strike_R","Defend_R","Defend_R","Defend_R","Defend_R","Body Slam+1","Iron Wave","Pommel Strike+1","Headbutt","Demon Form+1","Iron Wave","Rage","Anger+1","Clash","Rage","Offering","Warcry","Demon Form","Armaments"],"relics":["Burning Blood","NeowsBlessing","Anchor","Sozu","Nilry\u0027s Codex"],"potions_floor_usage":[11,16,16,16],"damage_taken":[{"damage":0,"enemies":"Small Slimes","floor":1,"turns":1},{"damage":0,"enemies":"2 Louse","floor":2,"turns":1},{"damage":0,"enemies":"Cultist","floor":3,"turns":1},{"damage":39,"enemies":"Gremlin Gang","floor":5,"turns":7},{"damage":11,"enemies":"Large Slime","floor":7,"turns":10},{"damage":10,"enemies":"Looter","floor":8,"turns":3},{"damage":9,"enemies":"Blue Slaver","floor":11,"turns":3},{"damage":6,"enemies":"Lots of Slimes","floor":12,"turns":7},{"damage":4,"enemies":"Gremlin Gang","floor":13,"turns":4},{"damage":0,"enemies":"Red Slaver","floor":14,"turns":3},{"damage":17,"enemies":"Hexaghost","floor":16,"turns":7},{"damage":17,"enemies":"2 Thieves","floor":18,"turns":4},{"damage":11,"enemies":"Chosen","floor":19,"turns":5},{"damage":39,"enemies":"Snake Plant","floor":23,"turns":5},{"damage":28,"enemies":"Cultist and Chosen","floor":24,"turns":4}],"seed_played":"6398135916103584515","potions_obtained":[{"floor":2,"key":"Weak Potion"},{"floor":5,"key":"PowerPotion"},{"floor":8,"key":"BloodPotion"},{"floor":12,"key":"Weak Potion"}],"is_trial":false,"path_per_floor":["M","M","M","?","M","R","M","M","T","R","M","M","M","M","R","B",null,"M","M","?","?","?","M","M"],"character_chosen":"IRONCLAD","items_purchased":[],"campfire_rested":0,"item_purchase_floors":[],"current_hp_per_floor":[80,80,80,73,40,40,35,31,31,31,48,48,50,56,56,45,80,69,64,64,48,48,15,0],"gold":333,"neow_bonus":"THREE_ENEMY_KILL","is_prod":false,"is_daily":false,"chose_seed":false,"campfire_upgraded":3,"win_rate":0.0,"timestamp":1565403129,"path_taken":["M","M","M","?","M","R","M","M","T","R","M","M","M","M","R","BOSS","M","M","?","?","?","M","M"],"build_version":"2019-07-17","purchased_purges":0,"victory":false,"max_hp_per_floor":[80,80,80,80,80,80,80,80,80,80,80,80,80,80,80,80,80,80,80,80,80,80,80,80],"card_choices":[{"not_picked":["Perfected Strike","Clash"],"picked":"Body Slam","floor":1},{"not_picked":["Headbutt","Sword Boomerang"],"picked":"Iron Wave","floor":2},{"not_picked":["Disarm","Cleave"],"picked":"Pommel Strike","floor":3},{"not_picked":["Pommel Strike","Perfected Strike"],"picked":"Headbutt","floor":5},{"not_picked":["Heavy Blade","Combust"],"picked":"Demon Form","floor":7},{"not_picked":["Flex","Second Wind"],"picked":"Iron Wave","floor":8},{"not_picked":["Dual Wield","Clothesline"],"picked":"Rage","floor":11},{"not_picked":["True Grit","Iron Wave"],"picked":"Anger","floor":12},{"not_picked":["Inflame","Fire Breathing"],"picked":"Clash","floor":13},{"not_picked":["Searing Blow","Twin Strike"],"picked":"Rage","floor":14},{"not_picked":["Bludgeon","Brutality"],"picked":"Offering","floor":16},{"not_picked":["Headbutt","Sword Boomerang+1"],"picked":"Warcry","floor":18},{"not_picked":["Iron Wave","Warcry+1"],"picked":"Demon Form","floor":19},{"not_picked":["Perfected Strike","Warcry"],"picked":"Armaments","floor":23}],"player_experience":18657,"relics_obtained":[{"floor":9,"key":"Anchor"},{"floor":21,"key":"Nilry\u0027s Codex"}],"event_choices":[{"cards_removed":["Bash"],"damage_healed":0,"gold_gain":0,"player_choice":"Card Removal","damage_taken":7,"max_hp_gain":0,"max_hp_loss":0,"event_name":"Golden Wing","floor":4,"gold_loss":0},{"cards_removed":["Strike_R"],"damage_healed":0,"gold_gain":0,"player_choice":"Gave Gold","damage_taken":0,"max_hp_gain":0,"max_hp_loss":0,"event_name":"Beggar","floor":20,"gold_loss":75},{"damage_healed":0,"gold_gain":0,"player_choice":"Obtained Book","damage_taken":16,"max_hp_gain":0,"max_hp_loss":0,"event_name":"Cursed Tome","floor":21,"gold_loss":0},{"damage_healed":0,"gold_gain":0,"player_choice":"Upgraded","damage_taken":0,"max_hp_gain":0,"max_hp_loss":0,"event_name":"Upgrade Shrine","floor":22,"gold_loss":0,"cards_upgraded":["Demon Form"]}],"is_beta":false,"boss_relics":[{"not_picked":["Eternal Feather","Philosopher\u0027s Stone"],"picked":"Sozu"}],"items_purged_floors":[],"is_endless":false,"potions_floor_spawned":[2,5,8,12,13],"killed_by":"Cultist and Chosen","ascension_level":0}