{"gold_per_floor":[109,34,47,60,76,102,102,134,210,235,235,235,135,135,135,261,261,274,290,79,99,112,112,148,148,173,213,237,275,275,306,306,430,430,451,451,817,465,488,488,532,532,532,545,46,64,80,94,94,94],"floor_reached":51,"playtime":8222,"items_purged":["Strike_B","Defend_B","Defend_B","Zap","Conserve Battery"],"score":842,"play_id":"020bdca4-76ab-4a78-b36a-5401e0b23516","local_time":"20180813132726","is_ascension_mode":true,"campfire_choices":[{"data":"Genetic Algorithm","floor":7,"key":"SMITH"},{"data":"Coolheaded","floor":12,"key":"SMITH"},{"data":"Stack","floor":15,"key":"SMITH"},{"data":"Barrage","floor":23,"key":"SMITH"},{"data":"Barrage","floor":25,"key":"SMITH"},{"data":"White Noise","floor":30,"key":"SMITH"},{"data":"Cold Snap","floor":32,"key":"SMITH"},{"data":"Dualcast","floor":40,"key":"SMITH"},{"data":"Cold Snap","floor":49,"key":"SMITH"}],"neow_cost":"NONE","seed_source_timestamp":625384903618323,"circlet_count":0,"master_deck":["Dualcast+1","Cold Snap+1","Genetic Algorithm+1","Stack+1","Glacier","Coolheaded+1","Buffer+1","Barrage+1","Self Repair+1","Barrage+1","White Noise+1","Cold Snap","Machine Learning+1","Cold Snap+1","Barrage+1","Heatsinks+1","Storm+1","Redo+1","Coolheaded+1","Barrage+1","Cold Snap","Go for the Eyes+1","Static Discharge+1","Loop+1","Chill+1"],"relics":["Coffee Dripper","Meat on the Bone","Sundial","Frozen Egg 2","Omamori","Golden Idol","Velvet Choker","Strawberry","Pen Nib","Question Card","Toxic Egg 2","Red Mask","Pandora\u0027s Box","Old Coin","Medical Kit","Gremlin Horn","Shuriken","Regal Pillow","Mercury Hourglass"],"potions_floor_usage":[8,24,29,46,50],"damage_taken":[{"damage":0,"enemies":"2 Louse","floor":1,"turns":2},{"damage":0,"enemies":"Small Slimes","floor":3,"turns":4},{"damage":0,"enemies":"Cultist","floor":4,"turns":4},{"damage":0,"enemies":"2 Fungi Beasts","floor":5,"turns":4},{"damage":6,"enemies":"3 Sentries","floor":6,"turns":12},{"damage":16,"enemies":"Lagavulin","floor":8,"turns":9},{"damage":2,"enemies":"3 Sentries","floor":10,"turns":13},{"damage":47,"enemies":"Slime Boss","floor":16,"turns":26},{"damage":5,"enemies":"3 Byrds","floor":18,"turns":8},{"damage":0,"enemies":"Spheric Guardian","floor":19,"turns":8},{"damage":1,"enemies":"Chosen and Byrds","floor":21,"turns":9},{"damage":9,"enemies":"Centurion and Healer","floor":22,"turns":13},{"damage":0,"enemies":"Book of Stabbing","floor":24,"turns":8},{"damage":30,"enemies":"Slavers","floor":27,"turns":10},{"damage":4,"enemies":"Cultist and Chosen","floor":28,"turns":9},{"damage":20,"enemies":"Gremlin Leader","floor":29,"turns":7},{"damage":4,"floor":31,"turns":4},{"damage":27,"enemies":"Champ","floor":33,"turns":13},{"damage":0,"enemies":"Flame Bruiser 1 Orb","floor":35,"turns":6},{"damage":11,"floor":37,"turns":4},{"damage":3,"enemies":"Orb Walker","floor":39,"turns":3},{"damage":14,"enemies":"2 Orb Walkers","floor":41,"turns":4},{"damage":8,"enemies":"Spire Growth","floor":44,"turns":4},{"damage":0,"enemies":"Flame Bruiser 2 Orb","floor":46,"turns":3},{"damage":9,"enemies":"3 Darklings","floor":47,"turns":4},{"damage":0,"enemies":"Maw","floor":48,"turns":6},{"damage":43,"enemies":"Donu and Deca","floor":50,"turns":10}],"seed_played":"-5468685779388594837","potions_obtained":[{"floor":4,"key":"FairyPotion"},{"floor":5,"key":"SkillPotion"},{"floor":8,"key":"Weak Potion"},{"floor":22,"key":"Ancient Potion"},{"floor":24,"key":"Fire Potion"},{"floor":27,"key":"AttackPotion"},{"floor":29,"key":"Explosive Potion"},{"floor":41,"key":"Swift Potion"},{"floor":46,"key":"EssenceOfSteel"}],"is_trial":false,"path_per_floor":["M","$","M","M","M","E","R","E","T","E","?","R","$","?","R","B",null,"M","M","$","M","M","R","E","R","T","E","M","E","R","?","R","B",null,"M","?","?","$","M","R","E","?","T","M","$","M","M","M","R","B"],"character_chosen":"DEFECT","items_purchased":["Barrage","Self Repair+1","Medical Kit","Mercury Hourglass","Static Discharge+1"],"campfire_rested":0,"item_purchase_floors":[20,20,38,45,45],"current_hp_per_floor":[75,75,75,75,75,69,69,53,53,51,33,33,33,75,75,40,75,70,70,70,75,75,75,82,82,82,62,68,58,58,64,64,59,82,82,82,81,81,82,82,78,78,78,80,80,80,81,82,82,61],"gold":94,"neow_bonus":"BOSS_RELIC","is_prod":false,"is_daily":false,"chose_seed":false,"campfire_upgraded":9,"win_rate":0,"timestamp":1534192046,"path_taken":["M","$","M","M","M","E","R","E","T","E","?","R","$","?","R","BOSS","M","M","$","M","M","R","E","R","T","E","M","E","R","?","R","BOSS","M","?","?","$","M","R","E","?","T","M","$","M","M","?","R","BOSS"],"build_version":"2018-08-09","purchased_purges":5,"victory":true,"max_hp_per_floor":[75,75,75,75,75,75,75,75,75,75,75,75,75,75,75,75,75,75,75,75,75,75,75,82,82,82,82,82,82,82,82,82,82,82,82,82,82,82,82,82,82,82,82,82,82,82,82,82,82,82],"card_choices":[{"not_picked":["Ball Lightning","Leap"],"picked":"Cold Snap","floor":1},{"not_picked":["Redo","Turbo"],"picked":"Genetic Algorithm","floor":3},{"not_picked":["Ball Lightning","Storm"],"picked":"Stack","floor":4},{"not_picked":["Stack","Beam Cell"],"picked":"Conserve Battery","floor":5},{"not_picked":["Fission","Meteor Strike"],"picked":"Undo","floor":6},{"not_picked":["Conserve Battery","Barrage"],"picked":"Glacier","floor":8},{"not_picked":["Fusion","Rip and Tear"],"picked":"Coolheaded","floor":10},{"not_picked":["Electrodynamics+1","Fission"],"picked":"Buffer+1","floor":16},{"not_picked":["Aggregate","Hologram","Compile Driver"],"picked":"SKIP","floor":18},{"not_picked":["Streamline","Leap"],"picked":"Cold Snap","floor":19},{"not_picked":["All For One","Leap+1","Compile Driver"],"picked":"SKIP","floor":21},{"not_picked":["Compile Driver","Gash"],"picked":"Barrage","floor":22},{"not_picked":["Conserve Battery","Undo","Streamline+1"],"picked":"SKIP","floor":24},{"not_picked":["Redo","Recycle","Force Field+1"],"picked":"SKIP","floor":27},{"not_picked":["Aggregate","Static Discharge+1","Rebound+1"],"picked":"White Noise","floor":28},{"not_picked":["Hyperbeam","Beam Cell","Sunder","Biased Cognition+1"],"picked":"SKIP","floor":29},{"not_picked":["Steam+1","FTL","Beam Cell"],"picked":"Cold Snap","floor":31},{"not_picked":["Seek+1","Buffer+1","Thunder Strike"],"picked":"Machine Learning+1","floor":33},{"not_picked":["Beam Cell","Leap+1","Redo+1","Conserve Battery+1"],"picked":"SKIP","floor":35},{"not_picked":["Compile Driver+1","Steam+1","Beam Cell+1"],"picked":"Coolheaded+1","floor":37},{"not_picked":["Reinforced Body+1","Genetic Algorithm+1","Seek+1"],"picked":"Barrage+1","floor":39},{"not_picked":["Melter+1","Steam+1","Sweeping Beam"],"picked":"Cold Snap","floor":41},{"not_picked":["Scrape+1","Turbo+1","Hologram+1"],"picked":"Go for the Eyes+1","floor":44},{"not_picked":["Sweeping Beam","Ball Lightning+1","Machine Learning+1","Self Repair+1"],"picked":"SKIP","floor":46},{"not_picked":["Gash","Chaos+1","Cold Snap"],"picked":"Loop+1","floor":47},{"not_picked":["Compile Driver+1","Reinforced Body+1","Steam+1"],"picked":"Chill+1","floor":48}],"player_experience":629762,"relics_obtained":[{"floor":6,"key":"Meat on the Bone"},{"floor":8,"key":"Sundial"},{"floor":9,"key":"Frozen Egg 2"},{"floor":10,"key":"Omamori"},{"floor":24,"key":"Strawberry"},{"floor":26,"key":"Pen Nib"},{"floor":27,"key":"Question Card"},{"floor":29,"key":"Toxic Egg 2"},{"floor":31,"key":"Red Mask"},{"floor":37,"key":"Old Coin"},{"floor":41,"key":"Gremlin Horn"},{"floor":43,"key":"Regal Pillow"}],"event_choices":[{"event_name":"Golden Idol","player_choice":"Take Damage","floor":11,"damage_taken":0},{"event_name":"Bonfire Elementals","player_choice":"UNCOMMON","floor":14,"damage_taken":0},{"event_name":"Masked Bandits","player_choice":"Fought Bandits","floor":31,"damage_taken":0},{"event_name":"Upgrade Shrine","player_choice":"Upgraded","floor":36,"damage_taken":0},{"event_name":"Mysterious Sphere","player_choice":"Fight","floor":37,"damage_taken":0},{"event_name":"WeMeetAgain","player_choice":"Card","floor":42,"damage_taken":0}],"is_beta":false,"boss_relics":[{"not_picked":["Black Star","Lizard Tail"],"picked":"Velvet Choker"},{"not_picked":["Nuclear Battery","Cursed Key"],"picked":"Pandora\u0027s Box"}],"items_purged_floors":[2,13,20,38,45],"is_endless":false,"potions_floor_spawned":[4,5,8,22,24,27,29,41,44,46,47],"ascension_level":1}