{"gold_per_floor":[20,20,39,56,56,56,91,103,129,129,147,72,91,101,101,199,199,214,214,394,410,135,135],"floor_reached":23,"playtime":1165,"items_purged":["Strike_R","Strike_R"],"score":280,"play_id":"c171f733-5fe7-4e07-937b-af44feb595bd","local_time":"20180917142544","is_ascension_mode":true,"campfire_choices":[{"data":"Body Slam","floor":6,"key":"SMITH"},{"data":"Rampage","floor":10,"key":"SMITH"},{"data":"Pommel Strike","floor":15,"key":"SMITH"}],"neow_cost":"NO_GOLD","seed_source_timestamp":1566546634079345,"circlet_count":0,"master_deck":["Strike_R","Defend_R","Bash","Rampage+1","Pommel Strike+1","Second Wind","Sentinel","Exhume","Rupture+1","Iron Wave+1","Impervious+1","Headbutt+1","Evolve","Master of Strategy"],"relics":["Burning Blood","Regal Pillow","Juzu Bracelet","Astrolabe"],"potions_floor_usage":[7,7,11,16,23],"damage_taken":[{"damage":3,"enemies":"2 Louse","floor":1,"turns":3},{"damage":18,"enemies":"Cultist","floor":3,"turns":6},{"damage":3,"enemies":"Jaw Worm","floor":4,"turns":4},{"damage":30,"enemies":"3 Sentries","floor":7,"turns":10},{"damage":4,"enemies":"Exordium Wildlife","floor":8,"turns":4},{"damage":5,"enemies":"Gremlin Gang","floor":11,"turns":6},{"damage":11,"enemies":"Blue Slaver","floor":13,"turns":3},{"damage":10,"enemies":"Large Slime","floor":14,"turns":7},{"damage":54,"enemies":"Slime Boss","floor":16,"turns":9},{"damage":7,"enemies":"Chosen","floor":18,"turns":5},{"damage":28,"enemies":"2 Thieves","floor":21,"turns":5},{"damage":20,"enemies":"Slavers","floor":23,"turns":1}],"seed_played":"3290912280717207402","potions_obtained":[{"floor":1,"key":"SneckoOil"},{"floor":3,"key":"Dexterity Potion"},{"floor":4,"key":"SpeedPotion"},{"floor":5,"key":"Swift Potion"},{"floor":5,"key":"Explosive Potion"},{"floor":5,"key":"Regen Potion"},{"floor":8,"key":"Fruit Juice"},{"floor":18,"key":"Weak Potion"}],"is_trial":false,"path_per_floor":["M","?","M","M","?","R","E","M","T","R","M","$","M","M","R","B",null,"M","?","?","M","$"],"character_chosen":"IRONCLAD","items_purchased":["Master of Strategy"],"campfire_rested":0,"item_purchase_floors":[22],"current_hp_per_floor":[75,75,63,66,66,66,57,59,59,59,65,65,60,56,56,8,66,65,65,41,19,19,0],"gold":135,"neow_bonus":"REMOVE_TWO","is_prod":false,"is_daily":false,"chose_seed":false,"campfire_upgraded":3,"win_rate":0,"timestamp":1537219544,"path_taken":["M","?","M","M","?","R","E","M","T","R","M","$","M","M","R","BOSS","M","?","?","M","$","E"],"build_version":"2018-09-06","purchased_purges":2,"victory":false,"max_hp_per_floor":[80,80,80,80,80,80,80,80,80,80,85,85,85,85,85,85,85,85,85,85,85,85,85],"card_choices":[{"not_picked":["Sentinel","Headbutt"],"picked":"Body Slam","floor":1},{"not_picked":["Twin Strike","Pommel Strike","Searing Blow"],"picked":"SKIP","floor":3},{"not_picked":["Wild Strike","Flex","Clash"],"picked":"SKIP","floor":4},{"not_picked":["Fire Breathing","Brutality"],"picked":"Rampage","floor":7},{"not_picked":["Sever Soul","Shockwave"],"picked":"Pommel Strike","floor":8},{"not_picked":["Headbutt","Corruption"],"picked":"Second Wind","floor":11},{"not_picked":["Clothesline","Pummel"],"picked":"Sentinel","floor":13},{"not_picked":["Anger","True Grit","Iron Wave"],"picked":"SKIP","floor":14},{"not_picked":["Juggernaut","Demon Form"],"picked":"Exhume","floor":16},{"not_picked":["Thunderclap+1","Disarm+1"],"picked":"Headbutt+1","floor":18},{"not_picked":["Blood for Blood","Rage","Heavy Blade"],"picked":"SKIP","floor":21}],"player_experience":815490,"relics_obtained":[{"floor":7,"key":"Regal Pillow"},{"floor":9,"key":"Juzu Bracelet"}],"event_choices":[{"event_name":"Bonfire Elementals","player_choice":"BASIC","floor":2,"damage_taken":0},{"event_name":"The Lab","player_choice":"Got Potions","floor":5,"damage_taken":0},{"event_name":"The Library","player_choice":"Read","floor":19,"damage_taken":0},{"event_name":"Knowing Skull","player_choice":"GOLD GOLD ","floor":20,"damage_taken":0}],"is_beta":false,"boss_relics":[{"not_picked":["Lizard Tail","Runic Dome"],"picked":"Astrolabe"}],"items_purged_floors":[12,22],"is_endless":false,"potions_floor_spawned":[1,3,4,8,18],"killed_by":"Slavers","ascension_level":9}