{"gold_per_floor":[213,213,11,31,41,41,68,68,91,106,123,156,156,170,170,265,265,285,295,295,220,233,260,27,27,27,54,73,73,73,98,98,201,201,219,234,252,266,166,201,201,229,253,253,273,289,289,321,321,321,321,321,32,58,58],"floor_reached":55,"playtime":6377,"items_purged":["Strike_B","Parasite"],"score":1228,"play_id":"77996e7d-5c1c-4f5e-a989-fc8c292b4a08","local_time":"20190801140237","is_ascension_mode":true,"campfire_choices":[{"data":"Defragment","floor":6.0,"key":"SMITH"},{"data":"Loop","floor":8.0,"key":"SMITH"},{"data":"Capacitor","floor":13.0,"key":"SMITH"},{"data":"Zap","floor":15.0,"key":"SMITH"},{"data":"Defragment","floor":25.0,"key":"SMITH"},{"floor":29.0,"key":"REST"},{"data":"Consume","floor":32.0,"key":"SMITH"},{"data":"Biased Cognition","floor":41.0,"key":"SMITH"},{"data":"Biased Cognition","floor":47.0,"key":"SMITH"},{"floor":49,"key":"RECALL"},{"data":"Strike_B+1","floor":52,"key":"PURGE"}],"neow_cost":"NONE","seed_source_timestamp":221492832579605,"circlet_count":0,"master_deck":["Defend_B+1","Defend_B+1","Defend_B+1","Defend_B+1","Zap+1","Dualcast","Loop+1","Defragment+1","Ball Lightning","Melter","Glacier","Leap","Capacitor+1","Leap","Echo Form","Ball Lightning","Core Surge","Consume+1","Defragment+1","BootSequence","Biased Cognition+1","Go for the Eyes+1","Reprogram+1","Biased Cognition+1","Capacitor","Transmutation","Rebound"],"special_seed":0,"relics":["Cracked Core","Happy Flower","Lantern","Bottled Lightning","Sozu","Mercury Hourglass","DataDisk","Boot","Ginger","Centennial Puzzle","Busted Crown","Meat on the Bone","Peace Pipe","Bag of Marbles","Bottled Tornado","Cables"],"potions_floor_usage":[55],"damage_taken":[{"damage":0.0,"enemies":"2 Louse","floor":1.0,"turns":2.0},{"damage":6.0,"enemies":"Cultist","floor":4.0,"turns":3.0},{"damage":7.0,"enemies":"Jaw Worm","floor":5.0,"turns":3.0},{"damage":12.0,"enemies":"3 Sentries","floor":7.0,"turns":7.0},{"damage":2.0,"enemies":"2 Fungi Beasts","floor":10.0,"turns":4.0},{"damage":0.0,"enemies":"Blue Slaver","floor":11.0,"turns":4.0},{"damage":0.0,"enemies":"Lagavulin","floor":12.0,"turns":6.0},{"damage":12.0,"enemies":"Gremlin Gang","floor":14.0,"turns":4.0},{"damage":0.0,"enemies":"Slime Boss","floor":16.0,"turns":6.0},{"damage":3.0,"enemies":"2 Thieves","floor":18.0,"turns":5.0},{"damage":0.0,"enemies":"Shell Parasite","floor":19.0,"turns":5.0},{"damage":0.0,"enemies":"Centurion and Healer","floor":22.0,"turns":6.0},{"damage":28.0,"enemies":"Gremlin Leader","floor":23.0,"turns":6.0},{"damage":15.0,"enemies":"Slavers","floor":27.0,"turns":5.0},{"damage":10.0,"enemies":"Snake Plant","floor":28.0,"turns":3.0},{"damage":3.0,"enemies":"Gremlin Leader","floor":31.0,"turns":16.0},{"damage":15.0,"enemies":"Collector","floor":33.0,"turns":8.0},{"damage":14.0,"enemies":"3 Darklings","floor":35.0,"turns":5.0},{"damage":0.0,"enemies":"3 Shapes","floor":36.0,"turns":4.0},{"damage":0.0,"enemies":"Writhing Mass","floor":37.0,"turns":6.0},{"damage":11.0,"enemies":"Spire Growth","floor":38.0,"turns":6.0},{"damage":0.0,"enemies":"Giant Head","floor":40.0,"turns":6.0},{"damage":11.0,"enemies":"Nemesis","floor":42.0,"turns":8.0},{"damage":12.0,"enemies":"4 Shapes","floor":45.0,"turns":4.0},{"damage":18.0,"enemies":"Transient","floor":46.0,"turns":5.0},{"damage":7,"enemies":"Reptomancer","floor":48,"turns":5},{"damage":8,"enemies":"Donu and Deca","floor":50,"turns":7},{"damage":47,"enemies":"Shield and Spear","floor":54,"turns":8},{"damage":59,"enemies":"The Heart","floor":55,"turns":3}],"seed_played":"-8783069629675862290","potions_obtained":[{"floor":4.0,"key":"LiquidBronze"},{"floor":7.0,"key":"Block Potion"},{"floor":10.0,"key":"AttackPotion"},{"floor":12.0,"key":"FocusPotion"}],"is_trial":false,"path_per_floor":["M","?","$","M","M","R","E","R","T","M","M","E","R","M","R","B",null,"M","M","?","?","M","E","$","R","T","E","M","R","?","E","R","B",null,"M","M","M","M","$","E","R","E","T","?","M","M","R","E","R","B",null,"R","$","E","B"],"character_chosen":"DEFECT","items_purchased":["Defragment","Ball Lightning","DataDisk","Defragment","Capacitor","Transmutation","Rebound"],"campfire_rested":1,"item_purchase_floors":[3,3,24,24,53,53,53],"current_hp_per_floor":[68,68,68,62,55,55,43,43,43,41,41,41,41,29,29,29,64,61,61,61,61,61,33,33,33,33,18,8,30,30,27,27,12,59,45,45,45,34,34,34,34,35,35,35,35,29,29,34,34,38,64,64,64,29,0],"gold":58,"neow_bonus":"HUNDRED_GOLD","is_prod":false,"is_daily":false,"chose_seed":false,"campfire_upgraded":8,"win_rate":0,"timestamp":1564682557,"path_taken":["M","?","$","?","?","R","E","R","T","M","M","E","R","M","R","BOSS","M","M","?","?","M","E","$","R","T","E","M","R","?","E","R","BOSS","M","?","M","M","$","E","R","E","T","?","M","M","R","E","R","BOSS","R","$","E","BOSS"],"build_version":"2019-07-17","purchased_purges":2,"victory":false,"max_hp_per_floor":[75,75,75,75,75,75,75,75,75,75,75,75,75,75,75,75,75,75,75,75,75,75,75,75,75,75,75,75,75,75,75,75,75,75,75,75,75,75,72,72,72,72,72,72,72,72,72,72,72,72,72,72,72,72,72],"card_choices":[{"not_picked":["Conserve Battery","Go for the Eyes"],"picked":"Loop","floor":1.0},{"not_picked":["Coolheaded","Turbo"],"picked":"Melter","floor":4.0},{"not_picked":["Streamline","Stack"],"picked":"Glacier","floor":5.0},{"not_picked":["Consume","Aggregate"],"picked":"Leap","floor":7.0},{"not_picked":["Gash","White Noise"],"picked":"Capacitor","floor":10.0},{"not_picked":["Compile Driver","Aggregate"],"picked":"Leap","floor":11.0},{"not_picked":["Beam Cell","Streamline"],"picked":"Echo Form","floor":12.0},{"not_picked":["Sweeping Beam","Steam"],"picked":"Ball Lightning","floor":14.0},{"not_picked":["Multi-Cast","Hyperbeam"],"picked":"Core Surge","floor":16.0},{"not_picked":["Beam Cell","Redo","Sweeping Beam"],"picked":"SKIP","floor":18.0},{"not_picked":["Steam+1","Redo","Sunder"],"picked":"SKIP","floor":19.0},{"not_picked":["Turbo+1","Cold Snap+1"],"picked":"Consume","floor":22.0},{"not_picked":["Multi-Cast","Streamline"],"picked":"Glacier","floor":23.0},{"not_picked":["Sweeping Beam","Streamline","Beam Cell"],"picked":"SKIP","floor":27.0},{"not_picked":["Rebound","Reprogram","Sweeping Beam"],"picked":"SKIP","floor":28.0},{"not_picked":["Conserve Battery","Heatsinks"],"picked":"BootSequence","floor":31.0},{"not_picked":["Amplify","Hyperbeam"],"picked":"Biased Cognition","floor":33.0},{"not_picked":[],"picked":"Go for the Eyes+1","floor":35.0},{"not_picked":["Beam Cell+1"],"picked":"SKIP","floor":36.0},{"not_picked":[],"picked":"Reprogram+1","floor":37.0},{"not_picked":["Steam"],"picked":"SKIP","floor":38.0},{"not_picked":[],"picked":"Biased Cognition","floor":40.0},{"not_picked":["Sweeping Beam"],"picked":"SKIP","floor":42.0},{"not_picked":["Scrape"],"picked":"SKIP","floor":45.0},{"not_picked":["Undo"],"picked":"SKIP","floor":46.0},{"not_picked":["Gash"],"picked":"SKIP","floor":48},{"not_picked":["Darkness+1"],"picked":"SKIP","floor":54}],"player_experience":317025,"relics_obtained":[{"floor":7.0,"key":"Happy Flower"},{"floor":9.0,"key":"Lantern"},{"floor":12.0,"key":"Bottled Lightning"},{"floor":23.0,"key":"Mercury Hourglass"},{"floor":27.0,"key":"Boot"},{"floor":31.0,"key":"Centennial Puzzle"},{"floor":40.0,"key":"Meat on the Bone"},{"floor":42.0,"key":"Peace Pipe"},{"floor":43.0,"key":"Bag of Marbles"},{"floor":48,"key":"Bottled Tornado"},{"floor":54,"key":"Cables"}],"event_choices":[{"cards_removed":["Strike_B"],"damage_healed":0.0,"max_hp_gain":0.0,"max_hp_loss":0.0,"gold_gain":0.0,"event_name":"Bonfire Elementals","player_choice":"Offered Basic","floor":2.0,"gold_loss":0.0,"damage_taken":0.0},{"damage_healed":0.0,"max_hp_gain":0.0,"max_hp_loss":0.0,"gold_gain":0.0,"event_name":"Back to Basics","player_choice":"Simplicity","floor":20.0,"gold_loss":0.0,"damage_taken":0.0,"cards_upgraded":["Strike_B","Strike_B","Defend_B","Defend_B","Defend_B","Defend_B"]},{"cards_removed":["Strike_B"],"damage_healed":0.0,"max_hp_gain":0.0,"max_hp_loss":0.0,"gold_gain":0.0,"event_name":"Beggar","player_choice":"Gave Gold","floor":21.0,"gold_loss":75.0,"damage_taken":0.0},{"cards_removed":["Glacier"],"damage_healed":0.0,"max_hp_gain":0.0,"max_hp_loss":0.0,"gold_gain":0.0,"event_name":"WeMeetAgain","player_choice":"Gave Card","floor":30.0,"gold_loss":0.0,"damage_taken":0.0,"relics_obtained":["Ginger"]},{"damage_healed":0.0,"max_hp_gain":0.0,"max_hp_loss":0.0,"gold_gain":0.0,"event_name":"Tomb of Lord Red Mask","player_choice":"Ignored","floor":44.0,"gold_loss":0.0,"damage_taken":0.0}],"is_beta":false,"boss_relics":[{"not_picked":["Snecko Eye","FrozenCore"],"picked":"Sozu"},{"not_picked":["Orrery","Velvet Choker"],"picked":"Busted Crown"}],"items_purged_floors":[3,39],"is_endless":false,"potions_floor_spawned":[4,7,10,12,18,27,33,36,38,42,45,48,54],"killed_by":"The Heart","ascension_level":8}