{"gold_per_floor":[116,133,147,222,36,36,63,63,63,89,89,89,103,168,168,271,271,282,282,301,301],"floor_reached":21,"playtime":1023,"items_purged":[],"score":301,"play_id":"b80ab8cf-8c33-4f10-bc8d-4fbf7aa5d259","local_time":"20180902113735","is_ascension_mode":true,"campfire_choices":[{"data":"Demon Form","floor":6,"key":"SMITH"},{"data":"Flex","floor":8,"key":"SMITH"},{"data":"Bash","floor":12,"key":"SMITH"},{"data":"Flex","floor":15,"key":"SMITH"}],"neow_cost":"NONE","seed_source_timestamp":527464137483606,"circlet_count":0,"master_deck":["Strike_R","Strike_R","Strike_R","Strike_R","Strike_R","Defend_R","Defend_R","Defend_R","Defend_R","Bash+1","Reaper","Twin Strike","Demon Form+1","Cleave","Flex+1","Flex+1","Offering","Decay","Sword Boomerang+1","Sword Boomerang+1"],"relics":["Burning Blood","Sundial","Ornamental Fan","Omamori","Mango","Tiny Chest","Calling Bell","Bag of Preparation","Blue Candle","Shovel","Juzu Bracelet"],"potions_floor_usage":[4,10,16,21],"damage_taken":[{"damage":10,"enemies":"2 Louse","floor":1,"turns":3},{"damage":22,"enemies":"Small Slimes","floor":2,"turns":6},{"damage":6,"enemies":"Jaw Worm","floor":3,"turns":5},{"damage":30,"enemies":"3 Sentries","floor":7,"turns":5},{"damage":18,"enemies":"Gremlin Nob","floor":10,"turns":3},{"damage":14,"enemies":"3 Louse","floor":13,"turns":3},{"damage":40,"enemies":"3 Sentries","floor":14,"turns":6},{"damage":38,"enemies":"Hexaghost","floor":16,"turns":7},{"damage":47,"enemies":"Shell Parasite","floor":18,"turns":8},{"damage":28,"enemies":"2 Thieves","floor":20,"turns":2},{"damage":40,"enemies":"Centurion and Healer","floor":21,"turns":3}],"seed_played":"7869186582553484584","potions_obtained":[{"floor":3,"key":"Fruit Juice"},{"floor":7,"key":"SteroidPotion"},{"floor":10,"key":"Regen Potion"},{"floor":14,"key":"PowerPotion"}],"is_trial":false,"path_per_floor":["M","M","M","?","$","R","E","R","T","E","?","R","M","E","R","B",null,"M","T","M"],"character_chosen":"IRONCLAD","items_purchased":["Demon Form","Cleave"],"campfire_rested":0,"item_purchase_floors":[5,5],"current_hp_per_floor":[76,64,68,62,62,62,59,59,59,47,58,58,62,41,41,49,87,54,54,32,0],"gold":301,"neow_bonus":"ONE_RANDOM_RARE_CARD","is_prod":false,"is_daily":false,"chose_seed":false,"campfire_upgraded":4,"win_rate":0,"timestamp":1535913455,"path_taken":["M","M","M","?","?","R","E","R","T","E","?","R","M","E","R","BOSS","M","?","M","M"],"build_version":"2018-08-30","purchased_purges":0,"victory":false,"max_hp_per_floor":[80,80,80,85,85,85,85,85,85,85,99,99,99,99,99,99,99,99,99,99,99],"card_choices":[{"not_picked":["Pommel Strike","Entrench"],"picked":"Twin Strike","floor":1},{"not_picked":["Thunderclap","Perfected Strike","Sever Soul"],"picked":"SKIP","floor":2},{"not_picked":["Headbutt","Hemokinesis","Pommel Strike"],"picked":"SKIP","floor":3},{"not_picked":["Thunderclap","Intimidate"],"picked":"Flex","floor":7},{"not_picked":["Perfected Strike","Headbutt","Juggernaut"],"picked":"SKIP","floor":10},{"not_picked":["Rupture","Anger","Shockwave"],"picked":"SKIP","floor":13},{"not_picked":["Blood for Blood","Bloodletting"],"picked":"Flex","floor":14},{"not_picked":["Juggernaut","Bludgeon"],"picked":"Offering","floor":16},{"not_picked":["Infernal Blade+1","Body Slam"],"picked":"Sword Boomerang+1","floor":18},{"not_picked":["Thunderclap","Wild Strike"],"picked":"Sword Boomerang+1","floor":20}],"player_experience":752031,"relics_obtained":[{"floor":7,"key":"Sundial"},{"floor":9,"key":"Ornamental Fan"},{"floor":10,"key":"Omamori"},{"floor":14,"key":"Tiny Chest"},{"floor":17,"key":"Bag of Preparation"},{"floor":17,"key":"Blue Candle"},{"floor":17,"key":"Shovel"},{"floor":19,"key":"Juzu Bracelet"}],"event_choices":[{"event_name":"World of Goop","player_choice":"Gather Gold","floor":4,"damage_taken":0},{"event_name":"Scrap Ooze","player_choice":"success","floor":11,"damage_taken":3}],"is_beta":false,"boss_relics":[{"not_picked":["Runic Cube","Empty Cage"],"picked":"Calling Bell"}],"items_purged_floors":[],"is_endless":false,"potions_floor_spawned":[3,7,10,14],"killed_by":"Centurion and Healer","ascension_level":8}