{"gold_per_floor":[114,39,39,39,39,39,62,62,85,85,85,108,132,152,152,277,277],"floor_reached":17,"playtime":943,"items_purged":["Strike_R"],"score":210,"play_id":"4cd96efd-c472-4e70-86f4-5e81ac42b1c3","local_time":"20190701010435","is_ascension_mode":true,"campfire_choices":[{"floor":6,"key":"DIG"},{"floor":10,"key":"DIG"},{"floor":15,"key":"DIG"}],"neow_cost":"TEN_PERCENT_HP_LOSS","seed_source_timestamp":24412736562934,"circlet_count":0,"master_deck":["Strike_R+1","Strike_R+1","Strike_R+1","Strike_R","Defend_R","Defend_R","Defend_R","Defend_R","Bash","Dropkick","Purity"],"relics":["Burning Blood","Shovel","Ornamental Fan","Golden Idol","Pear","Omamori","Pantograph","Incense Burner","Tiny House"],"potions_floor_usage":[14],"damage_taken":[{"damage":4,"enemies":"Jaw Worm","floor":1,"turns":4},{"damage":8,"enemies":"2 Louse","floor":7,"turns":2},{"damage":6,"enemies":"Small Slimes","floor":12,"turns":3},{"damage":6,"enemies":"2 Fungi Beasts","floor":13,"turns":3},{"damage":0,"enemies":"Gremlin Gang","floor":14,"turns":4},{"damage":76,"enemies":"Slime Boss","floor":16,"turns":10}],"seed_played":"-1728294786140575972","potions_obtained":[{"floor":1,"key":"Explosive Potion"},{"floor":16,"key":"EssenceOfSteel"}],"is_trial":false,"path_per_floor":["M","$","?","?","?","R","M","$","T","R","?","M","M","M","R","B",null],"character_chosen":"IRONCLAD","items_purchased":[],"campfire_rested":0,"item_purchase_floors":[],"current_hp_per_floor":[72,72,60,46,46,56,54,54,54,54,54,54,54,60,60,7,12],"gold":277,"neow_bonus":"ONE_RARE_RELIC","is_prod":false,"is_daily":false,"chose_seed":false,"campfire_upgraded":0,"win_rate":0,"timestamp":1561957475,"path_taken":["M","$","?","?","?","R","M","$","T","R","?","M","M","?","R","BOSS"],"build_version":"2019-01-23","purchased_purges":1,"victory":false,"max_hp_per_floor":[72,72,72,72,67,77,77,77,77,77,77,77,77,77,77,77,82],"card_choices":[{"not_picked":["Searing Blow","Sentinel"],"picked":"Dropkick","floor":1},{"not_picked":["Spot Weakness","Second Wind","Disarm"],"picked":"SKIP","floor":7},{"not_picked":["Second Wind","Warcry","Clash"],"picked":"SKIP","floor":12},{"not_picked":["Twin Strike","Thunderclap","Heavy Blade"],"picked":"SKIP","floor":13},{"not_picked":["Combust","Inflame","Entrench"],"picked":"SKIP","floor":14}],"player_experience":140797,"relics_obtained":[{"floor":6,"key":"Pear"},{"floor":9,"key":"Omamori"},{"floor":10,"key":"Pantograph"},{"floor":15,"key":"Incense Burner"}],"event_choices":[{"damage_healed":0,"gold_gain":0,"player_choice":"Success","damage_taken":12,"relics_obtained":["Ornamental Fan"],"max_hp_gain":0,"max_hp_loss":0,"event_name":"Scrap Ooze","floor":3,"gold_loss":0},{"damage_healed":0,"gold_gain":0,"player_choice":"Entered Light","damage_taken":14,"max_hp_gain":0,"max_hp_loss":0,"event_name":"Shining Light","floor":4,"gold_loss":0,"cards_upgraded":["Strike_R","Strike_R"]},{"damage_healed":0,"gold_gain":0,"player_choice":"Lose Max HP","damage_taken":0,"relics_obtained":["Golden Idol"],"max_hp_gain":0,"max_hp_loss":5,"event_name":"Golden Idol","floor":5,"gold_loss":0},{"damage_healed":0,"gold_gain":0,"player_choice":"1 cards matched","damage_taken":0,"max_hp_gain":0,"max_hp_loss":0,"event_name":"Match and Keep!","floor":11,"gold_loss":0,"cards_obtained":["Purity"]}],"is_beta":false,"boss_relics":[{"not_picked":["Fusion Hammer","Snecko Eye"],"picked":"Tiny House"}],"items_purged_floors":[2],"is_endless":false,"potions_floor_spawned":[1,16],"ascension_level":9}