{"gold_per_floor":[410,410,425,439,458,458,384,395,395,395],"floor_reached":10,"playtime":313,"items_purged":[],"score":105,"play_id":"098e5895-b42d-4fe9-9390-e89a2c7d11dc","local_time":"20190325233029","is_ascension_mode":true,"campfire_choices":[],"neow_cost":"NONE","seed_source_timestamp":92111014298243,"circlet_count":0,"master_deck":["AscendersBane","Strike_B","Strike_B","Strike_B","Strike_B","Defend_B","Defend_B","Defend_B","Defend_B","Zap+1","Dualcast","Regret","Normality","Normality","Leap","Go for the Eyes","Streamline","Hologram","Turbo"],"relics":["Calling Bell","Regal Pillow","Shuriken","Old Coin","Kunai"],"potions_floor_usage":[8],"damage_taken":[{"damage":15,"enemies":"2 Louse","floor":1,"turns":4},{"damage":14,"enemies":"Cultist","floor":3,"turns":5},{"damage":13,"enemies":"Jaw Worm","floor":4,"turns":5},{"damage":2,"enemies":"Large Slime","floor":5,"turns":5},{"damage":8,"enemies":"Blue Slaver","floor":8,"turns":2},{"damage":16,"enemies":"Gremlin Gang","floor":10,"turns":2}],"seed_played":"-6169932712212978708","potions_obtained":[{"floor":4,"key":"Fire Potion"},{"floor":8,"key":"Weak Potion"}],"is_trial":false,"path_per_floor":["M","?","M","M","M","?","?","M","T","M"],"character_chosen":"DEFECT","items_purchased":[],"campfire_rested":0,"item_purchase_floors":[],"current_hp_per_floor":[49,49,35,22,20,20,20,12,12,0],"gold":395,"neow_bonus":"BOSS_RELIC","is_prod":false,"is_daily":false,"chose_seed":false,"campfire_upgraded":0,"win_rate":0,"timestamp":1553581829,"path_taken":["M","?","M","M","?","?","?","M","T","M"],"build_version":"2019-01-23","purchased_purges":0,"victory":false,"max_hp_per_floor":[71,71,71,71,71,71,71,71,71,71],"card_choices":[{"not_picked":["Loop","Storm"],"picked":"Leap","floor":1},{"not_picked":["Glacier","Streamline"],"picked":"Go for the Eyes","floor":3},{"not_picked":["Undo","Double Energy"],"picked":"Streamline","floor":4},{"not_picked":["Blizzard","Streamline"],"picked":"Hologram","floor":5},{"not_picked":["Leap","Auto Shields"],"picked":"Turbo","floor":8}],"player_experience":1247564,"relics_obtained":[{"floor":0,"key":"Regal Pillow"},{"floor":0,"key":"Shuriken"},{"floor":0,"key":"Old Coin"},{"floor":9,"key":"Kunai"}],"event_choices":[{"damage_healed":0,"gold_gain":0,"player_choice":"Upgraded","damage_taken":0,"max_hp_gain":0,"max_hp_loss":0,"event_name":"Upgrade Shrine","floor":2,"gold_loss":0,"cards_upgraded":["Zap"]},{"damage_healed":0,"gold_gain":0,"player_choice":"Ignored","damage_taken":0,"max_hp_gain":0,"max_hp_loss":0,"event_name":"Liars Game","floor":6,"gold_loss":0},{"damage_healed":0,"gold_gain":0,"player_choice":"Left Gold","damage_taken":0,"max_hp_gain":0,"max_hp_loss":0,"event_name":"World of Goop","floor":7,"gold_loss":74}],"is_beta":false,"boss_relics":[],"items_purged_floors":[],"is_endless":false,"potions_floor_spawned":[4,8],"killed_by":"Gremlin Gang","ascension_level":15}