{"gold_per_floor":[110,125,139,139,139,139,28,71,120,120,120,158,177,134,134,253,253,277,291,115,115,128,128,172,97,97,97,111,111,34,47,47,47],"floor_reached":33,"playtime":1912,"items_purged":["Injury","Defend_G"],"score":382,"play_id":"8f62d96b-7443-4544-95a5-824580545834","local_time":"20190116003712","is_ascension_mode":true,"campfire_choices":[{"data":"A Thousand Cuts","floor":6,"key":"SMITH"},{"floor":11,"key":"REST"},{"data":"Cloak And Dagger","floor":15,"key":"SMITH"},{"floor":23,"key":"REST"},{"floor":29,"key":"REST"},{"data":"Finisher","floor":32,"key":"SMITH"}],"neow_cost":"NONE","seed_source_timestamp":14650024241482,"circlet_count":0,"master_deck":["Defend_G","Defend_G","Defend_G","Defend_G","Strike_G","Strike_G","Strike_G","Strike_G","Survivor","Neutralize","A Thousand Cuts+1","Cloak And Dagger+1","Cloak And Dagger+1","Infinite Blades","Well Laid Plans","After Image","Distraction","Envenom","Finisher+1","Accuracy+1","Infinite Blades","Blade Dance+1"],"relics":["Ring of the Snake","Bloody Idol","Centennial Puzzle","Lantern","Strawberry","Sozu","Potion Belt","PreservedInsect","Juzu Bracelet"],"potions_floor_usage":[33],"damage_taken":[{"damage":0,"enemies":"Cultist","floor":1,"turns":3},{"damage":12,"enemies":"Jaw Worm","floor":2,"turns":8},{"damage":4,"enemies":"Small Slimes","floor":3,"turns":4},{"damage":20,"enemies":"3 Sentries","floor":8,"turns":5},{"damage":14,"enemies":"Lagavulin","floor":12,"turns":6},{"damage":1,"enemies":"Blue Slaver","floor":13,"turns":4},{"damage":5,"enemies":"Slime Boss","floor":16,"turns":8},{"damage":7,"enemies":"Spheric Guardian","floor":18,"turns":4},{"damage":1,"enemies":"3 Byrds","floor":19,"turns":2},{"damage":23,"enemies":"Snecko","floor":22,"turns":5},{"damage":33,"enemies":"Book of Stabbing","floor":24,"turns":5},{"damage":4,"enemies":"Cultist and Chosen","floor":28,"turns":4},{"damage":12,"enemies":"Snake Plant","floor":31,"turns":4},{"damage":48,"enemies":"Collector","floor":33,"turns":3}],"seed_played":"-8282510754826081572","potions_obtained":[{"floor":2,"key":"Swift Potion"},{"floor":3,"key":"Weak Potion"},{"floor":13,"key":"Ancient Potion"}],"is_trial":false,"path_per_floor":["M","M","M","?","?","R","$","E","T","?","R","E","M","?","R","B",null,"M","M","$","?","M","R","E","?","T","?","M","R","$","M","R","B"],"character_chosen":"THE_SILENT","items_purchased":["Infinite Blades","Finisher","Infinite Blades"],"campfire_rested":3,"item_purchase_floors":[7,20,30],"current_hp_per_floor":[63,51,47,47,47,47,47,27,27,27,48,41,40,40,40,35,67,60,59,59,59,36,59,26,26,26,26,27,50,50,43,43,0],"gold":47,"neow_bonus":"ONE_RANDOM_RARE_CARD","is_prod":false,"is_daily":false,"chose_seed":false,"campfire_upgraded":3,"win_rate":0,"timestamp":1547627832,"path_taken":["M","M","?","?","?","R","$","E","T","?","R","E","?","?","R","BOSS","M","M","$","?","?","R","E","?","T","?","M","R","$","M","R","BOSS"],"build_version":"2019-01-10","purchased_purges":2,"victory":false,"max_hp_per_floor":[70,70,70,70,70,70,70,70,70,70,70,77,77,77,77,77,77,77,77,77,77,77,77,77,77,77,77,77,77,77,77,77,77],"card_choices":[{"not_picked":["PiercingWail","Deadly Poison","Underhanded Strike"],"picked":"SKIP","floor":1},{"not_picked":["Predator","Endless Agony"],"picked":"Cloak And Dagger","floor":2},{"not_picked":["Prepared","Endless Agony"],"picked":"Cloak And Dagger","floor":3},{"not_picked":["Leg Sweep","Dagger Spray"],"picked":"Well Laid Plans","floor":8},{"not_picked":["Endless Agony","Outmaneuver"],"picked":"After Image","floor":12},{"not_picked":["All Out Attack","Outmaneuver"],"picked":"Distraction","floor":13},{"not_picked":["Wraith Form v2","Glass Knife"],"picked":"Envenom","floor":16},{"not_picked":["Caltrops","Riddle With Holes","Bane"],"picked":"SKIP","floor":18},{"not_picked":["Slice+1","Masterful Stab","Flying Knee+1"],"picked":"SKIP","floor":19},{"not_picked":["Acrobatics+1","Dagger Throw","Flying Knee+1"],"picked":"SKIP","floor":22},{"not_picked":["Choke","Storm of Steel"],"picked":"Accuracy+1","floor":24},{"not_picked":["Slice","Deflect","Bane+1"],"picked":"SKIP","floor":28},{"not_picked":["Leg Sweep+1","Slice"],"picked":"Blade Dance+1","floor":31}],"player_experience":1118922,"relics_obtained":[{"floor":8,"key":"Centennial Puzzle"},{"floor":9,"key":"Lantern"},{"floor":12,"key":"Strawberry"},{"floor":24,"key":"PreservedInsect"},{"floor":26,"key":"Juzu Bracelet"}],"event_choices":[{"damage_healed":0,"gold_gain":0,"player_choice":"Take Wound","damage_taken":0,"relics_obtained":["Golden Idol"],"max_hp_gain":0,"max_hp_loss":0,"event_name":"Golden Idol","floor":4,"gold_loss":0,"cards_obtained":["Injury"]},{"damage_healed":0,"gold_gain":0,"player_choice":"Ignored","damage_taken":0,"max_hp_gain":0,"max_hp_loss":0,"event_name":"Liars Game","floor":5,"gold_loss":0},{"damage_healed":0,"gold_gain":0,"player_choice":"Grow","damage_taken":0,"max_hp_gain":0,"max_hp_loss":0,"event_name":"Living Wall","floor":10,"gold_loss":0,"cards_upgraded":["Cloak And Dagger"]},{"damage_healed":0,"gold_gain":0,"player_choice":"Left Gold","damage_taken":0,"max_hp_gain":0,"max_hp_loss":0,"event_name":"World of Goop","floor":14,"gold_loss":43},{"damage_healed":0,"gold_gain":0,"player_choice":"Gave Potion","damage_taken":0,"relics_obtained":["Potion Belt"],"max_hp_gain":0,"max_hp_loss":0,"event_name":"WeMeetAgain","floor":21,"gold_loss":0},{"cards_removed":["Strike_G"],"damage_healed":0,"gold_gain":0,"player_choice":"Gave Gold","damage_taken":0,"max_hp_gain":0,"max_hp_loss":0,"event_name":"Beggar","floor":25,"gold_loss":75},{"damage_healed":0,"gold_gain":0,"player_choice":"Gave Idol","damage_taken":0,"relics_obtained":["Bloody Idol"],"max_hp_gain":0,"max_hp_loss":0,"event_name":"Forgotten Altar","floor":27,"relics_lost":["Golden Idol"],"gold_loss":0}],"is_beta":false,"boss_relics":[{"not_picked":["Calling Bell","Snecko Eye"],"picked":"Sozu"}],"items_purged_floors":[7,20],"is_endless":false,"potions_floor_spawned":[2,3,13,16,22,24],"killed_by":"Collector","ascension_level":8}