{"gold_per_floor":[119,136,149,169,188,188,220,274,286,316,353,365,390,121,121,198,198,198],"floor_reached":18,"playtime":1288,"items_purged":["Strike_R"],"score":296,"play_id":"1990c2d3-20d8-4fc4-9d90-038e95aea422","local_time":"20181110213349","is_ascension_mode":true,"campfire_choices":[{"data":"Uppercut","floor":6,"key":"SMITH"},{"data":"Corruption","floor":12,"key":"SMITH"},{"floor":15,"key":"REST"}],"neow_cost":"TEN_PERCENT_HP_LOSS","seed_source_timestamp":166289537691748,"circlet_count":0,"master_deck":["AscendersBane","Strike_R","Strike_R","Strike_R","Strike_R","Defend_R","Defend_R","Defend_R","Defend_R","Bash","Battle Trance","Corruption+1","Dropkick","Warcry","Uppercut+1","True Grit","Uppercut","Body Slam","Violence","True Grit","Demon Form","Feel No Pain","Seeing Red","Burning Pact","Armaments"],"relics":["Burning Blood","Ginger","Paper Frog","MawBank","Gremlin Horn","Singing Bowl","Orrery"],"potions_floor_usage":[7,11,11,16,16,18],"damage_taken":[{"damage":10,"enemies":"Cultist","floor":1,"turns":5},{"damage":5,"enemies":"2 Louse","floor":2,"turns":4},{"damage":8,"enemies":"Jaw Worm","floor":3,"turns":6},{"damage":18,"enemies":"3 Louse","floor":4,"turns":5},{"damage":19,"enemies":"Blue Slaver","floor":5,"turns":5},{"damage":12,"enemies":"Gremlin Nob","floor":7,"turns":4},{"damage":11,"enemies":"Large Slime","floor":10,"turns":6},{"damage":8,"enemies":"Lagavulin","floor":11,"turns":6},{"damage":5,"enemies":"Red Slaver","floor":13,"turns":3},{"damage":34,"enemies":"The Guardian","floor":16,"turns":9},{"damage":65,"enemies":"3 Byrds","floor":18,"turns":5}],"seed_played":"-8490764124780147127","potions_obtained":[{"floor":3,"key":"EntropicBrew"},{"floor":4,"key":"EssenceOfSteel"},{"floor":11,"key":"Poison Potion"},{"floor":16,"key":"PowerPotion"}],"is_trial":false,"path_per_floor":["M","M","M","M","M","R","E","T","T","M","E","R","M","$","R","B",null,"M"],"character_chosen":"IRONCLAD","items_purchased":["Violence","True Grit"],"campfire_rested":1,"item_purchase_floors":[14,14],"current_hp_per_floor":[64,65,63,51,38,38,32,32,32,27,25,25,26,26,46,18,58,0],"gold":198,"neow_bonus":"ONE_RARE_RELIC","is_prod":false,"is_daily":false,"chose_seed":false,"campfire_upgraded":2,"win_rate":0,"timestamp":1541914429,"path_taken":["M","?","M","?","M","R","E","?","T","M","E","R","M","$","R","BOSS","M"],"build_version":"2018-11-08","purchased_purges":1,"victory":false,"max_hp_per_floor":[68,68,68,68,68,68,68,68,68,68,68,68,68,68,68,68,70,70],"card_choices":[{"not_picked":["Heavy Blade","Shrug It Off"],"picked":"Battle Trance","floor":1},{"not_picked":["Wild Strike","Warcry"],"picked":"Corruption","floor":2},{"not_picked":["Searing Blow","Infernal Blade"],"picked":"Dropkick","floor":3},{"not_picked":["Armaments","Shrug It Off"],"picked":"Warcry","floor":4},{"not_picked":["Intimidate","Berserk"],"picked":"Uppercut","floor":5},{"not_picked":["Anger","Impervious","Perfected Strike"],"picked":"SKIP","floor":7},{"not_picked":["Evolve","Twin Strike"],"picked":"True Grit","floor":10},{"not_picked":["Ghostly Armor","Clash"],"picked":"Uppercut","floor":11},{"not_picked":["Clothesline","Inflame"],"picked":"Body Slam","floor":13},{"not_picked":["Double Tap","Fiend Fire"],"picked":"Demon Form","floor":16},{"not_picked":["Cleave","Seeing Red"],"picked":"Feel No Pain","floor":17},{"not_picked":["Twin Strike","Body Slam"],"picked":"Seeing Red","floor":17},{"not_picked":["Rampage","Heavy Blade"],"picked":"Burning Pact","floor":17},{"not_picked":["Thunderclap","Clash","Fire Breathing"],"picked":"Singing Bowl","floor":17},{"not_picked":["Ghostly Armor","True Grit"],"picked":"Armaments","floor":17}],"player_experience":956885,"relics_obtained":[{"floor":7,"key":"Paper Frog"},{"floor":8,"key":"MawBank"},{"floor":9,"key":"Gremlin Horn"},{"floor":11,"key":"Singing Bowl"}],"event_choices":[],"is_beta":false,"boss_relics":[{"not_picked":["Calling Bell","Pandora\u0027s Box"],"picked":"Orrery"}],"items_purged_floors":[14],"is_endless":false,"potions_floor_spawned":[3,4,11,13,16],"killed_by":"3 Byrds","ascension_level":14}