{"gold_per_floor":[112,112,112,37,37,64,64,89,89,107,122,22,84,96,96,175,175,192,211,261,20,20,346,366,366,366,400,419,446,473,487,487,558,558,576,592,45,45,45,45,63,98,167,167,267,281,281,281,281,281],"floor_reached":51,"playtime":4554,"items_purged":["Regret","Hemokinesis","Defend_R"],"score":1662,"play_id":"674d67d2-acad-43b2-9ff0-407b3b10c2ed","local_time":"20190707134612","is_ascension_mode":true,"campfire_choices":[{"data":"Perfected Strike","floor":7.0,"key":"SMITH"},{"data":"Perfected Strike","floor":15.0,"key":"SMITH"},{"floor":25.0,"key":"REST"},{"data":"Perfected Strike","floor":32.0,"key":"SMITH"},{"data":"Perfected Strike","floor":40.0,"key":"SMITH"},{"data":"Perfected Strike","floor":44.0,"key":"SMITH"},{"data":"Perfected Strike","floor":47.0,"key":"SMITH"},{"data":"Corruption","floor":49.0,"key":"SMITH"}],"neow_cost":"NONE","seed_source_timestamp":453622977644293,"circlet_count":0,"master_deck":["AscendersBane","Strike_R","Strike_R","Strike_R","Strike_R","Strike_R","Defend_R","Defend_R+1","Defend_R+1","Perfected Strike+1","Twin Strike","Feel No Pain","Headbutt","Dual Wield","Pommel Strike","Ghostly Armor","Perfected Strike+1","Warcry","Impervious","Battle Trance","Whirlwind+1","Wild Strike","Demon Form","Impervious","Pommel Strike","Brutality","Shrug It Off","Inflame","Dual Wield+1","Perfected Strike+1","Wild Strike","Perfected Strike+1","Pommel Strike","Double Tap+1","Perfected Strike+1","Warcry+1","Perfected Strike+1","Shrug It Off+1","Secret Technique+1","Madness+1","Madness+1","Disarm+1","Thunderclap+1","Battle Trance+1","Corruption+1","Pommel Strike"],"special_seed":0,"relics":["Burning Blood","NeowsBlessing","Darkstone Periapt","Bag of Preparation","Gremlin Horn","Ancient Tea Set","Prayer Wheel","Tiny Chest","Velvet Choker","Nilry\u0027s Codex","Old Coin","Singing Bowl","Toxic Egg 2","Question Card","Red Mask","Sozu","Bag of Marbles","War Paint","Pantograph","Peace Pipe","Bronze Scales"],"potions_floor_usage":[],"damage_taken":[{"damage":0.0,"enemies":"Small Slimes","floor":1.0,"turns":1.0},{"damage":0.0,"enemies":"Lagavulin","floor":6.0,"turns":1.0},{"damage":0.0,"enemies":"Gremlin Nob","floor":8.0,"turns":1.0},{"damage":3.0,"enemies":"2 Louse","floor":10.0,"turns":1.0},{"damage":4.0,"enemies":"Cultist","floor":11.0,"turns":3.0},{"damage":7.0,"enemies":"3 Sentries","floor":13.0,"turns":7.0},{"damage":0.0,"enemies":"Exordium Thugs","floor":14.0,"turns":2.0},{"damage":45.0,"enemies":"The Guardian","floor":16.0,"turns":8.0},{"damage":21.0,"enemies":"3 Byrds","floor":18.0,"turns":6.0},{"damage":0.0,"enemies":"Spheric Guardian","floor":19.0,"turns":2.0},{"damage":38.0,"enemies":"Book of Stabbing","floor":23.0,"turns":5.0},{"damage":7.0,"enemies":"Centurion and Healer","floor":24.0,"turns":5.0},{"damage":0.0,"enemies":"Slavers","floor":27.0,"turns":4.0},{"damage":0.0,"enemies":"Snecko","floor":28.0,"turns":2.0},{"damage":24.0,"enemies":"Book of Stabbing","floor":29.0,"turns":4.0},{"damage":1.0,"enemies":"Masked Bandits","floor":30.0,"turns":2.0},{"damage":0.0,"enemies":"3 Cultists","floor":31.0,"turns":5.0},{"damage":35.0,"enemies":"Champ","floor":33.0,"turns":9.0},{"damage":5.0,"enemies":"3 Darklings","floor":35.0,"turns":3.0},{"damage":0.0,"enemies":"3 Shapes","floor":36.0,"turns":3.0},{"damage":8.0,"enemies":"Maw","floor":41.0,"turns":5.0},{"damage":6.0,"enemies":"Giant Head","floor":42.0,"turns":5.0},{"damage":0.0,"enemies":"Mind Bloom Boss Battle","floor":45.0,"turns":1.0},{"damage":0.0,"enemies":"3 Darklings","floor":46.0,"turns":2.0},{"damage":26,"enemies":"Time Eater","floor":50,"turns":7}],"seed_played":"920870088747004026","potions_obtained":[{"floor":1.0,"key":"Explosive Potion"},{"floor":11.0,"key":"SneckoOil"},{"floor":13.0,"key":"SteroidPotion"},{"floor":16.0,"key":"SkillPotion"},{"floor":18.0,"key":"SpeedPotion"},{"floor":24.0,"key":"Swift Potion"},{"floor":27.0,"key":"PowerPotion"},{"floor":28.0,"key":"Fruit Juice"},{"floor":31.0,"key":"Ancient Potion"},{"floor":33.0,"key":"AttackPotion"}],"is_trial":false,"path_per_floor":["M","?","?","$","?","E","R","E","T","M","M","$","E","M","R","B",null,"M","M","?","$","?","E","M","R","T","E","M","E","?","M","R","B",null,"M","M","$","?","?","R","M","E","T","R","?","M","R","T","R","B",null],"character_chosen":"IRONCLAD","items_purchased":["Demon Form","Impervious","Bag of Marbles","Shrug It Off+1","Secret Technique+1"],"campfire_rested":1,"item_purchase_floors":[21,21,37,37,37],"current_hp_per_floor":[74,56,62,62,62,68,68,74,74,77,79,79,78,81,81,42,71,56,62,62,62,41,9,8,32,32,38,46,33,38,44,44,15,70,71,79,79,79,63,63,61,61,61,61,90,92,92,92,92,72],"gold":281,"neow_bonus":"THREE_ENEMY_KILL","is_prod":false,"is_daily":false,"chose_seed":false,"campfire_upgraded":7,"win_rate":0,"timestamp":1562521572,"path_taken":["M","?","?","$","?","E","R","E","T","M","?","?","E","M","R","BOSS","M","M","?","$","?","E","M","R","T","E","M","E","?","M","R","BOSS","M","M","$","?","?","R","M","E","T","R","?","M","R","?","R","BOSS"],"build_version":"2019-07-05","purchased_purges":3,"victory":true,"max_hp_per_floor":[75,75,81,81,81,81,81,81,81,81,81,81,81,81,81,81,81,81,81,81,81,81,81,81,81,81,81,83,88,88,88,88,88,88,88,90,90,90,90,90,90,90,90,90,90,92,92,92,92,92],"card_choices":[{"not_picked":["Searing Blow","Wild Strike"],"picked":"Perfected Strike","floor":1.0},{"not_picked":["Fire Breathing","Headbutt"],"picked":"Twin Strike","floor":6.0},{"not_picked":["Twin Strike","Clothesline"],"picked":"Feel No Pain","floor":8.0},{"not_picked":["Thunderclap","Carnage"],"picked":"Headbutt","floor":10.0},{"not_picked":["Barricade","Iron Wave"],"picked":"Dual Wield","floor":10.0},{"not_picked":["Hemokinesis","True Grit"],"picked":"Pommel Strike","floor":11.0},{"not_picked":["Seeing Red","Dual Wield"],"picked":"Warcry","floor":11.0},{"not_picked":["Cleave","Shockwave"],"picked":"Ghostly Armor","floor":13.0},{"not_picked":["Sever Soul","Wild Strike"],"picked":"Perfected Strike","floor":14.0},{"not_picked":["Sword Boomerang","Exhume"],"picked":"Warcry","floor":14.0},{"not_picked":["Exhume","Juggernaut"],"picked":"Impervious","floor":16.0},{"not_picked":["Warcry","Body Slam"],"picked":"Battle Trance","floor":18.0},{"not_picked":["Entrench","Inflame"],"picked":"Whirlwind+1","floor":18.0},{"not_picked":["Heavy Blade","Anger+1"],"picked":"Wild Strike","floor":19.0},{"not_picked":["Body Slam","Dropkick+1","Second Wind"],"picked":"SKIP","floor":19.0},{"not_picked":["Intimidate","Warcry"],"picked":"Pommel Strike","floor":23.0},{"not_picked":["Iron Wave+1","Rampage+1"],"picked":"Brutality","floor":24.0},{"not_picked":["Infernal Blade","Iron Wave"],"picked":"Shrug It Off","floor":24.0},{"not_picked":["Hemokinesis","Limit Break"],"picked":"Inflame","floor":27.0},{"not_picked":["Anger","Cleave+1"],"picked":"Dual Wield+1","floor":28.0},{"not_picked":["Heavy Blade+1","Thunderclap","Armaments+1"],"picked":"Singing Bowl","floor":28.0},{"not_picked":["Whirlwind","Infernal Blade+1"],"picked":"Perfected Strike","floor":29.0},{"not_picked":["Hemokinesis","Second Wind+1","Havoc+1"],"picked":"Wild Strike","floor":30.0},{"not_picked":["Wild Strike+1","Clash","Searing Blow"],"picked":"Perfected Strike","floor":31.0},{"not_picked":["Pummel","Headbutt+1","Warcry+1"],"picked":"Pommel Strike","floor":31.0},{"not_picked":["Exhume+1","Dark Embrace","Berserk"],"picked":"Double Tap+1","floor":33.0},{"not_picked":["Clash+1","Iron Wave","Sword Boomerang"],"picked":"Perfected Strike","floor":35.0},{"not_picked":["Body Slam","Anger","Dual Wield+1"],"picked":"Warcry+1","floor":35.0},{"not_picked":["Feed","Shrug It Off+1","Thunderclap"],"picked":"Perfected Strike","floor":36.0},{"not_picked":["Anger+1","Iron Wave","Thunderclap","Berserk"],"picked":"Singing Bowl","floor":36.0},{"not_picked":["Ghostly Armor+1","Rampage","Cleave"],"picked":"Disarm+1","floor":41.0},{"not_picked":["Cleave","Seeing Red+1","Anger"],"picked":"Thunderclap+1","floor":41.0},{"not_picked":["True Grit+1","Twin Strike","Flex+1"],"picked":"Battle Trance+1","floor":42.0},{"not_picked":["Thunderclap","Feel No Pain","Fire Breathing+1"],"picked":"Corruption","floor":45.0},{"not_picked":["Clothesline","Reckless Charge+1","Iron Wave"],"picked":"Pommel Strike","floor":46.0},{"not_picked":["Flex+1","Cleave","Reaper","Dropkick+1"],"picked":"Singing Bowl","floor":46.0}],"player_experience":218632,"relics_obtained":[{"floor":6.0,"key":"Gremlin Horn"},{"floor":8.0,"key":"Ancient Tea Set"},{"floor":9.0,"key":"Prayer Wheel"},{"floor":13.0,"key":"Tiny Chest"},{"floor":22.0,"key":"Nilry\u0027s Codex"},{"floor":23.0,"key":"Old Coin"},{"floor":26.0,"key":"Singing Bowl"},{"floor":27.0,"key":"Toxic Egg 2"},{"floor":29.0,"key":"Question Card"},{"floor":30.0,"key":"Red Mask"},{"floor":42.0,"key":"War Paint"},{"floor":43.0,"key":"Pantograph"},{"floor":45.0,"key":"Peace Pipe"},{"floor":48.0,"key":"Bronze Scales"}],"event_choices":[{"damage_healed":0.0,"max_hp_gain":0.0,"max_hp_loss":0.0,"gold_gain":0.0,"event_name":"Scrap Ooze","player_choice":"Success","floor":2.0,"gold_loss":0.0,"damage_taken":18.0,"relics_obtained":["Darkstone Periapt"]},{"damage_healed":0.0,"max_hp_gain":0.0,"max_hp_loss":0.0,"gold_gain":0.0,"event_name":"Big Fish","player_choice":"Box","floor":3.0,"gold_loss":0.0,"damage_taken":0.0,"relics_obtained":["Bag of Preparation"],"cards_obtained":["Regret"]},{"damage_healed":0.0,"max_hp_gain":0.0,"max_hp_loss":0.0,"gold_gain":0.0,"cards_transformed":["Bash"],"event_name":"Transmorgrifier","player_choice":"Transformed","floor":5.0,"gold_loss":0.0,"damage_taken":0.0,"cards_obtained":["Hemokinesis"]},{"damage_healed":0.0,"max_hp_gain":0.0,"max_hp_loss":0.0,"gold_gain":50.0,"event_name":"Nest","player_choice":"Stole From Cult","floor":20.0,"gold_loss":0.0,"damage_taken":0.0},{"damage_healed":0.0,"max_hp_gain":0.0,"max_hp_loss":0.0,"gold_gain":0.0,"event_name":"Cursed Tome","player_choice":"Obtained Book","floor":22.0,"gold_loss":0.0,"damage_taken":21.0},{"damage_healed":0.0,"max_hp_gain":0.0,"max_hp_loss":0.0,"gold_gain":0.0,"event_name":"Masked Bandits","player_choice":"Fought Bandits","floor":30.0,"gold_loss":0.0,"damage_taken":0.0},{"cards_removed":["Warcry"],"damage_healed":0.0,"max_hp_gain":0.0,"max_hp_loss":0.0,"gold_gain":0.0,"event_name":"Falling","player_choice":"Removed Skill","floor":38.0,"gold_loss":0.0,"damage_taken":0.0},{"damage_healed":0.0,"max_hp_gain":0.0,"max_hp_loss":0.0,"gold_gain":0.0,"event_name":"Winding Halls","player_choice":"Embrace Madness","floor":39.0,"gold_loss":0.0,"damage_taken":16.0,"cards_obtained":["Madness","Madness"]},{"damage_healed":0.0,"max_hp_gain":0.0,"max_hp_loss":0.0,"gold_gain":0.0,"event_name":"MindBloom","player_choice":"Fight","floor":45.0,"gold_loss":0.0,"damage_taken":0.0}],"is_beta":false,"boss_relics":[{"not_picked":["Philosopher\u0027s Stone","Empty Cage"],"picked":"Velvet Choker"},{"not_picked":["Coffee Dripper","White Beast Statue"],"picked":"Sozu"}],"items_purged_floors":[4,12,37],"is_endless":false,"potions_floor_spawned":[1,11,13,16,18,24,27,28,31,33,35,36,42],"ascension_level":19}