{"gold_per_floor":[210,210,220,220,238,238,263,263,263,263,294,294,312,326,326,422,422,403,403,419,43,56,56,69,81,81,6,33,0,0,0,0,101,101,114,114,134,134,153,153,4,20,20,20,36,36,36,51,51,51],"floor_reached":50,"playtime":4121,"items_purged":["Defend_B"],"score":547,"play_id":"a37b0b8a-109e-4930-b070-a9ce89d211b8","local_time":"20190814155250","is_ascension_mode":false,"campfire_choices":[{"data":"Go for the Eyes","floor":6,"key":"SMITH"},{"data":"Dualcast","floor":10,"key":"SMITH"},{"data":"Zap","floor":12,"key":"SMITH"},{"data":"Beam Cell","floor":15,"key":"SMITH"},{"data":"Capacitor","floor":23,"key":"SMITH"},{"floor":32,"key":"REST"},{"data":"Echo Form","floor":40,"key":"SMITH"},{"floor":44,"key":"REST"},{"floor":47,"key":"REST"},{"floor":49,"key":"REST"}],"neow_cost":"NONE","seed_source_timestamp":16282732692700,"circlet_count":0,"master_deck":["Defend_B","Defend_B","Defend_B","Zap+1","Dualcast+1","Go for the Eyes+1","White Noise+1","Cold Snap","Gash","Conserve Battery+1","Beam Cell+1","Hologram+1","Seek+1","Hologram+1","Heatsinks+1","Thunder Strike+1","Force Field+1","All For One","Capacitor+1","Ball Lightning","Barrage+1","Glacier+1","Recycle+1","Echo Form+1","Gash","Turbo+1","Capacitor","Leap+1","Fusion+1","Madness+1","Madness+1","Gash+1","Gash+1","Gash","Dark Shackles+1","Rebound+1"],"relics":["Cracked Core","Toxic Egg 2","FaceOfCleric","Pear","Pen Nib","Gremlin Horn","Astrolabe","Omamori","Pantograph","Anchor","Orrery","Lantern","Question Card"],"potions_floor_usage":[16,16,28,33,33,42,45,45,48,48,48,48],"damage_taken":[{"damage":1,"enemies":"Jaw Worm","floor":1,"turns":4},{"damage":0,"enemies":"Small Slimes","floor":3,"turns":2},{"damage":0,"enemies":"Cultist","floor":5,"turns":3},{"damage":10,"enemies":"Lagavulin","floor":7,"turns":9},{"damage":19,"enemies":"3 Sentries","floor":11,"turns":8},{"damage":0,"enemies":"Looter","floor":13,"turns":3},{"damage":2,"enemies":"3 Louse","floor":14,"turns":2},{"damage":34,"enemies":"The Guardian","floor":16,"turns":14},{"damage":0,"enemies":"2 Thieves","floor":18,"turns":5},{"damage":3,"enemies":"Chosen","floor":20,"turns":5},{"damage":11,"enemies":"Sentry and Sphere","floor":22,"turns":4},{"damage":16,"enemies":"Centurion and Healer","floor":24,"turns":4},{"damage":19,"enemies":"Snake Plant","floor":25,"turns":4},{"damage":40,"enemies":"Gremlin Leader","floor":28,"turns":10},{"damage":56,"enemies":"Automaton","floor":33,"turns":14},{"damage":0,"enemies":"Orb Walker","floor":35,"turns":5},{"damage":40,"enemies":"3 Shapes","floor":37,"turns":7},{"damage":0,"enemies":"Maw","floor":39,"turns":6},{"damage":18,"enemies":"Spire Growth","floor":42,"turns":6},{"damage":21,"enemies":"Writhing Mass","floor":45,"turns":6},{"damage":12,"enemies":"4 Shapes","floor":48,"turns":4},{"damage":121,"enemies":"Time Eater","floor":50,"turns":15}],"seed_played":"-4290409674899757917","potions_obtained":[{"floor":1,"key":"Energy Potion"},{"floor":5,"key":"PowerPotion"},{"floor":14,"key":"Poison Potion"},{"floor":16,"key":"SteroidPotion"},{"floor":18,"key":"Energy Potion"},{"floor":20,"key":"FocusPotion"},{"floor":33,"key":"SkillPotion"},{"floor":39,"key":"Regen Potion"},{"floor":42,"key":"FearPotion"},{"floor":45,"key":"EntropicBrew"}],"is_trial":false,"path_per_floor":["M","?","M","?","M","R","E","?","T","R","E","R","M","M","R","B",null,"M","?","M","$","M","R","M","M","T","$","E","?","?","$","R","B",null,"M","?","M","?","M","R","$","M","T","R","M","?","R","M","R","B"],"character_chosen":"DEFECT","items_purchased":["All For One","Omamori","Capacitor","Lantern"],"campfire_rested":4,"item_purchase_floors":[21,21,21,41],"current_hp_per_floor":[74,71,71,71,72,72,73,66,66,66,48,48,49,48,48,15,91,92,92,90,90,80,80,65,47,47,47,8,8,8,8,37,7,98,99,87,48,48,49,49,49,44,44,74,54,54,84,73,104,0],"gold":51,"neow_bonus":"HUNDRED_GOLD","is_prod":false,"is_daily":false,"chose_seed":false,"campfire_upgraded":6,"win_rate":0.0,"timestamp":1565769170,"path_taken":["M","?","M","?","?","R","E","?","T","R","E","R","M","M","R","BOSS","M","?","M","$","M","R","M","M","T","?","E","?","?","$","R","BOSS","M","?","M","?","M","R","$","M","T","R","?","?","R","M","R","BOSS"],"build_version":"2019-07-17","purchased_purges":1,"victory":false,"max_hp_per_floor":[75,75,75,75,76,76,87,87,87,87,88,88,89,90,90,91,91,92,92,93,93,94,94,95,96,96,96,97,97,97,97,97,98,98,99,99,100,100,101,101,101,102,102,102,103,103,103,104,104,104],"card_choices":[{"not_picked":["Blizzard","Rip and Tear"],"picked":"Go for the Eyes","floor":1},{"not_picked":["Sweeping Beam","Streamline"],"picked":"White Noise+1","floor":3},{"not_picked":["Gash","Turbo+1"],"picked":"Cold Snap","floor":5},{"not_picked":["Streamline","Cold Snap"],"picked":"Gash","floor":7},{"not_picked":["Leap+1","Amplify+1"],"picked":"Conserve Battery+1","floor":11},{"not_picked":["Conserve Battery+1","Turbo+1"],"picked":"Beam Cell","floor":13},{"not_picked":["Streamline","BootSequence+1"],"picked":"Hologram+1","floor":14},{"not_picked":["Machine Learning","Reboot+1"],"picked":"Seek+1","floor":16},{"not_picked":["Cold Snap","Sweeping Beam","Beam Cell"],"picked":"SKIP","floor":18},{"not_picked":["Beam Cell","Cold Snap"],"picked":"Force Field+1","floor":20},{"not_picked":["Aggregate+1","Cold Snap"],"picked":"Ball Lightning","floor":22},{"not_picked":["Auto Shields+1","Chaos+1"],"picked":"Barrage+1","floor":24},{"not_picked":["Darkness+1","Steam+1"],"picked":"Glacier+1","floor":25},{"not_picked":["Gash+1","Coolheaded+1"],"picked":"Recycle+1","floor":28},{"not_picked":["Machine Learning","Amplify+1"],"picked":"Echo Form","floor":33},{"not_picked":["Glacier+1","Cold Snap"],"picked":"Gash","floor":34},{"not_picked":["Conserve Battery+1","Go for the Eyes"],"picked":"Turbo+1","floor":34},{"not_picked":["Auto Shields+1","Darkness+1"],"picked":"Capacitor","floor":34},{"not_picked":["Compile Driver","Sweeping Beam"],"picked":"Leap+1","floor":34},{"not_picked":["Stack+1","Consume+1"],"picked":"Fusion+1","floor":35},{"not_picked":["Stack+1","Force Field+1"],"picked":"Gash+1","floor":37},{"not_picked":["Ball Lightning+1","Sweeping Beam+1","Hyperbeam"],"picked":"SKIP","floor":39},{"not_picked":["Storm+1","Ball Lightning+1"],"picked":"Gash+1","floor":42},{"not_picked":["Compile Driver+1","Rip and Tear","Chaos+1"],"picked":"Gash","floor":45},{"not_picked":["PanicButton+1","Purity+1","Finesse+1"],"picked":"Dark Shackles+1","floor":46},{"not_picked":["Barrage+1","Glacier+1","Compile Driver+1"],"picked":"Rebound+1","floor":48}],"player_experience":129259,"relics_obtained":[{"floor":7,"key":"Pear"},{"floor":9,"key":"Pen Nib"},{"floor":11,"key":"Gremlin Horn"},{"floor":26,"key":"Pantograph"},{"floor":28,"key":"Anchor"},{"floor":43,"key":"Question Card"}],"event_choices":[{"damage_healed":0,"gold_gain":0,"player_choice":"Success","damage_taken":3,"relics_obtained":["Toxic Egg 2"],"max_hp_gain":0,"max_hp_loss":0,"event_name":"Scrap Ooze","floor":2,"gold_loss":0},{"damage_healed":0,"gold_gain":0,"player_choice":"Trade","damage_taken":0,"relics_obtained":["FaceOfCleric"],"max_hp_gain":0,"max_hp_loss":0,"event_name":"FaceTrader","floor":4,"gold_loss":0},{"cards_removed":["Strike_B"],"damage_healed":0,"gold_gain":0,"player_choice":"Card Removal","damage_taken":7,"max_hp_gain":0,"max_hp_loss":0,"event_name":"Golden Wing","floor":8,"gold_loss":0},{"damage_healed":0,"gold_gain":0,"player_choice":"Bought 0 Potions","damage_taken":0,"max_hp_gain":0,"max_hp_loss":0,"event_name":"The Woman in Blue","floor":19,"gold_loss":0},{"damage_healed":0,"gold_gain":0,"player_choice":"Paid Fearfully","damage_taken":0,"max_hp_gain":0,"max_hp_loss":0,"event_name":"Masked Bandits","floor":29,"gold_loss":33},{"damage_healed":0,"gold_gain":0,"player_choice":"Embrace Madness","damage_taken":12,"max_hp_gain":0,"max_hp_loss":0,"event_name":"Winding Halls","floor":36,"gold_loss":0,"cards_obtained":["Madness","Madness"]},{"damage_healed":0,"gold_gain":0,"player_choice":"Relic","damage_taken":0,"max_hp_gain":0,"max_hp_loss":0,"event_name":"Wheel of Change","floor":38,"gold_loss":0},{"damage_healed":0,"gold_gain":0,"player_choice":"Memory 1","damage_taken":0,"max_hp_gain":0,"max_hp_loss":0,"event_name":"SensoryStone","floor":46,"gold_loss":0}],"is_beta":false,"boss_relics":[{"not_picked":["Snecko Eye","White Beast Statue"],"picked":"Astrolabe"},{"not_picked":["Nuclear Battery","Coffee Dripper"],"picked":"Orrery"}],"items_purged_floors":[27],"is_endless":false,"potions_floor_spawned":[1,5,14,16,18,20,25,33,39,42,45],"killed_by":"Time Eater","ascension_level":0}