{"gold_per_floor":[364,376,388,407,407,407,437,437,437,437],"floor_reached":10,"playtime":1158,"items_purged":[],"score":99,"play_id":"35483625-1300-4867-84f8-ab26d80801f9","local_time":"20190806002659","is_ascension_mode":true,"campfire_choices":[{"data":"Neutralize","floor":6,"key":"SMITH"},{"data":"Neutralize","floor":8,"key":"SMITH"}],"neow_cost":"TEN_PERCENT_HP_LOSS","seed_source_timestamp":609939816753189,"circlet_count":0,"master_deck":["Strike_G","Strike_G","Strike_G","Strike_G","Strike_G","Defend_G","Defend_G","Defend_G","Defend_G","Defend_G","Survivor","Neutralize+1","Quick Slash","Poisoned Stab","Panacea","PiercingWail","Neutralize+1"],"special_seed":0,"relics":["Ring of the Snake","Dodecahedron","Toxic Egg 2"],"potions_floor_usage":[7,10,10],"damage_taken":[{"damage":3.0,"enemies":"Small Slimes","floor":1.0,"turns":6.0},{"damage":0.0,"enemies":"Cultist","floor":2.0,"turns":5.0},{"damage":1.0,"enemies":"2 Louse","floor":3.0,"turns":3.0},{"damage":1.0,"enemies":"Looter","floor":4.0,"turns":3.0},{"damage":12,"enemies":"Lagavulin","floor":7,"turns":10},{"damage":61,"enemies":"3 Sentries","floor":10,"turns":16}],"seed_played":"2515826796389593700","potions_obtained":[{"floor":1.0,"key":"Dexterity Potion"},{"floor":2.0,"key":"GhostInAJar"},{"floor":4.0,"key":"SpeedPotion"},{"floor":7,"key":"Regen Potion"}],"is_trial":false,"path_per_floor":["M","M","M","M","?","R","E","R","T","E"],"character_chosen":"THE_SILENT","items_purchased":[],"campfire_rested":0,"item_purchase_floors":[],"current_hp_per_floor":[60,60,59,58,58,58,46,46,46,0],"gold":437,"neow_bonus":"TWO_FIFTY_GOLD","is_prod":false,"is_daily":false,"chose_seed":false,"campfire_upgraded":2,"win_rate":0,"timestamp":1565065619,"path_taken":["M","M","M","M","?","R","E","R","T","E"],"build_version":"2019-07-17","purchased_purges":0,"victory":false,"max_hp_per_floor":[63,63,63,63,63,63,63,63,63,63],"card_choices":[{"not_picked":["Catalyst","All Out Attack"],"picked":"Quick Slash","floor":1.0},{"not_picked":["Dash","Sucker Punch","Dodge and Roll"],"picked":"SKIP","floor":2.0},{"not_picked":["Caltrops","Slice"],"picked":"Poisoned Stab","floor":3.0},{"not_picked":["Expertise","Bane","Flying Knee"],"picked":"SKIP","floor":4.0},{"not_picked":["Skewer","Deadly Poison","Acrobatics"],"picked":"SKIP","floor":7}],"player_experience":357225,"relics_obtained":[{"floor":7,"key":"Dodecahedron"},{"floor":9,"key":"Toxic Egg 2"}],"event_choices":[{"damage_healed":0,"gold_gain":0,"player_choice":"3 cards matched","damage_taken":0,"max_hp_gain":0,"max_hp_loss":0,"event_name":"Match and Keep!","floor":5,"gold_loss":0,"cards_obtained":["Panacea","PiercingWail","Neutralize"]}],"is_beta":false,"boss_relics":[],"items_purged_floors":[],"is_endless":false,"potions_floor_spawned":[1,2,4,7],"killed_by":"3 Sentries","ascension_level":9}