{"gold_per_floor":[114,17,32,46,46,46,60,60,60,74,102,119,119,119,119,193,193,207,226,3,3],"floor_reached":21,"playtime":1938,"items_purged":["Defend_B"],"score":317,"play_id":"c8a167ac-b7be-49e3-9cb6-84e324fe662e","local_time":"20181227175640","is_ascension_mode":true,"campfire_choices":[{"data":"White Noise","floor":6.0,"key":"SMITH"},{"data":"Sunder","floor":8.0,"key":"SMITH"},{"floor":15,"key":"REST"}],"neow_cost":"NONE","seed_source_timestamp":0,"circlet_count":0,"master_deck":["AscendersBane","Strike_B","Strike_B","Strike_B","Defend_B","Defend_B","Defend_B","Zap","Dualcast","Conserve Battery","Sweeping Beam","White Noise+1","Sunder+1","Redo","Buffer","Electrodynamics","Barrage","Force Field","Static Discharge"],"special_seed":0,"relics":["White Beast Statue","Pantograph","Ginger","Inserter","DataDisk"],"potions_floor_usage":[11,11,18],"damage_taken":[{"damage":1.0,"enemies":"Cultist","floor":1.0,"turns":4.0},{"damage":1.0,"enemies":"2 Louse","floor":3.0,"turns":2.0},{"damage":0.0,"enemies":"Jaw Worm","floor":4.0,"turns":4.0},{"damage":0.0,"enemies":"3 Louse","floor":7.0,"turns":4.0},{"damage":11.0,"enemies":"Blue Slaver","floor":10.0,"turns":4.0},{"damage":28,"enemies":"Gremlin Nob","floor":11,"turns":4},{"damage":20,"enemies":"Large Slime","floor":12,"turns":6},{"damage":23,"enemies":"Slime Boss","floor":16,"turns":11},{"damage":19,"enemies":"Shell Parasite","floor":18,"turns":5},{"damage":34,"enemies":"2 Thieves","floor":19,"turns":4},{"damage":30,"enemies":"Shelled Parasite and Fungi","floor":21,"turns":2}],"seed_played":"8930115263523954050","potions_obtained":[{"floor":1.0,"key":"Fruit Juice"},{"floor":3.0,"key":"SteroidPotion"},{"floor":4.0,"key":"Ancient Potion"},{"floor":7.0,"key":"Fruit Juice"},{"floor":10.0,"key":"SkillPotion"},{"floor":11,"key":"SpeedPotion"},{"floor":12,"key":"SpeedPotion"},{"floor":16,"key":"EssenceOfSteel"},{"floor":18,"key":"Fire Potion"},{"floor":19,"key":"LiquidBronze"}],"is_trial":false,"path_per_floor":["M","$","M","M","$","R","M","R","T","M","E","M","?","?","R","B",null,"M","M","$","M"],"character_chosen":"DEFECT","items_purchased":["Sweeping Beam","DataDisk","Static Discharge"],"campfire_rested":1,"item_purchase_floors":[2,20,20],"current_hp_per_floor":[63,63,67,67,67,67,67,72,72,61,33,13,6,1,25,27,68,49,15,15,0],"gold":3,"neow_bonus":"BOSS_RELIC","is_prod":false,"is_daily":false,"chose_seed":false,"campfire_upgraded":2,"win_rate":0,"timestamp":1545962200,"path_taken":["M","$","M","M","$","R","M","R","T","?","E","M","?","?","R","BOSS","M","M","$","M"],"build_version":"2018-12-20","purchased_purges":1,"victory":false,"max_hp_per_floor":[71,71,76,76,76,76,76,81,81,81,81,81,81,81,81,81,81,81,81,81,81],"card_choices":[{"not_picked":["Capacitor","Coolheaded"],"picked":"Conserve Battery","floor":1.0},{"not_picked":["Barrage","Coolheaded"],"picked":"White Noise","floor":3.0},{"not_picked":["Barrage","Stack","Steam"],"picked":"SKIP","floor":4.0},{"not_picked":["Steam","FTL"],"picked":"Sunder","floor":7.0},{"not_picked":["Sweeping Beam","Barrage"],"picked":"Redo","floor":10.0},{"not_picked":["Gash","Barrage","Scrape"],"picked":"SKIP","floor":11},{"not_picked":["Compile Driver","Hologram"],"picked":"Buffer","floor":12},{"not_picked":["Core Surge","Biased Cognition"],"picked":"Electrodynamics","floor":16},{"not_picked":["Gash","Reprogram"],"picked":"Barrage","floor":18},{"not_picked":["Stack","Doom and Gloom"],"picked":"Force Field","floor":19}],"player_experience":1069245,"relics_obtained":[{"floor":9.0,"key":"Pantograph"},{"floor":11,"key":"Ginger"}],"event_choices":[{"cards_removed":["Strike_B"],"damage_healed":0,"gold_gain":0,"player_choice":"Card Removal","damage_taken":7,"max_hp_gain":0,"max_hp_loss":0,"event_name":"Golden Wing","floor":13,"gold_loss":0},{"damage_healed":0,"gold_gain":0,"player_choice":"Fled","damage_taken":5,"max_hp_gain":0,"max_hp_loss":0,"event_name":"Scrap Ooze","floor":14,"gold_loss":0}],"is_beta":false,"boss_relics":[{"not_picked":["Runic Pyramid","Calling Bell"],"picked":"Inserter"}],"items_purged_floors":[2],"is_endless":false,"potions_floor_spawned":[1,3,4,7,10,11,12,16,18,19],"killed_by":"Shelled Parasite and Fungi","ascension_level":15}