{"gold_per_floor":[118,135,60,60,8,8,38,49,49,49,77,77,90,12,12,12],"floor_reached":16,"playtime":11159,"items_purged":["Defend_G"],"score":193,"play_id":"982b8052-bbf1-4ff7-b4ea-ef265ccc73e4","local_time":"20190313005630","is_ascension_mode":true,"campfire_choices":[{"data":"Dagger Throw","floor":6,"key":"SMITH"},{"data":"Footwork","floor":10,"key":"SMITH"},{"data":"Underhanded Strike","floor":12,"key":"SMITH"},{"data":"Reflex","floor":15,"key":"SMITH"}],"neow_cost":"NONE","seed_source_timestamp":1684594288160540,"circlet_count":0,"master_deck":["Defend_G","Defend_G","Defend_G","Defend_G","Strike_G","Strike_G","Strike_G","Strike_G","Strike_G","Survivor","Neutralize+1","Underhanded Strike","Dagger Throw+1","Footwork+1","Underhanded Strike+1","Expertise","Reflex+1","Eviscerate"],"relics":["Ring of the Snake","NeowsBlessing","WingedGreaves","Frozen Egg 2","Dream Catcher"],"potions_floor_usage":[16],"damage_taken":[{"damage":0,"enemies":"Small Slimes","floor":1,"turns":1},{"damage":0,"enemies":"Cultist","floor":2,"turns":1},{"damage":0,"enemies":"3 Sentries","floor":7,"turns":2},{"damage":0,"enemies":"Jaw Worm","floor":8,"turns":4},{"damage":15,"enemies":"Lagavulin","floor":11,"turns":7},{"damage":5,"enemies":"Gremlin Gang","floor":13,"turns":5},{"damage":57,"enemies":"Slime Boss","floor":16,"turns":13}],"seed_played":"-6083713830384934149","potions_obtained":[{"floor":7,"key":"Swift Potion"},{"floor":8,"key":"Dexterity Potion"}],"is_trial":false,"path_per_floor":["M","M","$","?","$","R","E","M","T","R","E","R","M","$","R","B"],"character_chosen":"THE_SILENT","items_purchased":["Dagger Throw","Eviscerate"],"campfire_rested":0,"item_purchase_floors":[5,14],"current_hp_per_floor":[63,63,63,63,63,63,63,63,63,63,48,48,43,43,43,0],"gold":12,"neow_bonus":"THREE_ENEMY_KILL","is_prod":false,"is_daily":false,"chose_seed":false,"campfire_upgraded":4,"win_rate":0,"timestamp":1552463790,"path_taken":["M","M","$","?","$","R","E","M","T","R","E","R","?","?","R","BOSS"],"build_version":"2019-01-23","purchased_purges":1,"victory":false,"max_hp_per_floor":[70,70,70,70,70,70,70,70,70,70,70,70,70,70,70,70],"card_choices":[{"not_picked":["Sucker Punch","Dash"],"picked":"Underhanded Strike","floor":1},{"not_picked":["Deflect","Terror","Distraction"],"picked":"SKIP","floor":2},{"not_picked":["PiercingWail","Dodge and Roll"],"picked":"Footwork","floor":7},{"not_picked":["Terror","Deflect"],"picked":"Underhanded Strike","floor":8},{"not_picked":["Cloak And Dagger","Deflect"],"picked":"Expertise","floor":11},{"not_picked":["Dagger Spray","Deflect"],"picked":"Reflex","floor":13}],"player_experience":1219012,"relics_obtained":[{"floor":7,"key":"WingedGreaves"},{"floor":9,"key":"Frozen Egg 2"},{"floor":11,"key":"Dream Catcher"}],"event_choices":[{"damage_healed":0,"gold_gain":0,"player_choice":"Upgraded","damage_taken":0,"max_hp_gain":0,"max_hp_loss":0,"event_name":"Upgrade Shrine","floor":4,"gold_loss":0,"cards_upgraded":["Neutralize"]}],"is_beta":false,"boss_relics":[],"items_purged_floors":[3],"is_endless":false,"potions_floor_spawned":[7,8],"killed_by":"Slime Boss","ascension_level":9}