{"gold_per_floor":[113,127,127,77,2,2,26,26,26,39,60,81,81,1,1,1],"floor_reached":16,"playtime":769,"items_purged":["Defend_R","Strike_R"],"score":92,"play_id":"5679c9be-22bf-4210-bd82-3f9c18f1fc85","local_time":"20190425165727","is_ascension_mode":false,"campfire_choices":[{"data":"Bash","floor":6,"key":"SMITH"},{"floor":15,"key":"REST"}],"neow_cost":"TEN_PERCENT_HP_LOSS","seed_source_timestamp":425520920276274,"circlet_count":0,"master_deck":["Strike_R","Strike_R","Strike_R","Defend_R+1","Defend_R","Defend_R+1","Bash+1"],"relics":["Burning Blood","Ginger","Golden Idol","Meat on the Bone","The Courier"],"potions_floor_usage":[12],"damage_taken":[{"damage":2,"enemies":"Small Slimes","floor":1,"turns":4},{"damage":0,"enemies":"2 Louse","floor":2,"turns":3},{"damage":3,"enemies":"Jaw Worm","floor":7,"turns":4},{"damage":12,"enemies":"Exordium Thugs","floor":10,"turns":5},{"damage":14,"enemies":"Blue Slaver","floor":11,"turns":3},{"damage":16,"enemies":"Exordium Wildlife","floor":12,"turns":6},{"damage":24,"enemies":"Hexaghost","floor":16,"turns":7}],"seed_played":"-5772199534495804888","potions_obtained":[{"floor":1,"key":"Regen Potion"},{"floor":2,"key":"EssenceOfSteel"},{"floor":7,"key":"Swift Potion"}],"is_trial":false,"path_per_floor":["M","M","?","?","$","R","M","T","T","M","M","M","?","$","R","B"],"character_chosen":"IRONCLAD","items_purchased":[],"campfire_rested":1,"item_purchase_floors":[],"current_hp_per_floor":[72,72,54,54,54,54,57,57,57,51,43,45,31,31,52,28],"gold":1,"neow_bonus":"ONE_RARE_RELIC","is_prod":false,"is_daily":false,"chose_seed":false,"campfire_upgraded":1,"win_rate":0,"timestamp":1556204247,"path_taken":["M","M","?","?","$","R","?","?","T","M","M","M","?","?","R","BOSS"],"build_version":"2019-04-23","purchased_purges":2,"victory":false,"max_hp_per_floor":[72,72,72,72,72,72,72,72,72,72,72,72,72,72,72,72],"card_choices":[{"not_picked":["Inflame","Flame Barrier","Body Slam"],"picked":"SKIP","floor":1},{"not_picked":["Sword Boomerang","Dual Wield","Body Slam"],"picked":"SKIP","floor":2},{"not_picked":["Dual Wield","Cleave","Perfected Strike"],"picked":"SKIP","floor":7},{"not_picked":["Dark Embrace","Warcry","Thunderclap"],"picked":"SKIP","floor":10},{"not_picked":["Combust","Cleave","Warcry"],"picked":"SKIP","floor":11},{"not_picked":["Cleave","Berserk","Flex"],"picked":"SKIP","floor":12}],"player_experience":338524,"relics_obtained":[{"floor":8,"key":"Meat on the Bone"},{"floor":9,"key":"The Courier"}],"event_choices":[{"damage_healed":0,"gold_gain":0,"player_choice":"Take Damage","damage_taken":18,"relics_obtained":["Golden Idol"],"max_hp_gain":0,"max_hp_loss":0,"event_name":"Golden Idol","floor":3,"gold_loss":0},{"cards_removed":["Strike_R"],"damage_healed":0,"gold_gain":0,"player_choice":"Card Removal","damage_taken":0,"max_hp_gain":0,"max_hp_loss":0,"event_name":"The Cleric","floor":4,"gold_loss":50},{"damage_healed":0,"gold_gain":0,"player_choice":"Entered Light","damage_taken":14,"max_hp_gain":0,"max_hp_loss":0,"event_name":"Shining Light","floor":13,"gold_loss":0,"cards_upgraded":["Defend_R","Defend_R"]}],"is_beta":true,"boss_relics":[],"items_purged_floors":[5,14],"is_endless":false,"potions_floor_spawned":[1,2,7],"killed_by":"Hexaghost","ascension_level":0}