{"gold_per_floor":[117,117,117,130,5,36,36,36,105,125,136,136,169,185,185,290,290,301,319,229,246,246],"floor_reached":22,"playtime":2059,"items_purged":["Strike_G"],"score":221,"play_id":"53626d0d-bcd5-47da-b64a-cb4f974f033f","local_time":"20190811123241","is_ascension_mode":false,"campfire_choices":[{"data":"Infinite Blades","floor":12,"key":"SMITH"},{"floor":15,"key":"REST"}],"neow_cost":"NONE","seed_source_timestamp":16958043281300,"circlet_count":0,"master_deck":["Strike_G","Strike_G","Strike_G","Defend_G+1","Defend_G","Defend_G","Defend_G","Survivor","Neutralize","Deadly Poison","Outmaneuver","Blade Dance","Infinite Blades+1","Dash","Sucker Punch","Quick Slash","Poisoned Stab","Leg Sweep","Envenom","Terror","Finisher","Blur","Backflip","Tools of the Trade"],"relics":["Ring of the Snake","NeowsBlessing","Peace Pipe","Lantern","Mummified Hand","Dream Catcher","Orrery"],"potions_floor_usage":[13,16],"damage_taken":[{"damage":0,"enemies":"2 Louse","floor":1,"turns":1},{"damage":0,"enemies":"Small Slimes","floor":4,"turns":1},{"damage":0,"enemies":"Lagavulin","floor":6,"turns":1},{"damage":3,"enemies":"Jaw Worm","floor":10,"turns":4},{"damage":0,"enemies":"Gremlin Gang","floor":11,"turns":5},{"damage":17,"enemies":"Gremlin Nob","floor":13,"turns":4},{"damage":0,"enemies":"Looter","floor":14,"turns":3},{"damage":27,"enemies":"Hexaghost","floor":16,"turns":13},{"damage":1,"enemies":"Chosen","floor":18,"turns":4},{"damage":0,"enemies":"Shell Parasite","floor":19,"turns":7},{"damage":16,"enemies":"Centurion and Healer","floor":21,"turns":9},{"damage":64,"enemies":"3 Cultists","floor":22,"turns":6}],"seed_played":"-837476625109459097","potions_obtained":[{"floor":4,"key":"SteroidPotion"},{"floor":6,"key":"Regen Potion"},{"floor":11,"key":"Poison Potion"},{"floor":16,"key":"AttackPotion"},{"floor":19,"key":"Energy Potion"}],"is_trial":false,"path_per_floor":["M","?","?","M","$","E","?","T","T","M","M","R","E","M","R","B",null,"M","M","?","M","M"],"character_chosen":"THE_SILENT","items_purchased":["Blade Dance"],"campfire_rested":1,"item_purchase_floors":[5],"current_hp_per_floor":[70,63,63,63,63,63,63,63,63,60,60,60,43,43,64,52,70,69,69,69,53,0],"gold":246,"neow_bonus":"THREE_ENEMY_KILL","is_prod":false,"is_daily":false,"chose_seed":false,"campfire_upgraded":1,"win_rate":0.0,"timestamp":1565497961,"path_taken":["M","?","?","M","$","E","?","?","T","M","?","R","E","M","R","BOSS","M","?","?","M","?"],"build_version":"2019-07-17","purchased_purges":1,"victory":false,"max_hp_per_floor":[70,70,70,70,70,70,70,70,70,70,70,70,70,70,70,70,70,70,70,70,70,70],"card_choices":[{"not_picked":["Flying Knee","Well Laid Plans"],"picked":"Deadly Poison","floor":1},{"not_picked":["Acrobatics","Dodge and Roll"],"picked":"Outmaneuver","floor":4},{"not_picked":["Flying Knee","Prepared"],"picked":"Infinite Blades","floor":6},{"not_picked":["Backflip","Infinite Blades"],"picked":"Dash","floor":10},{"not_picked":["Prepared","Outmaneuver"],"picked":"Sucker Punch","floor":11},{"not_picked":["PiercingWail","Die Die Die"],"picked":"Quick Slash","floor":13},{"not_picked":["Finisher","Blur"],"picked":"Poisoned Stab","floor":14},{"not_picked":["Dagger Throw","Flying Knee"],"picked":"Leg Sweep","floor":15},{"not_picked":["Doppelganger","Die Die Die"],"picked":"Envenom","floor":16},{"not_picked":["Blur","Dodge and Roll"],"picked":"Terror","floor":17},{"not_picked":["Quick Slash","Tactician"],"picked":"Finisher","floor":17},{"not_picked":["Well Laid Plans","Poisoned Stab"],"picked":"Blur","floor":17},{"not_picked":["PiercingWail","Reflex"],"picked":"Backflip","floor":17},{"not_picked":["Riddle With Holes","Quick Slash+1","PiercingWail"],"picked":"SKIP","floor":18},{"not_picked":["Terror+1","Sucker Punch+1","Calculated Gamble"],"picked":"SKIP","floor":19},{"not_picked":["Deadly Poison","Blade Dance"],"picked":"Tools of the Trade","floor":21}],"player_experience":47924,"relics_obtained":[{"floor":6,"key":"Peace Pipe"},{"floor":8,"key":"Lantern"},{"floor":9,"key":"Mummified Hand"},{"floor":13,"key":"Dream Catcher"}],"event_choices":[{"cards_removed":["Strike_G"],"damage_healed":0,"gold_gain":0,"player_choice":"Card Removal","damage_taken":7,"max_hp_gain":0,"max_hp_loss":0,"event_name":"Golden Wing","floor":2,"gold_loss":0},{"damage_healed":0,"gold_gain":0,"player_choice":"Ignored","damage_taken":0,"max_hp_gain":0,"max_hp_loss":0,"event_name":"Golden Idol","floor":3,"gold_loss":0},{"damage_healed":0,"gold_gain":0,"player_choice":"Ignored","damage_taken":0,"max_hp_gain":0,"max_hp_loss":0,"event_name":"Liars Game","floor":7,"gold_loss":0},{"cards_removed":["Defend_G"],"damage_healed":0,"gold_gain":0,"player_choice":"Upgrade and Remove","damage_taken":0,"max_hp_gain":0,"max_hp_loss":0,"event_name":"Designer","floor":20,"gold_loss":90,"cards_upgraded":["Defend_G"]}],"is_beta":false,"boss_relics":[{"not_picked":["Cursed Key","Sozu"],"picked":"Orrery"}],"items_purged_floors":[5],"is_endless":false,"potions_floor_spawned":[4,6,11,16,19,21],"killed_by":"3 Cultists","ascension_level":0}