{"gold_per_floor":[18,31,51,62,137,137,153,186,216,216,216],"floor_reached":11,"playtime":330,"items_purged":[],"score":123,"play_id":"ac91978c-5da1-47c8-97aa-fc0153879755","local_time":"20190501015826","is_ascension_mode":true,"campfire_choices":[{"data":"Feed","floor":6.0,"key":"SMITH"}],"neow_cost":"NO_GOLD","seed_source_timestamp":0,"circlet_count":0,"master_deck":["Strike_R","Strike_R","Strike_R","Strike_R","Defend_R","Defend_R","Defend_R","Defend_R","Bash","Feed+1","Hemokinesis","Headbutt","Double Tap"],"special_seed":0,"relics":["Burning Blood","Dream Catcher","Tiny Chest"],"potions_floor_usage":[8,11,11],"damage_taken":[{"damage":0.0,"enemies":"Small Slimes","floor":1.0,"turns":3.0},{"damage":8.0,"enemies":"Jaw Worm","floor":2.0,"turns":4.0},{"damage":0.0,"enemies":"2 Louse","floor":3.0,"turns":2.0},{"damage":26.0,"enemies":"Looter","floor":4.0,"turns":4.0},{"damage":22.0,"enemies":"Exordium Wildlife","floor":7.0,"turns":4.0},{"damage":34,"enemies":"Lagavulin","floor":8,"turns":5},{"damage":35,"enemies":"3 Sentries","floor":11,"turns":5}],"seed_played":"5422021592444960429","potions_obtained":[{"floor":2.0,"key":"Regen Potion"},{"floor":4.0,"key":"Dexterity Potion"},{"floor":8,"key":"SpeedPotion"}],"is_trial":false,"path_per_floor":["M","M","M","M","?","R","M","E","T","?","E"],"character_chosen":"IRONCLAD","items_purchased":[],"campfire_rested":0,"item_purchase_floors":[],"current_hp_per_floor":[81,82,89,72,61,61,49,33,33,26,0],"gold":216,"neow_bonus":"THREE_RARE_CARDS","is_prod":false,"is_daily":false,"chose_seed":false,"campfire_upgraded":1,"win_rate":0,"timestamp":1556701106,"path_taken":["M","M","M","M","?","R","M","E","T","?","E"],"build_version":"2019-01-23","purchased_purges":0,"victory":false,"max_hp_per_floor":[83,86,89,92,92,92,96,96,96,96,100],"card_choices":[{"not_picked":["Impervious","Limit Break"],"picked":"Feed","floor":0.0},{"not_picked":["True Grit","Iron Wave","Body Slam"],"picked":"SKIP","floor":1.0},{"not_picked":["Shrug It Off","Rage"],"picked":"Hemokinesis","floor":2.0},{"not_picked":["Body Slam","Anger"],"picked":"Headbutt","floor":3.0},{"not_picked":["Twin Strike","Infernal Blade","Body Slam"],"picked":"SKIP","floor":4.0},{"not_picked":["Entrench","Evolve"],"picked":"Double Tap","floor":7.0},{"not_picked":["Twin Strike","Heavy Blade","Sword Boomerang"],"picked":"SKIP","floor":8}],"player_experience":1314341,"relics_obtained":[{"floor":8,"key":"Dream Catcher"},{"floor":9,"key":"Tiny Chest"}],"event_choices":[{"damage_healed":0.0,"max_hp_gain":0.0,"max_hp_loss":0.0,"gold_gain":75.0,"event_name":"World of Goop","player_choice":"Gather Gold","floor":5.0,"gold_loss":0.0,"damage_taken":11.0},{"cards_removed":["Strike_R"],"damage_healed":0,"gold_gain":0,"player_choice":"Card Removal","damage_taken":7,"max_hp_gain":0,"max_hp_loss":0,"event_name":"Golden Wing","floor":10,"gold_loss":0}],"is_beta":false,"boss_relics":[],"items_purged_floors":[],"is_endless":false,"potions_floor_spawned":[2,4,8],"killed_by":"3 Sentries","ascension_level":6}