{"gold_per_floor":[110,110,35,54,54,54,87,87,87,103,117,130,130,157,157,259,259,272,27,37,0,14,14,42,55,55,55,89,100,113,113,113,217,217,235,134,151,204,222,249,249,260,260,260,286,286,175,185,185,185],"floor_reached":51,"playtime":3450,"items_purged":["Strike_B","Strike_B"],"score":938,"play_id":"a930df9c-7682-4e40-a785-18c4b55f55a8","local_time":"20180804121526","is_ascension_mode":true,"campfire_choices":[{"data":"Streamline","floor":6.0,"key":"SMITH"},{"data":"Zap","floor":8.0,"key":"SMITH"},{"data":"Dualcast","floor":13.0,"key":"SMITH"},{"data":"Scrape","floor":15,"key":"SMITH"},{"floor":23,"key":"REST"},{"floor":32,"key":"REST"},{"floor":41,"key":"REST"},{"floor":46,"key":"REST"},{"floor":49,"key":"REST"}],"neow_cost":"NONE","seed_source_timestamp":0,"circlet_count":0,"master_deck":["Strike_B","Strike_B","Defend_B","Defend_B","Defend_B","Zap+1","Dualcast+1","Gash","Streamline+1","Scrape+1","All For One","Gash","Gash","All For One","Gash","Beam Cell","Go for the Eyes+1","Gash","Chill+1","Hologram+1","Necronomicurse","Reboot+1","Streamline","Steam+1","Double Energy+1","Go for the Eyes","Rebound","Hologram+1","Steam Power+1","FTL"],"special_seed":0,"relics":["Cracked Core","Pen Nib","Art of War","Smiling Mask","Du-Vu Doll","Fusion Hammer","DollysMirror","Bag of Preparation","Meat on the Bone","Toxic Egg 2","Symbiotic Virus","Necronomicon","Runic Dome","Ice Cream","Question Card","Shuriken","The Courier","Bronze Scales","Kunai"],"potions_floor_usage":[50,50],"damage_taken":[{"damage":2.0,"enemies":"Jaw Worm","floor":1.0,"turns":3.0},{"damage":1.0,"enemies":"Cultist","floor":4.0,"turns":3.0},{"damage":13.0,"enemies":"Lagavulin","floor":7.0,"turns":4.0},{"damage":0.0,"enemies":"2 Louse","floor":10.0,"turns":1.0},{"damage":3.0,"enemies":"Blue Slaver","floor":11.0,"turns":2.0},{"damage":6.0,"enemies":"Exordium Thugs","floor":12.0,"turns":4.0},{"damage":0,"enemies":"Gremlin Nob","floor":14,"turns":2},{"damage":32,"enemies":"Hexaghost","floor":16,"turns":9},{"damage":23,"enemies":"2 Thieves","floor":18,"turns":3},{"damage":16,"enemies":"3 Byrds","floor":20,"turns":3},{"damage":38,"enemies":"Snake Plant","floor":22,"turns":3},{"damage":0,"enemies":"Gremlin Leader","floor":24,"turns":4},{"damage":0,"enemies":"Sentry and Sphere","floor":25,"turns":2},{"damage":25,"enemies":"Slavers","floor":28,"turns":3},{"damage":0,"enemies":"Centurion and Healer","floor":29,"turns":2},{"damage":3,"enemies":"Cultist and Chosen","floor":30,"turns":4},{"damage":13,"enemies":"Collector","floor":33,"turns":3},{"damage":8,"enemies":"3 Shapes","floor":35,"turns":3},{"damage":0,"enemies":"Flame Bruiser 1 Orb","floor":37,"turns":1},{"damage":3,"floor":38,"turns":3},{"damage":22,"enemies":"3 Darklings","floor":39,"turns":3},{"damage":0,"enemies":"Giant Head","floor":40,"turns":3},{"damage":0,"enemies":"Transient","floor":42,"turns":5},{"damage":14,"enemies":"2 Orb Walkers","floor":45,"turns":3},{"damage":0,"enemies":"Sphere and 2 Shapes","floor":48,"turns":2},{"damage":8,"enemies":"Donu and Deca","floor":50,"turns":3}],"seed_played":"-127970081833149231","potions_obtained":[{"floor":10.0,"key":"FearPotion"},{"floor":11.0,"key":"GamblersBrew"},{"floor":16,"key":"Energy Potion"},{"floor":42,"key":"SteroidPotion"}],"is_trial":false,"path_per_floor":["M","?","$","M","?","R","E","R","T","M","M","M","R","E","R","B",null,"M","$","M","?","M","R","E","M","T","T","E","M","M","?","R","B",null,"M","$","M","?","M","E","R","M","T","T","E","R","?","M","R","B"],"character_chosen":"DEFECT","items_purchased":["Gash","DollysMirror","Steam+1"],"campfire_rested":5,"item_purchase_floors":[19,19,36],"current_hp_per_floor":[73,73,73,72,77,77,64,64,64,64,61,55,55,55,55,23,80,57,57,41,41,3,27,27,27,27,27,14,26,35,19,43,42,80,72,72,72,69,47,47,71,71,71,71,57,80,80,80,80,72],"gold":185,"neow_bonus":"RANDOM_COMMON_RELIC","is_prod":false,"is_daily":false,"chose_seed":false,"campfire_upgraded":4,"win_rate":0,"timestamp":1533410126,"path_taken":["M","?","$","M","?","R","E","R","T","M","M","M","R","E","R","BOSS","M","$","M","?","M","R","E","M","T","?","E","M","M","?","R","BOSS","M","$","?","?","M","E","R","M","T","?","E","R","?","?","R","BOSS"],"build_version":"2018-08-02","purchased_purges":2,"victory":true,"max_hp_per_floor":[75,75,75,75,80,80,80,80,80,80,80,80,80,80,80,80,80,80,80,80,80,80,80,80,80,80,80,80,80,80,80,80,80,80,80,80,80,80,80,80,80,80,80,80,80,80,80,80,80,80],"card_choices":[{"not_picked":["Redo","BootSequence"],"picked":"Gash","floor":1.0},{"not_picked":["Go for the Eyes","Compile Driver"],"picked":"Streamline","floor":4.0},{"not_picked":["BootSequence","Thunder Strike","Rebound"],"picked":"SKIP","floor":7.0},{"not_picked":["Defragment","Conserve Battery","Aggregate"],"picked":"SKIP","floor":10.0},{"not_picked":["Sweeping Beam","Barrage","Force Field"],"picked":"SKIP","floor":11.0},{"not_picked":["Loop","Reinforced Body","Barrage"],"picked":"SKIP","floor":12.0},{"not_picked":["Conserve Battery","Leap"],"picked":"Scrape","floor":14},{"not_picked":["Machine Learning","Hyperbeam"],"picked":"All For One","floor":16},{"not_picked":["Leap","Cold Snap"],"picked":"Gash","floor":18},{"not_picked":["Glacier+1","Ball Lightning"],"picked":"Gash","floor":20},{"not_picked":["Steam","Leap+1"],"picked":"Beam Cell","floor":22},{"not_picked":["Barrage+1","Darkness","Stack"],"picked":"SKIP","floor":24},{"not_picked":["Reprogram","Streamline+1"],"picked":"Go for the Eyes+1","floor":25},{"not_picked":["Go for the Eyes","Biased Cognition"],"picked":"Gash","floor":28},{"not_picked":["Heatsinks","Glacier+1"],"picked":"Chill+1","floor":29},{"not_picked":["Melter","Redo+1"],"picked":"Hologram+1","floor":30},{"not_picked":["Fission+1","Thunder Strike"],"picked":"Reboot+1","floor":33},{"not_picked":["Genetic Algorithm+1","Coolheaded+1"],"picked":"Streamline","floor":35},{"not_picked":["Coolheaded+1","Stack+1"],"picked":"Double Energy+1","floor":37},{"not_picked":["Glacier+1","Redo+1"],"picked":"Go for the Eyes","floor":38},{"not_picked":["Tempest+1","Compile Driver+1"],"picked":"Rebound","floor":39},{"not_picked":["Turbo+1","Barrage+1","Electrodynamics"],"picked":"SKIP","floor":40},{"not_picked":["Rebound","Gash+1","Ball Lightning+1"],"picked":"Hologram+1","floor":42},{"not_picked":["Beam Cell+1","Compile Driver","Cold Snap"],"picked":"Steam Power+1","floor":45},{"not_picked":["Cold Snap+1","Darkness+1","Leap+1"],"picked":"FTL","floor":48}],"player_experience":576704,"relics_obtained":[{"floor":7.0,"key":"Art of War"},{"floor":9.0,"key":"Smiling Mask"},{"floor":14,"key":"Du-Vu Doll"},{"floor":24,"key":"Bag of Preparation"},{"floor":26,"key":"Meat on the Bone"},{"floor":27,"key":"Toxic Egg 2"},{"floor":28,"key":"Symbiotic Virus"},{"floor":31,"key":"Necronomicon"},{"floor":38,"key":"Ice Cream"},{"floor":40,"key":"Question Card"},{"floor":43,"key":"Shuriken"},{"floor":44,"key":"The Courier"},{"floor":45,"key":"Bronze Scales"}],"event_choices":[{"event_name":"Bonfire Elementals","player_choice":"BASIC","floor":2.0,"damage_taken":0.0},{"event_name":"Big Fish","player_choice":"Donut","floor":5.0,"damage_taken":0.0},{"event_name":"Masked Bandits","player_choice":"Paid Bandits 37 gold","floor":21,"damage_taken":0},{"event_name":"Cursed Tome","player_choice":"Obtained Book","floor":31,"damage_taken":0},{"event_name":"Mysterious Sphere","player_choice":"Fight","floor":38,"damage_taken":0},{"event_name":"WeMeetAgain","player_choice":"Gold","floor":47,"damage_taken":0}],"is_beta":false,"boss_relics":[{"not_picked":["Philosopher\u0027s Stone","Inserter"],"picked":"Fusion Hammer"},{"not_picked":["Lizard Tail","Busted Crown"],"picked":"Runic Dome"}],"items_purged_floors":[3,36],"is_endless":false,"potions_floor_spawned":[10,11,16,24,25,30,39,40,42],"ascension_level":2}