{"gold_per_floor":[115,115,115,115,136,136,24,47,47,47,65,79,79,45,45,166,166,186,47,47,0,0,0,28,39,39,39,39,56,81,93,93,189,189,202,101,101,101,51,51,61,61,61,61,75,75,25,45,45,45],"floor_reached":51,"playtime":7549,"items_purged":["Strike_B","Strike_B","Zap","Defend_B+1","Defend_B+1"],"score":1019,"play_id":"0a7dfec1-629c-4203-a8ff-5af4a691dc5f","local_time":"20181025195209","is_ascension_mode":true,"campfire_choices":[{"data":"Redo","floor":6.0,"key":"SMITH"},{"data":"Darkness","floor":10.0,"key":"SMITH"},{"floor":15.0,"key":"REST"},{"data":"Deep Breath","floor":23.0,"key":"SMITH"},{"data":"Dualcast","floor":27.0,"key":"SMITH"},{"floor":32.0,"key":"REST"},{"floor":40.0,"key":"REST"},{"floor":44.0,"key":"REST"},{"data":"Redo","floor":46.0,"key":"SMITH"},{"floor":49.0,"key":"REST"}],"neow_cost":"NONE","seed_source_timestamp":0,"circlet_count":0,"master_deck":["Strike_B+1","Strike_B+1","Defend_B+1","Dualcast+1","AscendersBane","Darkness+1","Redo+1","Genetic Algorithm+1","Doom and Gloom+1","Rebound+1","Deep Breath+1","Rebound+1","Ghostly+1","Ghostly+1","Ghostly+1","Ghostly+1","Ghostly+1","All For One+1","Redo+1","Redo+1"],"special_seed":0,"relics":["Lizard Tail","Bloody Idol","Smiling Mask","Busted Crown","Du-Vu Doll","Kunai","PreservedInsect","White Beast Statue","Mark of the Bloom","Shuriken","Blue Candle"],"potions_floor_usage":[50,50],"damage_taken":[{"damage":1.0,"enemies":"Cultist","floor":1.0,"turns":3.0},{"damage":1.0,"enemies":"Small Slimes","floor":5.0,"turns":4.0},{"damage":5.0,"enemies":"2 Louse","floor":8.0,"turns":2.0},{"damage":0.0,"enemies":"Large Slime","floor":11.0,"turns":3.0},{"damage":18.0,"enemies":"Exordium Wildlife","floor":12.0,"turns":7.0},{"damage":38.0,"enemies":"Slime Boss","floor":16.0,"turns":5.0},{"damage":28.0,"enemies":"2 Thieves","floor":18.0,"turns":3.0},{"damage":1.0,"enemies":"Gremlin Leader","floor":24.0,"turns":7.0},{"damage":19.0,"enemies":"3 Byrds","floor":25.0,"turns":4.0},{"damage":1.0,"enemies":"Centurion and Healer","floor":29.0,"turns":4.0},{"damage":20.0,"enemies":"Slavers","floor":30.0,"turns":6.0},{"damage":8.0,"enemies":"Chosen and Byrds","floor":31.0,"turns":6.0},{"damage":62.0,"enemies":"Automaton","floor":33.0,"turns":8.0},{"damage":6.0,"enemies":"3 Darklings","floor":35.0,"turns":6.0},{"damage":5.0,"enemies":"3 Shapes","floor":41.0,"turns":4.0},{"damage":7.0,"enemies":"Jaw Worm Horde","floor":45.0,"turns":5.0},{"damage":1.0,"enemies":"Transient","floor":48.0,"turns":5.0},{"damage":10,"enemies":"Time Eater","floor":50,"turns":5}],"seed_played":"-2341260181929845035","potions_obtained":[{"floor":1.0,"key":"FearPotion"},{"floor":5.0,"key":"Strength Potion"},{"floor":24.0,"key":"FearPotion"},{"floor":29.0,"key":"PowerPotion"},{"floor":31.0,"key":"LiquidBronze"},{"floor":35.0,"key":"PowerPotion"},{"floor":45.0,"key":"SteroidPotion"},{"floor":48.0,"key":"Explosive Potion"}],"is_trial":false,"path_per_floor":["M","?","?","?","M","R","$","M","T","R","M","M","?","?","R","B",null,"M","$","?","$","?","R","E","M","T","R","$","M","E","M","R","B",null,"M","$","?","?","$","R","M","?","T","R","M","R","$","M","R","B"],"character_chosen":"DEFECT","items_purchased":["Genetic Algorithm","Deep Breath","Rebound","Redo"],"campfire_rested":5,"item_purchase_floors":[7,19,21,36],"current_hp_per_floor":[67,67,60,60,59,59,59,54,54,54,54,36,36,36,58,20,61,33,33,33,33,33,33,37,23,23,23,23,27,12,9,20,23,34,33,33,33,33,33,33,28,28,28,28,21,21,21,20,20,10],"gold":45,"neow_bonus":"BOSS_RELIC","is_prod":false,"is_daily":false,"chose_seed":false,"campfire_upgraded":5,"win_rate":0,"timestamp":1540522329,"path_taken":["M","?","?","?","M","R","?","M","T","R","M","M","?","?","R","BOSS","M","$","?","?","?","R","E","M","T","R","$","M","E","?","R","BOSS","M","?","?","?","$","R","M","?","T","R","M","R","$","M","R","BOSS"],"build_version":"2018-10-25","purchased_purges":5,"victory":true,"max_hp_per_floor":[75,75,75,75,75,75,75,75,75,75,75,75,75,75,75,75,75,75,75,75,75,37,37,37,37,37,37,37,37,37,37,37,37,37,37,37,37,37,37,37,37,37,37,37,37,37,37,37,37,37],"card_choices":[{"not_picked":["Skim","Steam"],"picked":"Darkness","floor":1.0},{"not_picked":["Stack","Steam"],"picked":"Redo","floor":5.0},{"not_picked":["Steam Power","Streamline","Cold Snap"],"picked":"SKIP","floor":8.0},{"not_picked":["Gash","Conserve Battery"],"picked":"Doom and Gloom","floor":11.0},{"not_picked":["Barrage","White Noise"],"picked":"Rebound","floor":12.0},{"not_picked":["Hello World"],"picked":"SKIP","floor":18.0},{"not_picked":["Coolheaded"],"picked":"SKIP","floor":24.0},{"not_picked":["Turbo"],"picked":"SKIP","floor":25.0},{"not_picked":["Steam"],"picked":"SKIP","floor":29.0},{"not_picked":["Genetic Algorithm"],"picked":"SKIP","floor":30.0},{"not_picked":["Hello World"],"picked":"SKIP","floor":31.0},{"not_picked":[],"picked":"All For One","floor":33.0},{"not_picked":["Stack"],"picked":"SKIP","floor":35.0},{"not_picked":["Compile Driver"],"picked":"SKIP","floor":41.0},{"not_picked":[],"picked":"Redo","floor":45.0},{"not_picked":["Turbo"],"picked":"SKIP","floor":48.0}],"player_experience":908724,"relics_obtained":[{"floor":9.0,"key":"Smiling Mask"},{"floor":24.0,"key":"Du-Vu Doll"},{"floor":26.0,"key":"Kunai"},{"floor":30.0,"key":"PreservedInsect"},{"floor":43.0,"key":"Blue Candle"}],"event_choices":[{"damage_healed":0.0,"max_hp_gain":0.0,"max_hp_loss":0.0,"gold_gain":0.0,"event_name":"Golden Idol","player_choice":"Take Wound","floor":2.0,"gold_loss":0.0,"damage_taken":0.0,"relics_obtained":["Golden Idol"],"cards_obtained":["Injury"]},{"cards_removed":["Injury"],"damage_healed":0.0,"max_hp_gain":0.0,"max_hp_loss":0.0,"gold_gain":0.0,"event_name":"Golden Wing","player_choice":"Card Removal","floor":3.0,"gold_loss":0.0,"damage_taken":7.0},{"damage_healed":0.0,"max_hp_gain":0.0,"max_hp_loss":0.0,"gold_gain":0.0,"event_name":"Liars Game","player_choice":"Ignored","floor":4.0,"gold_loss":0.0,"damage_taken":0.0},{"cards_removed":["Defend_B"],"damage_healed":0.0,"max_hp_gain":0.0,"max_hp_loss":0.0,"gold_gain":0.0,"event_name":"Living Wall","player_choice":"Forget","floor":13.0,"gold_loss":0.0,"damage_taken":0.0},{"damage_healed":0.0,"max_hp_gain":0.0,"max_hp_loss":0.0,"gold_gain":0.0,"event_name":"World of Goop","player_choice":"Left Gold","floor":14.0,"gold_loss":34.0,"damage_taken":0.0},{"damage_healed":0.0,"max_hp_gain":0.0,"max_hp_loss":0.0,"gold_gain":0.0,"event_name":"Forgotten Altar","player_choice":"Gave Idol","floor":20.0,"relics_lost":["Golden Idol"],"gold_loss":0.0,"damage_taken":0.0,"relics_obtained":["Bloody Idol"]},{"damage_healed":0.0,"max_hp_gain":0.0,"max_hp_loss":38.0,"gold_gain":0.0,"event_name":"Ghosts","player_choice":"Became a Ghost","floor":22.0,"gold_loss":0.0,"damage_taken":0.0,"cards_obtained":["Ghostly","Ghostly","Ghostly","Ghostly","Ghostly"]},{"damage_healed":0.0,"max_hp_gain":0.0,"max_hp_loss":0.0,"gold_gain":0.0,"event_name":"MindBloom","player_choice":"Upgrade","floor":37.0,"gold_loss":0.0,"damage_taken":0.0,"cards_upgraded":["Strike_B","Strike_B","Defend_B","Defend_B","Defend_B","Genetic Algorithm","Doom and Gloom","Rebound","Rebound","Ghostly","Ghostly","Ghostly","Ghostly","Ghostly","All For One","Redo"],"relics_obtained":["Mark of the Bloom"]},{"damage_healed":0.0,"max_hp_gain":0.0,"max_hp_loss":0.0,"gold_gain":0.0,"event_name":"Accursed Blacksmith","player_choice":"Ignored","floor":38.0,"gold_loss":0.0,"damage_taken":0.0},{"damage_healed":0.0,"max_hp_gain":0.0,"max_hp_loss":0.0,"gold_gain":0.0,"event_name":"WeMeetAgain","player_choice":"Gave Potion","floor":42.0,"gold_loss":0.0,"damage_taken":0.0,"relics_obtained":["Shuriken"]}],"is_beta":false,"boss_relics":[{"not_picked":["Astrolabe","Runic Pyramid"],"picked":"Busted Crown"},{"not_picked":["Inserter","Snecko Eye"],"picked":"White Beast Statue"}],"items_purged_floors":[7,19,36,39,47],"is_endless":false,"potions_floor_spawned":[1,5,16,24,29,31,35,41,45,48],"ascension_level":12}