{"gold_per_floor":[118,128,128,143,9,9,34,34,34,68,81,92,92,92,92,92],"floor_reached":16,"playtime":385,"items_purged":["Defend_B"],"score":204,"play_id":"1cfa27b3-f630-4dc5-b4df-d50827dd7b2d","local_time":"20190423185536","is_ascension_mode":true,"campfire_choices":[{"data":"Hyperbeam","floor":6,"key":"SMITH"},{"floor":13,"key":"REST"},{"data":"Reprogram","floor":15,"key":"SMITH"}],"neow_cost":"NONE","seed_source_timestamp":956536877552159,"circlet_count":0,"master_deck":["AscendersBane","Strike_B","Strike_B","Strike_B","Strike_B","Defend_B","Defend_B","Defend_B","Dualcast","Hyperbeam+1","Rebound","Leap","Reprogram+1","Conserve Battery","Skim","Self Repair","Steam","Turbo"],"relics":["Cracked Core","WingedGreaves","Bottled Flame","Unceasing Top","Meat on the Bone"],"potions_floor_usage":[11,16],"damage_taken":[{"damage":0,"enemies":"Cultist","floor":1,"turns":2},{"damage":0,"enemies":"Small Slimes","floor":2,"turns":2},{"damage":0,"enemies":"2 Louse","floor":4,"turns":1},{"damage":19,"enemies":"Lagavulin","floor":7,"turns":6},{"damage":10,"enemies":"3 Sentries","floor":10,"turns":3},{"damage":0,"enemies":"Red Slaver","floor":11,"turns":1},{"damage":0,"enemies":"2 Fungi Beasts","floor":12,"turns":1},{"damage":47,"enemies":"Slime Boss","floor":16,"turns":6}],"seed_played":"7643339080928960198","potions_obtained":[{"floor":1,"key":"Fire Potion"},{"floor":4,"key":"Ancient Potion"},{"floor":10,"key":"AttackPotion"},{"floor":12,"key":"SkillPotion"}],"is_trial":false,"path_per_floor":["M","M","?","M","$","R","E","$","T","E","M","M","R","?","R","B"],"character_chosen":"DEFECT","items_purchased":["Conserve Battery"],"campfire_rested":1,"item_purchase_floors":[5],"current_hp_per_floor":[64,64,64,64,64,64,45,45,45,35,35,35,56,45,45,0],"gold":92,"neow_bonus":"ONE_RANDOM_RARE_CARD","is_prod":false,"is_daily":false,"chose_seed":false,"campfire_upgraded":2,"win_rate":0,"timestamp":1556070936,"path_taken":["M","M","?","M","?","R","E","$","T","E","M","M","R","?","R","BOSS"],"build_version":"2019-01-23","purchased_purges":1,"victory":false,"max_hp_per_floor":[71,71,71,71,71,71,71,71,71,71,71,71,71,71,71,71],"card_choices":[{"not_picked":["Steam","Chill"],"picked":"Rebound","floor":1},{"not_picked":["Hello World","Capacitor"],"picked":"Leap","floor":2},{"not_picked":["Redo","Loop"],"picked":"Reprogram","floor":4},{"not_picked":["Storm","Redo"],"picked":"Skim","floor":7},{"not_picked":["Leap","Conserve Battery"],"picked":"Self Repair","floor":10},{"not_picked":["Barrage","Rebound"],"picked":"Steam","floor":11},{"not_picked":["Auto Shields","Capacitor"],"picked":"Turbo","floor":12}],"player_experience":1296260,"relics_obtained":[{"floor":7,"key":"WingedGreaves"},{"floor":9,"key":"Bottled Flame"},{"floor":10,"key":"Unceasing Top"}],"event_choices":[{"cards_removed":["Zap"],"damage_healed":0,"gold_gain":0,"player_choice":"Purged","damage_taken":0,"max_hp_gain":0,"max_hp_loss":0,"event_name":"Purifier","floor":3,"gold_loss":0},{"damage_healed":0,"gold_gain":0,"player_choice":"Success","damage_taken":11,"relics_obtained":["Meat on the Bone"],"max_hp_gain":0,"max_hp_loss":0,"event_name":"Scrap Ooze","floor":14,"gold_loss":0}],"is_beta":false,"boss_relics":[],"items_purged_floors":[5],"is_endless":false,"potions_floor_spawned":[1,4,10,12],"killed_by":"Slime Boss","ascension_level":17}