{"gold_per_floor":[112,112,37,52,68,68,93,113,139,155,7,7,7,25,25,25],"floor_reached":16,"playtime":843,"items_purged":["Strike_B","Defend_B"],"score":158,"play_id":"06a3c4e2-845b-4625-9304-f826b086d69e","local_time":"20180913112705","is_ascension_mode":true,"campfire_choices":[{"floor":6,"key":"REST"},{"floor":15,"key":"REST"}],"neow_cost":"PERCENT_DAMAGE","seed_source_timestamp":1364735577512501,"circlet_count":0,"master_deck":["Strike_B+1","Strike_B+1","Strike_B","Defend_B","Defend_B","Defend_B","Zap","Dualcast","AscendersBane","Streamline","Hologram","Double Energy","Turbo","Beam Cell","Beam Cell"],"relics":["Cracked Core","Unceasing Top","Orichalcum","Bronze Scales"],"potions_floor_usage":[7,16,16],"damage_taken":[{"damage":7,"enemies":"Small Slimes","floor":1,"turns":3},{"damage":7,"enemies":"Jaw Worm","floor":4,"turns":3},{"damage":1,"enemies":"Cultist","floor":5,"turns":3},{"damage":27,"enemies":"Lagavulin","floor":7,"turns":5},{"damage":1,"enemies":"Exordium Thugs","floor":8,"turns":3},{"damage":10,"enemies":"2 Fungi Beasts","floor":10,"turns":3},{"damage":0,"enemies":"Looter","floor":14,"turns":2},{"damage":34,"enemies":"The Guardian","floor":16,"turns":7}],"seed_played":"-4018938839780178563","potions_obtained":[{"floor":1,"key":"Fire Potion"},{"floor":5,"key":"SteroidPotion"},{"floor":8,"key":"SneckoOil"}],"is_trial":false,"path_per_floor":["M","?","$","M","M","R","E","M","T","M","$","?","?","M","R"],"character_chosen":"DEFECT","items_purchased":["Beam Cell"],"campfire_rested":2,"item_purchase_floors":[11],"current_hp_per_floor":[43,48,48,41,40,64,37,36,36,26,26,10,10,10,34,0],"gold":25,"neow_bonus":"ONE_RARE_RELIC","is_prod":false,"is_daily":false,"chose_seed":false,"campfire_upgraded":0,"win_rate":0,"timestamp":1536863225,"path_taken":["M","?","$","M","?","R","E","M","T","M","?","?","?","M","R","BOSS"],"build_version":"2018-09-06","purchased_purges":2,"victory":false,"max_hp_per_floor":[75,80,80,80,80,80,80,80,80,80,80,80,80,80,80,80],"card_choices":[{"not_picked":["Aggregate","Rebound"],"picked":"Streamline","floor":1},{"not_picked":["Cold Snap","Barrage"],"picked":"Hologram","floor":4},{"not_picked":["Sweeping Beam","Ball Lightning"],"picked":"Double Energy","floor":5},{"not_picked":["Rip and Tear","Blizzard"],"picked":"Turbo","floor":7},{"not_picked":["Fusion","Go for the Eyes"],"picked":"Beam Cell","floor":8},{"not_picked":["Redo","Sweeping Beam","Compile Driver"],"picked":"SKIP","floor":10},{"not_picked":["Buffer","Recycle","Glacier"],"picked":"SKIP","floor":14}],"player_experience":792680,"relics_obtained":[{"floor":7,"key":"Orichalcum"},{"floor":9,"key":"Bronze Scales"}],"event_choices":[{"event_name":"Big Fish","player_choice":"Donut","floor":2,"damage_taken":0},{"event_name":"Shining Light","player_choice":"Entered Light","floor":12,"damage_taken":0},{"event_name":"Liars Game","player_choice":"disagreed","floor":13,"damage_taken":0}],"is_beta":false,"boss_relics":[],"items_purged_floors":[3,11],"is_endless":false,"potions_floor_spawned":[1,5,8],"killed_by":"The Guardian","ascension_level":11}