{"gold_per_floor":[118,129,129,129,27,27,45,45,45,45,45,74,74,92,92,196,196,216,216,216,228,238,238,252,252,252,285,301,301,77,97,97,196,196,207,218,268,281,281,281,293,293,293,293,10,10,27,27,27,27],"floor_reached":50,"playtime":6504,"items_purged":["Normality","Decay"],"score":485,"play_id":"9091b60a-c377-42ee-848e-77ee198b2132","local_time":"20190813101156","is_ascension_mode":false,"campfire_choices":[{"data":"Footwork","floor":6.0,"key":"SMITH"},{"data":"Cloak And Dagger","floor":8.0,"key":"SMITH"},{"data":"Caltrops","floor":11.0,"key":"SMITH"},{"data":"Acrobatics","floor":13.0,"key":"SMITH"},{"data":"Acrobatics","floor":15.0,"key":"SMITH"},{"data":"Envenom","floor":23.0,"key":"SMITH"},{"floor":29.0,"key":"REST"},{"floor":32.0,"key":"REST"},{"floor":40.0,"key":"REST"},{"data":"Tactician","floor":42.0,"key":"SMITH"},{"data":"Prepared","floor":44.0,"key":"SMITH"},{"data":"Enlightenment","floor":49.0,"key":"SMITH"}],"neow_cost":"NONE","seed_source_timestamp":0,"circlet_count":0,"master_deck":["Strike_G","Strike_G","Strike_G","Strike_G+1","Defend_G","Defend_G","Defend_G","Defend_G","Defend_G","Survivor","Neutralize+1","Venomology","Caltrops+1","PiercingWail","Acrobatics+1","Footwork+1","Cloak And Dagger+1","Blur","Acrobatics+1","Envenom+1","Doubt","Acrobatics","Noxious Fumes+1","Endless Agony","Dagger Throw+1","Endless Agony+1","Calculated Gamble","Noxious Fumes+1","Prepared+1","Deadly Poison","Infinite Blades+1","Phantasmal Killer","Backflip+1","Tactician+1","Prepared+1","Madness","Madness","Distraction+1","Impatience","Enlightenment+1","Well Laid Plans+1","Doubt"],"special_seed":0,"relics":["Ring of the Serpent","Meat on the Bone","Ninja Scroll","Snake Skull","Calling Bell","Smiling Mask","Frozen Egg 2","Shovel","Mercury Hourglass","Girya","Unceasing Top","Pear","Lantern"],"potions_floor_usage":[50],"damage_taken":[{"damage":10.0,"enemies":"Cultist","floor":1.0,"turns":7.0},{"damage":0.0,"enemies":"Jaw Worm","floor":2.0,"turns":5.0},{"damage":0.0,"enemies":"2 Louse","floor":7.0,"turns":3.0},{"damage":9.0,"enemies":"Lagavulin","floor":12.0,"turns":9.0},{"damage":0.0,"enemies":"Looter","floor":14.0,"turns":4.0},{"damage":16.0,"enemies":"The Guardian","floor":16.0,"turns":16.0},{"damage":9.0,"enemies":"3 Byrds","floor":18.0,"turns":5.0},{"damage":8.0,"enemies":"Chosen","floor":21.0,"turns":6.0},{"damage":31.0,"enemies":"3 Cultists","floor":22.0,"turns":9.0},{"damage":17.0,"enemies":"Chosen and Byrds","floor":24.0,"turns":6.0},{"damage":5.0,"enemies":"Book of Stabbing","floor":27.0,"turns":5.0},{"damage":25.0,"enemies":"Shelled Parasite and Fungi","floor":28.0,"turns":6.0},{"damage":20.0,"enemies":"Centurion and Healer","floor":31.0,"turns":5.0},{"damage":35.0,"enemies":"Champ","floor":33.0,"turns":12.0},{"damage":2.0,"enemies":"3 Shapes","floor":35.0,"turns":4.0},{"damage":13.0,"enemies":"3 Darklings","floor":36.0,"turns":5.0},{"damage":40.0,"enemies":"2 Orb Walkers","floor":37.0,"turns":5.0},{"damage":8.0,"enemies":"4 Shapes","floor":38.0,"turns":8.0},{"damage":24.0,"enemies":"Spire Growth","floor":41.0,"turns":4.0},{"damage":54.0,"enemies":"Transient","floor":47.0,"turns":5.0},{"damage":80,"enemies":"Time Eater","floor":50,"turns":7}],"seed_played":"-4959126408675488098","potions_obtained":[{"floor":2.0,"key":"SkillPotion"},{"floor":7.0,"key":"FearPotion"},{"floor":16.0,"key":"Block Potion"},{"floor":21.0,"key":"SteroidPotion"},{"floor":24.0,"key":"SkillPotion"},{"floor":31.0,"key":"Block Potion"},{"floor":33.0,"key":"EssenceOfSteel"},{"floor":36.0,"key":"Energy Potion"},{"floor":37.0,"key":"SpeedPotion"},{"floor":38.0,"key":"Regen Potion"}],"is_trial":false,"path_per_floor":["M","M","?","T","$","R","M","R","T","?","R","E","R","M","R","B",null,"M","?","?","M","M","R","M","?","T","E","M","R","$","M","R","B",null,"M","M","?","M","?","R","M","R","T","R","$","?","M","?","R","B"],"character_chosen":"THE_SILENT","items_purchased":["Acrobatics","Footwork","Noxious Fumes+1","Prepared","Deadly Poison","Lantern","Impatience"],"campfire_rested":3,"item_purchase_floors":[5,5,30,30,30,45,45],"current_hp_per_floor":[60,60,46,46,46,46,46,46,46,39,39,42,42,42,42,41,70,61,61,61,53,34,34,29,29,29,45,32,53,53,45,66,43,70,68,55,27,31,22,43,45,45,55,55,55,55,13,80,80,0],"gold":27,"neow_bonus":"ONE_RANDOM_RARE_CARD","is_prod":false,"is_daily":false,"chose_seed":false,"campfire_upgraded":9,"win_rate":0,"timestamp":1565662316,"path_taken":["M","?","?","?","?","R","M","R","T","?","R","E","R","M","R","BOSS","M","?","?","M","M","R","M","?","T","E","M","R","$","M","R","BOSS","M","M","?","M","?","R","M","R","T","R","$","?","?","?","R","BOSS"],"build_version":"2019-07-17","purchased_purges":2,"victory":false,"max_hp_per_floor":[70,70,70,70,70,70,70,70,70,70,70,70,70,70,70,70,70,70,70,70,70,70,70,70,70,70,70,70,70,70,70,70,70,70,70,70,70,70,70,70,70,70,80,80,80,80,80,80,80,80],"card_choices":[{"not_picked":["Well Laid Plans","Finisher"],"picked":"Caltrops","floor":1.0},{"not_picked":["All Out Attack","Underhanded Strike"],"picked":"PiercingWail","floor":2.0},{"not_picked":["Finisher","Leg Sweep"],"picked":"Cloak And Dagger","floor":7.0},{"not_picked":["Crippling Poison","Poisoned Stab"],"picked":"Blur","floor":12.0},{"not_picked":["PiercingWail","Outmaneuver"],"picked":"Acrobatics","floor":14.0},{"not_picked":["Burst","Wraith Form v2"],"picked":"Envenom","floor":16.0},{"not_picked":["Underhanded Strike+1","Tactician"],"picked":"Acrobatics","floor":18.0},{"not_picked":["Quick Slash+1","Slice+1"],"picked":"Endless Agony","floor":21.0},{"not_picked":["Terror","Skewer+1"],"picked":"Dagger Throw+1","floor":22.0},{"not_picked":["Dagger Throw","Sucker Punch+1"],"picked":"Endless Agony+1","floor":24.0},{"not_picked":["Flying Knee+1","Dagger Throw","Masterful Stab+1"],"picked":"SKIP","floor":27.0},{"not_picked":["Blade Dance","Dodge and Roll"],"picked":"Calculated Gamble","floor":28.0},{"not_picked":["Prepared","Dagger Spray"],"picked":"Infinite Blades+1","floor":31.0},{"not_picked":["Burst","Doppelganger"],"picked":"Phantasmal Killer","floor":33.0},{"not_picked":["Dagger Throw","Flying Knee+1"],"picked":"Backflip+1","floor":35.0},{"not_picked":["Eviscerate+1","Dagger Throw","Dagger Spray"],"picked":"SKIP","floor":36.0},{"not_picked":["Prepared","Bane"],"picked":"Tactician","floor":37.0},{"not_picked":["Expertise+1","Caltrops+1"],"picked":"Prepared+1","floor":38.0},{"not_picked":["Outmaneuver","Quick Slash"],"picked":"Distraction+1","floor":41.0},{"not_picked":["Forethought","Mind Blast"],"picked":"Enlightenment","floor":46.0},{"not_picked":["Sucker Punch+1","Catalyst+1"],"picked":"Well Laid Plans+1","floor":47.0}],"player_experience":88013,"relics_obtained":[{"floor":4.0,"key":"Meat on the Bone"},{"floor":9.0,"key":"Ninja Scroll"},{"floor":12.0,"key":"Snake Skull"},{"floor":17.0,"key":"Smiling Mask"},{"floor":17.0,"key":"Frozen Egg 2"},{"floor":17.0,"key":"Shovel"},{"floor":26.0,"key":"Mercury Hourglass"},{"floor":27.0,"key":"Girya"},{"floor":37.0,"key":"Unceasing Top"},{"floor":43.0,"key":"Pear"}],"event_choices":[{"damage_healed":0.0,"max_hp_gain":0.0,"max_hp_loss":0.0,"gold_gain":0.0,"event_name":"Shining Light","player_choice":"Entered Light","floor":3.0,"gold_loss":0.0,"damage_taken":14.0,"cards_upgraded":["Neutralize","Strike_G"]},{"cards_removed":["Strike_G"],"damage_healed":0.0,"max_hp_gain":0.0,"max_hp_loss":0.0,"gold_gain":0.0,"event_name":"Golden Wing","player_choice":"Card Removal","floor":10.0,"gold_loss":0.0,"damage_taken":7.0},{"damage_healed":0.0,"max_hp_gain":0.0,"max_hp_loss":0.0,"gold_gain":0.0,"event_name":"Ghosts","player_choice":"Ignored","floor":19.0,"gold_loss":0.0,"damage_taken":0.0},{"damage_healed":0.0,"max_hp_gain":0.0,"max_hp_loss":0.0,"gold_gain":0.0,"event_name":"The Library","player_choice":"Read","floor":20.0,"gold_loss":0.0,"damage_taken":0.0,"cards_obtained":["Noxious Fumes"]},{"damage_healed":0.0,"max_hp_gain":0.0,"max_hp_loss":0.0,"gold_gain":0.0,"event_name":"The Woman in Blue","player_choice":"Bought 0 Potions","floor":25.0,"gold_loss":0.0,"damage_taken":0.0},{"damage_healed":0.0,"max_hp_gain":0.0,"max_hp_loss":0.0,"gold_gain":0.0,"event_name":"Mysterious Sphere","player_choice":"Fight","floor":37.0,"gold_loss":0.0,"damage_taken":0.0},{"damage_healed":0.0,"max_hp_gain":0.0,"max_hp_loss":0.0,"gold_gain":0.0,"event_name":"Winding Halls","player_choice":"Embrace Madness","floor":39.0,"gold_loss":0.0,"damage_taken":9.0,"cards_obtained":["Madness","Madness"]},{"damage_healed":0.0,"max_hp_gain":0.0,"max_hp_loss":0.0,"gold_gain":0.0,"event_name":"SensoryStone","player_choice":"Memory 1","floor":46.0,"gold_loss":0.0,"damage_taken":0.0},{"damage_healed":67.0,"max_hp_gain":0.0,"max_hp_loss":0.0,"gold_gain":0.0,"event_name":"MindBloom","player_choice":"Heal","floor":48.0,"gold_loss":0.0,"damage_taken":0.0,"cards_obtained":["Doubt"]}],"is_beta":false,"boss_relics":[{"not_picked":["Lizard Tail","Sozu"],"picked":"Calling Bell"},{"not_picked":["Runic Pyramid","Runic Dome"],"picked":"Ring of the Serpent"}],"items_purged_floors":[30,45],"is_endless":false,"potions_floor_spawned":[2,7,14,16,21,24,31,33,36,37,38],"killed_by":"Time Eater","ascension_level":0}