{"gold_per_floor":[119,129,129,129,129,129,139,159,186,43,43,58,68,68,68,68],"floor_reached":16,"playtime":336,"items_purged":["Defend_B"],"score":92,"play_id":"3020ef92-38ab-4ee0-8ad5-2c6f9209e1e1","local_time":"20180910124321","is_ascension_mode":false,"campfire_choices":[{"data":"Zap","floor":6,"key":"SMITH"},{"data":"Streamline","floor":11,"key":"SMITH"},{"floor":15,"key":"REST"}],"neow_cost":"","seed_source_timestamp":1156018140575194,"circlet_count":0,"master_deck":["Strike_B","Strike_B","Strike_B","Strike_B","Defend_B","Defend_B","Zap+1","Dualcast","Compile Driver","Rebound","Barrage","Streamline+1","Melter","Cold Snap","Rebound"],"relics":["Cracked Core","DataDisk","Happy Flower"],"potions_floor_usage":[],"damage_taken":[{"damage":0,"enemies":"Cultist","floor":1,"turns":3},{"damage":6,"enemies":"Jaw Worm","floor":2,"turns":2},{"damage":3,"enemies":"Small Slimes","floor":7,"turns":2},{"damage":5,"enemies":"Looter","floor":8,"turns":2},{"damage":7,"enemies":"Blue Slaver","floor":12,"turns":2},{"damage":15,"enemies":"Exordium Wildlife","floor":13,"turns":2},{"damage":0,"enemies":"Slime Boss","floor":16,"turns":1}],"seed_played":"-80695534877744017","potions_obtained":[{"floor":7,"key":"SpeedPotion"},{"floor":12,"key":"Poison Potion"}],"is_trial":false,"path_per_floor":["M","M","?","?","?","R","M","M","T","$","R","M","M","$","R"],"character_chosen":"DEFECT","items_purchased":["Melter"],"campfire_rested":1,"item_purchase_floors":[10],"current_hp_per_floor":[75,69,69,69,66,66,63,58,58,58,58,51,36,36,58,58],"gold":68,"neow_bonus":"","is_prod":false,"is_daily":false,"chose_seed":false,"campfire_upgraded":2,"win_rate":0,"timestamp":1536608601,"path_taken":["M","?","?","?","?","R","M","M","T","?","R","?","?","$","R","BOSS"],"build_version":"2018-09-06","purchased_purges":1,"victory":false,"max_hp_per_floor":[75,75,75,75,75,75,75,75,75,75,75,75,75,75,75,75],"card_choices":[{"not_picked":["Chill","Undo"],"picked":"Compile Driver","floor":1},{"not_picked":["Genetic Algorithm","Hologram"],"picked":"Rebound","floor":2},{"not_picked":["Double Energy","Turbo"],"picked":"Barrage","floor":7},{"not_picked":["Steam Power","Barrage"],"picked":"Streamline","floor":8},{"not_picked":["Consume","Tempest"],"picked":"Cold Snap","floor":12},{"not_picked":["Conserve Battery","Stack"],"picked":"Rebound","floor":13}],"player_experience":778506,"relics_obtained":[{"floor":9,"key":"Happy Flower"}],"event_choices":[{"event_name":"Liars Game","player_choice":"disagreed","floor":3,"damage_taken":0},{"event_name":"Living Wall","player_choice":"Forget","floor":4,"damage_taken":0},{"event_name":"Scrap Ooze","player_choice":"success","floor":5,"damage_taken":3}],"is_beta":false,"boss_relics":[],"items_purged_floors":[10],"is_endless":false,"potions_floor_spawned":[7,12],"killed_by":"Slime Boss","ascension_level":0}