{"gold_per_floor":[118,128,145,162,17,17,17,43,91,91,105,118,146,96,96,196,196,208,208,208,220,237,237,264,17,17,17,28,28,28,42,42,147,147,162,178,193,68,84,84,104,130,130,130,142,142,158,158,158,158],"floor_reached":50,"playtime":7399,"items_purged":["Strike_B","Strike_B","Defend_B"],"score":606,"play_id":"d26c9922-98fc-48e8-a516-eda23b162451","local_time":"20181201053606","is_ascension_mode":false,"campfire_choices":[{"floor":7,"key":"REST"},{"floor":10,"key":"REST"},{"floor":15,"key":"REST"},{"floor":23,"key":"RECALL"},{"floor":29,"key":"REST"},{"floor":32,"key":"REST"},{"floor":40,"key":"REST"},{"floor":44,"key":"REST"},{"floor":46,"key":"REST"},{"data":"Hologram","floor":49,"key":"SMITH"}],"neow_cost":"PERCENT_DAMAGE","seed_source_timestamp":388925196416617,"circlet_count":0,"master_deck":["Strike_B","Defend_B","Zap","Gash","Streamline","Steam Power","Scrape","Steam Power","FTL","Hologram+1","Gash","Reboot","Turbo","Gash","Hologram","Hologram+1","FTL","Reboot","Gash+1"],"relics":["Cracked Core","Pantograph","Lantern","Dream Catcher","Busted Crown","Bottled Flame","Vajra","Runic Dome","Juzu Bracelet","Happy Flower"],"potions_floor_usage":[13,16,33,33,44,50],"damage_taken":[{"damage":1,"enemies":"Cultist","floor":1,"turns":3},{"damage":3,"enemies":"Small Slimes","floor":2,"turns":2},{"damage":11,"enemies":"Jaw Worm","floor":3,"turns":2},{"damage":15,"enemies":"Exordium Wildlife","floor":4,"turns":4},{"damage":30,"enemies":"3 Sentries","floor":8,"turns":6},{"damage":8,"enemies":"Red Slaver","floor":11,"turns":3},{"damage":4,"enemies":"Blue Slaver","floor":12,"turns":3},{"damage":18,"enemies":"Gremlin Nob","floor":13,"turns":3},{"damage":15,"enemies":"Slime Boss","floor":16,"turns":7},{"damage":0,"enemies":"Spheric Guardian","floor":18,"turns":2},{"damage":0,"enemies":"Chosen","floor":21,"turns":2},{"damage":30,"enemies":"Snake Plant","floor":22,"turns":3},{"damage":24,"enemies":"Gremlin Leader","floor":24,"turns":5},{"damage":13,"enemies":"3 Cultists","floor":28,"turns":4},{"damage":21,"enemies":"Centurion and Healer","floor":31,"turns":3},{"damage":0,"enemies":"Collector","floor":33,"turns":2},{"damage":37,"enemies":"3 Darklings","floor":35,"turns":3},{"damage":0,"enemies":"Orb Walker","floor":36,"turns":2},{"damage":2,"enemies":"4 Shapes","floor":37,"turns":2},{"damage":4,"enemies":"Transient","floor":39,"turns":5},{"damage":31,"enemies":"3 Darklings","floor":41,"turns":3},{"damage":18,"enemies":"Reptomancer","floor":42,"turns":3},{"damage":11,"enemies":"Spire Growth","floor":45,"turns":3},{"damage":3,"enemies":"Jaw Worm Horde","floor":47,"turns":2},{"damage":89,"enemies":"Awakened One","floor":50,"turns":5}],"seed_played":"7847439874927937329","potions_obtained":[{"floor":2,"key":"FocusPotion"},{"floor":3,"key":"Weak Potion"},{"floor":8,"key":"Poison Potion"},{"floor":11,"key":"SteroidPotion"},{"floor":16,"key":"Explosive Potion"},{"floor":18,"key":"FairyPotion"},{"floor":20,"key":"Strength Potion"},{"floor":20,"key":"GamblersBrew"},{"floor":24,"key":"FearPotion"},{"floor":35,"key":"FocusPotion"},{"floor":39,"key":"SkillPotion"},{"floor":42,"key":"Fruit Juice"},{"floor":45,"key":"PowerPotion"}],"is_trial":false,"path_per_floor":["M","M","M","M","$","?","R","E","T","R","M","M","E","?","R","B",null,"M","?","?","M","M","R","E","$","T","?","M","R","$","M","R","B",null,"M","M","M","$","M","R","M","E","T","R","M","R","M","?","R","B"],"character_chosen":"DEFECT","items_purchased":["Scrape","Vajra"],"campfire_rested":8,"item_purchase_floors":[5,25],"current_hp_per_floor":[53,50,39,24,24,24,46,16,16,38,30,26,8,8,30,40,75,75,75,75,75,45,45,21,21,21,21,8,30,30,9,31,56,75,38,38,36,36,32,54,23,5,5,32,21,45,42,42,42,0],"gold":158,"neow_bonus":"REMOVE_TWO","is_prod":false,"is_daily":false,"chose_seed":false,"campfire_upgraded":1,"win_rate":0,"timestamp":1543671366,"path_taken":["M","M","M","M","$","?","R","E","T","R","?","M","E","?","R","BOSS","M","?","?","M","?","R","E","$","T","?","M","R","?","M","R","BOSS","M","M","M","$","M","R","M","E","T","R","M","R","M","?","R","BOSS"],"build_version":"2018-11-15","purchased_purges":3,"victory":false,"max_hp_per_floor":[75,75,75,75,75,75,75,75,75,75,75,75,75,75,75,75,75,75,75,75,75,75,75,75,75,75,75,75,75,75,75,75,75,75,75,75,75,75,75,75,75,75,75,80,80,80,80,80,80,80],"card_choices":[{"not_picked":["Coolheaded","Darkness"],"picked":"Gash","floor":1},{"not_picked":["Compile Driver","Beam Cell"],"picked":"Streamline","floor":2},{"not_picked":["Fusion","Leap","Sweeping Beam"],"picked":"SKIP","floor":3},{"not_picked":["Cold Snap","Chaos"],"picked":"Steam Power","floor":4},{"not_picked":["Blizzard","Stack"],"picked":"Steam Power","floor":8},{"not_picked":["Conserve Battery","Sweeping Beam","Core Surge"],"picked":"SKIP","floor":11},{"not_picked":["Stack","Hologram"],"picked":"FTL","floor":12},{"not_picked":["Coolheaded","Amplify"],"picked":"Hologram","floor":13},{"not_picked":["Redo","Cold Snap"],"picked":"Gash","floor":15},{"not_picked":["Hyperbeam","Machine Learning"],"picked":"Reboot","floor":16},{"not_picked":[],"picked":"Turbo","floor":18},{"not_picked":[],"picked":"Hologram","floor":21},{"not_picked":["Compile Driver"],"picked":"SKIP","floor":22},{"not_picked":[],"picked":"Hologram+1","floor":24},{"not_picked":[],"picked":"FTL","floor":28},{"not_picked":["Rip and Tear"],"picked":"SKIP","floor":31},{"not_picked":[],"picked":"Reboot","floor":33},{"not_picked":["Defragment+1"],"picked":"SKIP","floor":35},{"not_picked":["Fusion+1"],"picked":"SKIP","floor":36},{"not_picked":[],"picked":"Gash+1","floor":37},{"not_picked":["Conserve Battery"],"picked":"SKIP","floor":39},{"not_picked":["Reinforced Body+1"],"picked":"SKIP","floor":41},{"not_picked":["Coolheaded+1"],"picked":"SKIP","floor":42},{"not_picked":["Rebound"],"picked":"SKIP","floor":45},{"not_picked":["Sweeping Beam"],"picked":"SKIP","floor":47}],"player_experience":1022182,"relics_obtained":[{"floor":8,"key":"Pantograph"},{"floor":9,"key":"Lantern"},{"floor":13,"key":"Dream Catcher"},{"floor":24,"key":"Bottled Flame"},{"floor":42,"key":"Juzu Bracelet"},{"floor":43,"key":"Happy Flower"}],"event_choices":[{"cards_removed":["Dualcast"],"damage_healed":0,"gold_gain":0,"player_choice":"Offered Basic","damage_taken":0,"max_hp_gain":0,"max_hp_loss":0,"event_name":"Bonfire Elementals","floor":6,"gold_loss":0},{"cards_removed":["Defend_B"],"damage_healed":0,"gold_gain":0,"player_choice":"Card Removal","damage_taken":0,"max_hp_gain":0,"max_hp_loss":0,"event_name":"The Cleric","floor":14,"gold_loss":50},{"damage_healed":0,"gold_gain":0,"player_choice":"Read","damage_taken":0,"max_hp_gain":0,"max_hp_loss":0,"event_name":"The Library","floor":19,"gold_loss":0,"cards_obtained":["Gash"]},{"damage_healed":0,"gold_gain":0,"player_choice":"Got Potions","damage_taken":0,"max_hp_gain":0,"max_hp_loss":0,"event_name":"Lab","floor":20,"gold_loss":0},{"damage_healed":0,"gold_gain":0,"player_choice":"Ignored","damage_taken":0,"max_hp_gain":0,"max_hp_loss":0,"event_name":"Beggar","floor":27,"gold_loss":0},{"damage_healed":0,"gold_gain":0,"player_choice":"Bought 0 Potions","damage_taken":0,"max_hp_gain":0,"max_hp_loss":0,"event_name":"The Woman in Blue","floor":48,"gold_loss":0}],"is_beta":false,"boss_relics":[{"not_picked":["Black Star","Runic Pyramid"],"picked":"Busted Crown"},{"not_picked":["Velvet Choker","Snecko Eye"],"picked":"Runic Dome"}],"items_purged_floors":[5,25,38],"is_endless":false,"potions_floor_spawned":[2,3,8,11,16,18,24,35,39,42,45],"killed_by":"Awakened One","ascension_level":0}