{"gold_per_floor":[116,116,116,127,143,143,170,170,195,205,1,1,0,72,72,149,149,168,168],"floor_reached":19,"playtime":1807,"items_purged":["Strike_R"],"score":272,"play_id":"9d65a907-f9ad-46ba-8258-242436208599","local_time":"20181108185622","is_ascension_mode":true,"campfire_choices":[{"data":"Barricade","floor":6.0,"key":"SMITH"},{"data":"Shrug It Off","floor":8.0,"key":"SMITH"},{"data":"Armaments","floor":15.0,"key":"SMITH"}],"neow_cost":"NONE","seed_source_timestamp":0,"circlet_count":0,"master_deck":["AscendersBane","Strike_R","Strike_R","Strike_R","Strike_R","Defend_R+1","Defend_R","Defend_R+1","Bash","Barricade+1","Shrug It Off+1","Armaments+1","Metallicize","Shrug It Off","Limit Break","Shrug It Off"],"special_seed":0,"relics":["Burning Blood","Potion Belt","Oddly Smooth Stone","PreservedInsect","Matryoshka","Velvet Choker"],"potions_floor_usage":[18,18],"damage_taken":[{"damage":1.0,"enemies":"Cultist","floor":1.0,"turns":3.0},{"damage":4.0,"enemies":"Small Slimes","floor":4.0,"turns":4.0},{"damage":0.0,"enemies":"2 Louse","floor":5.0,"turns":3.0},{"damage":19.0,"enemies":"3 Sentries","floor":7.0,"turns":15.0},{"damage":11.0,"enemies":"Blue Slaver","floor":10.0,"turns":5.0},{"damage":2.0,"enemies":"Looter","floor":13.0,"turns":5.0},{"damage":17.0,"enemies":"The Guardian","floor":16.0,"turns":19.0},{"damage":37,"enemies":"3 Byrds","floor":18,"turns":10},{"damage":41,"enemies":"Masked Bandits","floor":19,"turns":3}],"seed_played":"4394880490964723558","potions_obtained":[{"floor":1.0,"key":"Dexterity Potion"},{"floor":5.0,"key":"GamblersBrew"},{"floor":7.0,"key":"EssenceOfSteel"},{"floor":16.0,"key":"Poison Potion"}],"is_trial":false,"path_per_floor":["M","?","?","M","M","R","E","R","T","M","$","?","M","T","R","B",null,"M","?"],"character_chosen":"IRONCLAD","items_purchased":["Armaments","Metallicize"],"campfire_rested":0,"item_purchase_floors":[11,11],"current_hp_per_floor":[77,61,54,56,62,62,49,49,49,44,44,41,45,45,45,34,69,38,0],"gold":168,"neow_bonus":"ONE_RANDOM_RARE_CARD","is_prod":false,"is_daily":false,"chose_seed":false,"campfire_upgraded":3,"win_rate":0,"timestamp":1541732182,"path_taken":["M","?","?","M","M","R","E","R","T","M","$","?","M","?","R","BOSS","M","?"],"build_version":"2018-11-08","purchased_purges":1,"victory":false,"max_hp_per_floor":[80,80,80,80,80,80,80,80,80,80,80,80,80,80,80,80,80,80,80],"card_choices":[{"not_picked":["Pummel","Battle Trance"],"picked":"Shrug It Off","floor":1.0},{"not_picked":["Whirlwind","Twin Strike","Sword Boomerang"],"picked":"SKIP","floor":4.0},{"not_picked":["Twin Strike","Havoc","Thunderclap"],"picked":"SKIP","floor":5.0},{"not_picked":["Rage","Rupture","Demon Form"],"picked":"SKIP","floor":7.0},{"not_picked":["Intimidate","Pommel Strike","Inflame"],"picked":"SKIP","floor":10.0},{"not_picked":["Havoc","Pummel"],"picked":"Shrug It Off","floor":13.0},{"not_picked":["Double Tap","Dark Embrace"],"picked":"Limit Break","floor":16.0},{"not_picked":["True Grit","Combust"],"picked":"Shrug It Off","floor":18}],"player_experience":945704,"relics_obtained":[{"floor":7.0,"key":"Potion Belt"},{"floor":9.0,"key":"Oddly Smooth Stone"},{"floor":14.0,"key":"Matryoshka"}],"event_choices":[{"damage_healed":0.0,"max_hp_gain":0.0,"max_hp_loss":0.0,"gold_gain":0.0,"event_name":"Shining Light","player_choice":"Entered Light","floor":2.0,"gold_loss":0.0,"damage_taken":16.0,"cards_upgraded":["Defend_R","Defend_R"]},{"cards_removed":["Defend_R"],"damage_healed":0.0,"max_hp_gain":0.0,"max_hp_loss":0.0,"gold_gain":0.0,"event_name":"Golden Wing","player_choice":"Card Removal","floor":3.0,"gold_loss":0.0,"damage_taken":7.0},{"damage_healed":0.0,"max_hp_gain":0.0,"max_hp_loss":0.0,"gold_gain":0.0,"event_name":"Scrap Ooze","player_choice":"Success","floor":12.0,"gold_loss":0.0,"damage_taken":3.0,"relics_obtained":["PreservedInsect"]},{"damage_healed":0,"gold_gain":0,"player_choice":"Fought Bandits","damage_taken":0,"max_hp_gain":0,"max_hp_loss":0,"event_name":"Masked Bandits","floor":19,"gold_loss":0}],"is_beta":false,"boss_relics":[{"not_picked":["Ectoplasm","Cursed Key"],"picked":"Velvet Choker"}],"items_purged_floors":[11],"is_endless":false,"potions_floor_spawned":[1,5,7,16],"killed_by":"Masked Bandits","ascension_level":13}