{"gold_per_floor":[17,28,44,54,54,54,69,104,152,164,194,205,12,12,12,108,108,123,143,155,254,289,289,176,195,220,249,14,14,14,40,40,136,136,154,173,173,187,187,207,217,59,59,59,5,33,33,50,50,50],"floor_reached":51,"playtime":3056,"items_purged":["Strike_R","Strike_R"],"score":1143,"play_id":"38c67108-a91f-412e-a165-400575b8b231","local_time":"20180917152109","is_ascension_mode":true,"campfire_choices":[{"data":"Body Slam","floor":6.0,"key":"SMITH"},{"data":"Juggernaut","floor":15.0,"key":"SMITH"},{"floor":23,"key":"REST"},{"floor":29,"key":"REST"},{"floor":32,"key":"REST"},{"floor":44,"key":"REST"},{"floor":47,"key":"REST"},{"floor":49,"key":"REST"}],"neow_cost":"NO_GOLD","seed_source_timestamp":0,"circlet_count":0,"master_deck":["Strike_R+1","Strike_R","Strike_R","Defend_R","Defend_R","Defend_R","Bash","Shrug It Off","Armaments+1","Body Slam+1","Seeing Red","Juggernaut+1","Offering","Iron Wave+1","Iron Wave+1","Iron Wave+1","True Grit","Dual Wield","Metallicize","Seeing Red","Barricade","Iron Wave+1","Warcry+1","Iron Wave","Discovery","Battle Trance","Shrug It Off","Apotheosis","Metallicize","Body Slam","Disarm+1","Flame Barrier","Metallicize","Flame Barrier+1"],"special_seed":0,"relics":["Burning Blood","Turnip","Pen Nib","Dream Catcher","Letter Opener","Membership Card","Strawberry","Fusion Hammer","Red Mask","PreservedInsect","Boot","Bag of Preparation","Matryoshka","Self Forming Clay","Paper Frog","Sundial","Sozu","Lantern","Gremlin Horn","Bronze Scales"],"potions_floor_usage":[22,22,33,50],"damage_taken":[{"damage":1.0,"enemies":"Cultist","floor":1.0,"turns":4.0},{"damage":2.0,"enemies":"Small Slimes","floor":2.0,"turns":4.0},{"damage":7.0,"enemies":"Jaw Worm","floor":3.0,"turns":5.0},{"damage":2.0,"enemies":"Exordium Wildlife","floor":4.0,"turns":5.0},{"damage":2.0,"enemies":"2 Fungi Beasts","floor":7.0,"turns":4.0},{"damage":4.0,"enemies":"Lagavulin","floor":8.0,"turns":6.0},{"damage":3.0,"enemies":"Red Slaver","floor":10.0,"turns":5.0},{"damage":20.0,"enemies":"Gremlin Nob","floor":11.0,"turns":4.0},{"damage":1.0,"enemies":"Looter","floor":12.0,"turns":3.0},{"damage":35.0,"enemies":"Hexaghost","floor":16.0,"turns":9.0},{"damage":33,"enemies":"3 Byrds","floor":18,"turns":5},{"damage":13,"enemies":"Shell Parasite","floor":19,"turns":2},{"damage":19,"enemies":"Chosen and Byrds","floor":20,"turns":4},{"damage":11,"enemies":"Masked Bandits","floor":22,"turns":4},{"damage":16,"enemies":"3 Cultists","floor":25,"turns":5},{"damage":15,"enemies":"Slavers","floor":27,"turns":4},{"damage":6,"enemies":"Book of Stabbing","floor":31,"turns":3},{"damage":68,"enemies":"Collector","floor":33,"turns":8},{"damage":9,"enemies":"3 Darklings","floor":35,"turns":3},{"damage":17,"enemies":"Orb Walker","floor":36,"turns":4},{"damage":6,"enemies":"Sphere and 2 Shapes","floor":38,"turns":4},{"damage":6,"enemies":"Maw","floor":40,"turns":8},{"damage":6,"enemies":"4 Shapes","floor":41,"turns":2},{"damage":6,"enemies":"Giant Head","floor":46,"turns":4},{"damage":6,"enemies":"Reptomancer","floor":48,"turns":3},{"damage":36,"enemies":"Donu and Deca","floor":50,"turns":10}],"seed_played":"7692653868909324062","potions_obtained":[{"floor":1.0,"key":"GamblersBrew"},{"floor":4.0,"key":"Block Potion"},{"floor":7.0,"key":"SkillPotion"},{"floor":8.0,"key":"Weak Potion"},{"floor":10.0,"key":"Strength Potion"},{"floor":20,"key":"EssenceOfSteel"},{"floor":25,"key":"FearPotion"},{"floor":31,"key":"Energy Potion"}],"is_trial":false,"path_per_floor":["M","M","M","M","?","R","M","E","T","M","E","M","$","?","R","B",null,"M","M","M","?","?","R","$","M","T","E","$","R","T","E","R","B",null,"M","M","?","M","?","M","M","$","T","R","$","E","R","M","R","B"],"character_chosen":"IRONCLAD","items_purchased":["Membership Card","PreservedInsect","Matryoshka","EssenceOfSteel","Dual Wield","Apotheosis","Metallicize","Body Slam","Flame Barrier","Metallicize"],"campfire_rested":6,"item_purchase_floors":[13,24,28,28,28,42,42,42,45,45],"current_hp_per_floor":[77,80,79,80,64,64,68,70,70,73,59,64,64,71,71,42,76,49,42,29,29,24,50,50,40,40,31,31,57,57,57,83,21,71,68,57,57,57,57,57,57,57,57,83,83,83,87,87,87,57],"gold":50,"neow_bonus":"ONE_RARE_RELIC","is_prod":false,"is_daily":false,"chose_seed":false,"campfire_upgraded":2,"win_rate":0,"timestamp":1537222869,"path_taken":["M","M","?","M","?","R","M","E","T","M","E","M","$","?","R","BOSS","M","M","M","?","?","R","$","?","T","E","$","R","?","E","R","BOSS","M","M","?","M","?","M","M","$","T","R","$","E","R","M","R","BOSS"],"build_version":"2018-09-06","purchased_purges":2,"victory":true,"max_hp_per_floor":[80,80,80,80,80,80,80,80,80,80,80,80,80,87,87,87,87,87,87,87,87,87,87,87,87,87,87,87,87,87,87,87,87,87,87,87,87,87,87,87,87,87,87,87,87,87,87,87,87,87],"card_choices":[{"not_picked":["Evolve","Wild Strike"],"picked":"Shrug It Off","floor":1.0},{"not_picked":["Evolve","Feel No Pain","Combust"],"picked":"SKIP","floor":2.0},{"not_picked":["Anger","Reckless Charge"],"picked":"Armaments","floor":3.0},{"not_picked":["Clash","Sever Soul"],"picked":"Body Slam","floor":4.0},{"not_picked":["Warcry","Perfected Strike","Searing Blow"],"picked":"SKIP","floor":7.0},{"not_picked":["Second Wind","Whirlwind"],"picked":"Seeing Red","floor":8.0},{"not_picked":["Headbutt","Dropkick","Second Wind"],"picked":"SKIP","floor":10.0},{"not_picked":["Wild Strike","Shrug It Off"],"picked":"Juggernaut","floor":11.0},{"not_picked":["Anger","Warcry","Clothesline"],"picked":"SKIP","floor":12.0},{"not_picked":["Exhume","Double Tap"],"picked":"Offering","floor":16.0},{"not_picked":["Wild Strike","Perfected Strike","Feel No Pain"],"picked":"SKIP","floor":18},{"not_picked":["Heavy Blade","Searing Blow","Rampage"],"picked":"SKIP","floor":19},{"not_picked":["Intimidate+1","Thunderclap+1"],"picked":"Iron Wave+1","floor":20},{"not_picked":["Sever Soul","Anger"],"picked":"Iron Wave+1","floor":22},{"not_picked":["Dropkick","Sword Boomerang"],"picked":"Iron Wave+1","floor":23},{"not_picked":["Rupture","Flex","Havoc"],"picked":"SKIP","floor":25},{"not_picked":["Rampage","Second Wind+1"],"picked":"True Grit","floor":27},{"not_picked":["Iron Wave+1","Warcry"],"picked":"Metallicize","floor":31},{"not_picked":["Limit Break","Armaments"],"picked":"Seeing Red","floor":32},{"not_picked":["Limit Break","Demon Form"],"picked":"Barricade","floor":33},{"not_picked":["Burning Pact","Flex"],"picked":"Iron Wave+1","floor":35},{"not_picked":["Headbutt+1","Shockwave+1"],"picked":"Warcry+1","floor":36},{"not_picked":["Infernal Blade","Thunderclap"],"picked":"Iron Wave","floor":38},{"not_picked":["Dramatic Entrance","Swift Strike"],"picked":"Discovery","floor":39},{"not_picked":["Twin Strike","Pommel Strike"],"picked":"Battle Trance","floor":40},{"not_picked":["Heavy Blade","Dark Embrace"],"picked":"Shrug It Off","floor":41},{"not_picked":["Spot Weakness","Sever Soul"],"picked":"Disarm+1","floor":44},{"not_picked":["Evolve","Cleave","Pummel"],"picked":"SKIP","floor":46},{"not_picked":["Shrug It Off+1","Dual Wield+1"],"picked":"Flame Barrier+1","floor":48}],"player_experience":816655,"relics_obtained":[{"floor":8.0,"key":"Pen Nib"},{"floor":9.0,"key":"Dream Catcher"},{"floor":11.0,"key":"Letter Opener"},{"floor":22,"key":"Red Mask"},{"floor":26,"key":"Boot"},{"floor":27,"key":"Bag of Preparation"},{"floor":30,"key":"Self Forming Clay"},{"floor":30,"key":"Paper Frog"},{"floor":31,"key":"Sundial"},{"floor":43,"key":"Lantern"},{"floor":43,"key":"Gremlin Horn"},{"floor":46,"key":"Bronze Scales"}],"event_choices":[{"event_name":"Shining Light","player_choice":"Entered Light","floor":5.0,"damage_taken":0.0},{"event_name":"WeMeetAgain","player_choice":"Potion","floor":14.0,"damage_taken":0.0},{"event_name":"Nest","player_choice":"Stole From Cult","floor":21,"damage_taken":0},{"event_name":"Masked Bandits","player_choice":"Fought Bandits","floor":22,"damage_taken":0},{"event_name":"Falling","player_choice":"Removed Skill","floor":37,"damage_taken":0},{"event_name":"SensoryStone","player_choice":"Memory 1","floor":39,"damage_taken":0}],"is_beta":false,"boss_relics":[{"not_picked":["Coffee Dripper","Pandora\u0027s Box"],"picked":"Fusion Hammer"},{"not_picked":["White Beast Statue","Cursed Key"],"picked":"Sozu"}],"items_purged_floors":[24,28],"is_endless":false,"potions_floor_spawned":[1,4,7,8,10,20,25,31,36,41],"ascension_level":9}