{"gold_per_floor":[119,194,207,226,238,269,269,298,298,298,312,312,322,348,348,423,423,437,437,448,195,206,206,131,131,131,143,173,204,231,260,272,359,371,398,345,390,403,38,38,38,56,56,56,81,92,110,126,126,126,126],"floor_reached":52,"playtime":3157,"items_purged":["Defend_R","Defend_R","Defend_R"],"score":1841,"play_id":"3a72a9b5-8e25-4cbd-94f3-c540ff87c30d","local_time":"20190812221611","is_ascension_mode":true,"campfire_choices":[{"data":"Searing Blow","floor":7.0,"key":"SMITH"},{"data":"Searing Blow+1","floor":10.0,"key":"SMITH"},{"data":"Searing Blow+2","floor":12.0,"key":"SMITH"},{"data":"Searing Blow+3","floor":15.0,"key":"SMITH"},{"data":"Searing Blow+5","floor":23.0,"key":"SMITH"},{"data":"Searing Blow+6","floor":25.0,"key":"SMITH"},{"data":"Searing Blow+7","floor":27.0,"key":"SMITH"},{"data":"Searing Blow+8","floor":32.0,"key":"SMITH"},{"data":"Searing Blow+9","floor":40.0,"key":"SMITH"},{"data":"Searing Blow+10","floor":44.0,"key":"SMITH"},{"data":"Searing Blow+11","floor":49.0,"key":"SMITH"}],"neow_cost":"NONE","seed_source_timestamp":1204341813261814,"circlet_count":0,"master_deck":["AscendersBane","Strike_R","Strike_R","Strike_R","Strike_R","Strike_R","Bash","Searing Blow+12","Pommel Strike","Battle Trance","Armaments","Shrug It Off","Havoc+1","Armaments","Reaper","Pommel Strike","Thunderclap","Searing Blow+9","Thunderclap","Double Tap","Pommel Strike+1"],"special_seed":0,"relics":["Burning Blood","Orichalcum","Dream Catcher","Red Skull","Strawberry","Matryoshka","Runic Dome","Membership Card","MawBank","Girya","Coffee Dripper","Magic Flower","Bottled Flame","DollysMirror","Letter Opener","Paper Frog","Incense Burner"],"potions_floor_usage":[],"damage_taken":[{"damage":5.0,"enemies":"Cultist","floor":1.0,"turns":4.0},{"damage":0.0,"enemies":"2 Louse","floor":3.0,"turns":3.0},{"damage":4.0,"enemies":"Small Slimes","floor":4.0,"turns":3.0},{"damage":14.0,"enemies":"Blue Slaver","floor":5.0,"turns":3.0},{"damage":28.0,"enemies":"Lagavulin","floor":6.0,"turns":5.0},{"damage":31.0,"enemies":"3 Sentries","floor":8.0,"turns":8.0},{"damage":0.0,"enemies":"2 Fungi Beasts","floor":11.0,"turns":2.0},{"damage":7.0,"enemies":"Exordium Thugs","floor":13.0,"turns":4.0},{"damage":2.0,"enemies":"Gremlin Nob","floor":14.0,"turns":3.0},{"damage":22.0,"enemies":"The Guardian","floor":16.0,"turns":8.0},{"damage":22.0,"enemies":"3 Byrds","floor":18.0,"turns":5.0},{"damage":17.0,"enemies":"Spheric Guardian","floor":20.0,"turns":4.0},{"damage":14.0,"enemies":"Centurion and Healer","floor":22.0,"turns":3.0},{"damage":0.0,"enemies":"Chosen and Byrds","floor":28.0,"turns":2.0},{"damage":0.0,"enemies":"Shelled Parasite and Fungi","floor":29.0,"turns":2.0},{"damage":0.0,"enemies":"Snecko","floor":30.0,"turns":2.0},{"damage":6.0,"enemies":"3 Cultists","floor":31.0,"turns":3.0},{"damage":44.0,"enemies":"Collector","floor":33.0,"turns":4.0},{"damage":25.0,"enemies":"3 Darklings","floor":35.0,"turns":3.0},{"damage":46.0,"enemies":"2 Orb Walkers","floor":37.0,"turns":4.0},{"damage":0.0,"enemies":"Orb Walker","floor":38.0,"turns":2.0},{"damage":0.0,"enemies":"Transient","floor":42.0,"turns":6.0},{"damage":0.0,"enemies":"Giant Head","floor":45.0,"turns":4.0},{"damage":50.0,"enemies":"4 Shapes","floor":46.0,"turns":4.0},{"damage":0.0,"enemies":"Maw","floor":47.0,"turns":1.0},{"damage":33.0,"enemies":"Writhing Mass","floor":48.0,"turns":3.0},{"damage":17.0,"enemies":"Time Eater","floor":50.0,"turns":4.0},{"damage":92,"enemies":"Awakened One","floor":51,"turns":5}],"seed_played":"5049061945902852786","potions_obtained":[{"floor":1.0,"key":"SkillPotion"},{"floor":4.0,"key":"FearPotion"},{"floor":8.0,"key":"GamblersBrew"},{"floor":16.0,"key":"Strength Potion"},{"floor":18.0,"key":"Poison Potion"},{"floor":37.0,"key":"Ancient Potion"}],"is_trial":false,"path_per_floor":["M","?","M","M","M","E","R","E","T","R","M","R","M","E","R","B",null,"M","?","M","$","M","R","?","R","T","R","M","M","M","M","R","B",null,"M","$","?","M","$","R","?","M","T","R","E","M","M","M","R","B","B",null],"character_chosen":"IRONCLAD","items_purchased":["Membership Card","Thunderclap","Bottled Flame","DollysMirror","PowerPotion","Block Potion"],"campfire_rested":0,"item_purchase_floors":[21,36,39,39,39,39],"current_hp_per_floor":[69,58,64,66,58,36,36,11,18,18,24,24,23,27,27,11,64,48,48,37,37,29,29,29,29,29,29,35,41,47,47,47,9,64,53,53,21,48,48,48,82,82,82,82,82,62,71,64,64,61,14],"gold":126,"neow_bonus":"RANDOM_COMMON_RELIC","is_prod":false,"is_daily":false,"chose_seed":false,"campfire_upgraded":11,"win_rate":0,"timestamp":1565662571,"path_taken":["M","?","M","M","M","E","R","E","T","R","M","R","M","E","R","BOSS","M","?","M","$","?","R","?","R","T","R","M","M","M","M","R","BOSS","M","$","?","M","$","R","?","M","T","R","E","M","M","M","R","BOSS","BOSS"],"build_version":"2019-07-17","purchased_purges":3,"victory":true,"max_hp_per_floor":[75,75,75,75,75,75,75,75,82,82,82,82,82,82,82,82,82,82,82,82,82,82,82,82,82,82,82,82,82,82,82,82,82,82,82,82,82,82,82,82,82,82,82,82,82,82,82,82,82,82,82],"card_choices":[{"not_picked":["Rage","Sentinel"],"picked":"Searing Blow","floor":1.0},{"not_picked":["Sever Soul","Combust","Clash"],"picked":"SKIP","floor":3.0},{"not_picked":["Evolve","Searing Blow"],"picked":"Pommel Strike","floor":4.0},{"not_picked":["Flex","Headbutt"],"picked":"Battle Trance","floor":5.0},{"not_picked":["Clash","Intimidate"],"picked":"Armaments","floor":6.0},{"not_picked":["Searing Blow","Iron Wave","Body Slam"],"picked":"SKIP","floor":8.0},{"not_picked":["Heavy Blade","Sword Boomerang","Seeing Red"],"picked":"SKIP","floor":11.0},{"not_picked":["Anger","Iron Wave","True Grit"],"picked":"SKIP","floor":13.0},{"not_picked":["Perfected Strike","Sentinel","Rage"],"picked":"SKIP","floor":14.0},{"not_picked":["Wild Strike","Iron Wave+1"],"picked":"Shrug It Off","floor":18.0},{"not_picked":["Power Through","Sword Boomerang"],"picked":"Whirlwind","floor":20.0},{"not_picked":["True Grit","Hemokinesis","Twin Strike"],"picked":"SKIP","floor":22.0},{"not_picked":["Entrench","Havoc","Carnage"],"picked":"SKIP","floor":28.0},{"not_picked":["Blood for Blood","Burning Pact","Perfected Strike"],"picked":"SKIP","floor":29.0},{"not_picked":["Anger","Warcry"],"picked":"Havoc+1","floor":30.0},{"not_picked":["True Grit+1","Iron Wave"],"picked":"Armaments","floor":31.0},{"not_picked":["Barricade","Immolate"],"picked":"Reaper","floor":33.0},{"not_picked":["Body Slam","Heavy Blade"],"picked":"Pommel Strike","floor":35.0},{"not_picked":["Sword Boomerang","Heavy Blade","Havoc"],"picked":"SKIP","floor":38.0},{"not_picked":["Bloodletting","Iron Wave","Anger"],"picked":"SKIP","floor":42.0},{"not_picked":["Dropkick","Heavy Blade"],"picked":"Thunderclap","floor":45.0},{"not_picked":["Sentinel+1","Seeing Red"],"picked":"Double Tap","floor":46.0},{"not_picked":["Bloodletting+1","Evolve","Sword Boomerang+1"],"picked":"SKIP","floor":47.0},{"not_picked":["Corruption","Ghostly Armor"],"picked":"Pommel Strike+1","floor":48.0}],"player_experience":482463,"relics_obtained":[{"floor":6.0,"key":"Dream Catcher"},{"floor":8.0,"key":"Red Skull"},{"floor":9.0,"key":"Strawberry"},{"floor":14.0,"key":"Matryoshka"},{"floor":26.0,"key":"MawBank"},{"floor":26.0,"key":"Girya"},{"floor":37.0,"key":"Magic Flower"},{"floor":43.0,"key":"Letter Opener"},{"floor":43.0,"key":"Paper Frog"},{"floor":45.0,"key":"Incense Burner"}],"event_choices":[{"damage_healed":0.0,"max_hp_gain":0.0,"max_hp_loss":0.0,"gold_gain":75.0,"event_name":"World of Goop","player_choice":"Gather Gold","floor":2.0,"gold_loss":0.0,"damage_taken":11.0},{"damage_healed":0.0,"max_hp_gain":0.0,"max_hp_loss":0.0,"gold_gain":0.0,"event_name":"Accursed Blacksmith","player_choice":"Forge","floor":19.0,"gold_loss":0.0,"damage_taken":0.0,"cards_upgraded":["Searing Blow"]},{"cards_removed":["Defend_R"],"damage_healed":0.0,"max_hp_gain":0.0,"max_hp_loss":0.0,"gold_gain":0.0,"event_name":"Beggar","player_choice":"Gave Gold","floor":24.0,"gold_loss":75.0,"damage_taken":0.0},{"damage_healed":0.0,"max_hp_gain":0.0,"max_hp_loss":0.0,"gold_gain":0.0,"event_name":"Mysterious Sphere","player_choice":"Fight","floor":37.0,"gold_loss":0.0,"damage_taken":0.0},{"cards_removed":["Whirlwind"],"damage_healed":34.0,"max_hp_gain":0.0,"max_hp_loss":0.0,"gold_gain":0.0,"event_name":"Bonfire Elementals","player_choice":"Offered Uncommon","floor":41.0,"gold_loss":0.0,"damage_taken":0.0}],"is_beta":false,"boss_relics":[{"not_picked":["Ectoplasm","Philosopher\u0027s Stone"],"picked":"Runic Dome"},{"not_picked":["Calling Bell","Mark of Pain"],"picked":"Coffee Dripper"}],"items_purged_floors":[21,36,39],"is_endless":false,"potions_floor_spawned":[1,4,8,16,18,30,37,45,47],"ascension_level":20}