{"gold_per_floor":[116,116,134,152,152,152,181,181,181,60,60,95,95,114,114,192,192,203,59,59,59,78,106,121,121,190,190,190,222,222,256,256,333,333,351,361,22,22,22,22,49,49,76,88,88,101,101,133,133,133],"floor_reached":51,"playtime":3866,"items_purged":["Eviscerate","Sucker Punch"],"score":1371,"play_id":"de79d1c4-7499-4c0e-af96-e38c5e9bda29","local_time":"20190813125301","is_ascension_mode":true,"campfire_choices":[{"data":"Infinite Blades","floor":6.0,"key":"SMITH"},{"data":"Finisher","floor":8.0,"key":"SMITH"},{"floor":13.0,"key":"REST"},{"data":"Cloak And Dagger","floor":15.0,"key":"SMITH"},{"floor":25.0,"key":"REST"},{"data":"Finisher","floor":27.0,"key":"SMITH"},{"floor":32.0,"key":"REST"},{"data":"Finisher","floor":40.0,"key":"SMITH"},{"data":"Venomology","floor":45.0,"key":"SMITH"},{"data":"Terror","floor":47.0,"key":"SMITH"},{"data":"Grand Finale","floor":49.0,"key":"SMITH"}],"neow_cost":"NONE","seed_source_timestamp":1256692364035570,"circlet_count":0,"master_deck":["AscendersBane","Survivor+1","Neutralize+1","Infinite Blades+1","Finisher+1","Backflip","Cloak And Dagger+1","Noxious Fumes+1","Backflip","Terror+1","Corpse Explosion","Venomology+1","Finisher+1","Escape Plan+1","Dodge and Roll","Finisher+1","Backflip","Grand Finale+1","Endless Agony","Infinite Blades+1","Backflip","Cloak And Dagger+1","Backflip","Footwork+1","Backflip","Endless Agony+1","PiercingWail"],"special_seed":0,"relics":["Ring of the Snake","NeowsBlessing","Matryoshka","Juzu Bracelet","Ancient Tea Set","Frozen Egg 2","Pandora\u0027s Box","Blue Candle","Blood Vial","Pantograph","Bottled Flame","Centennial Puzzle","Turnip","Ice Cream","Coffee Dripper","Bag of Preparation","Oddly Smooth Stone","War Paint","StoneCalendar"],"potions_floor_usage":[50,50,50],"damage_taken":[{"damage":0.0,"enemies":"Jaw Worm","floor":1.0,"turns":1.0},{"damage":0.0,"enemies":"Cultist","floor":3.0,"turns":1.0},{"damage":0.0,"enemies":"2 Louse","floor":4.0,"turns":1.0},{"damage":17.0,"enemies":"Gremlin Nob","floor":7.0,"turns":5.0},{"damage":15.0,"enemies":"3 Sentries","floor":12.0,"turns":7.0},{"damage":0.0,"enemies":"Exordium Thugs","floor":14.0,"turns":5.0},{"damage":9.0,"enemies":"Hexaghost","floor":16.0,"turns":6.0},{"damage":0.0,"enemies":"3 Byrds","floor":18.0,"turns":4.0},{"damage":30.0,"enemies":"2 Thieves","floor":22.0,"turns":4.0},{"damage":16.0,"enemies":"Gremlin Leader","floor":23.0,"turns":5.0},{"damage":9.0,"enemies":"Snake Plant","floor":24.0,"turns":3.0},{"damage":13.0,"enemies":"Book of Stabbing","floor":29.0,"turns":3.0},{"damage":34.0,"enemies":"Slavers","floor":31.0,"turns":4.0},{"damage":45.0,"enemies":"Automaton","floor":33.0,"turns":7.0},{"damage":8.0,"enemies":"3 Shapes","floor":35.0,"turns":4.0},{"damage":22.0,"enemies":"3 Darklings","floor":36.0,"turns":4.0},{"damage":0.0,"enemies":"Giant Head","floor":41.0,"turns":5.0},{"damage":0.0,"enemies":"Jaw Worm Horde","floor":44.0,"turns":2.0},{"damage":5.0,"enemies":"Spire Growth","floor":46.0,"turns":3.0},{"damage":0.0,"enemies":"Nemesis","floor":48.0,"turns":5.0},{"damage":9,"enemies":"Donu and Deca","floor":50,"turns":4}],"seed_played":"8734243872016322970","potions_obtained":[{"floor":1.0,"key":"Block Potion"},{"floor":2.0,"key":"EntropicBrew"},{"floor":7.0,"key":"Ancient Potion"},{"floor":14.0,"key":"AttackPotion"},{"floor":24.0,"key":"Fire Potion"},{"floor":33.0,"key":"AttackPotion"},{"floor":35.0,"key":"Explosive Potion"},{"floor":48.0,"key":"Weak Potion"}],"is_trial":false,"path_per_floor":["M","?","M","M","?","R","E","R","T","$","?","E","R","M","R","B",null,"M","$","?","?","M","E","M","R","T","R","?","E","T","E","R","B",null,"M","M","$","?","?","R","E","?","T","M","R","M","R","E","R","B",null],"character_chosen":"THE_SILENT","items_purchased":["Cloak And Dagger","Noxious Fumes","Infinite Blades+1","Bag of Preparation","Footwork+1","Backflip"],"campfire_rested":3,"item_purchase_floors":[10,10,19,37,37,37],"current_hp_per_floor":[59,59,59,59,59,59,42,42,42,42,29,14,33,33,33,24,56,56,56,56,56,26,10,3,22,22,22,44,33,33,1,20,2,50,44,24,24,24,58,58,58,58,58,58,58,53,53,55,55,49],"gold":133,"neow_bonus":"THREE_ENEMY_KILL","is_prod":false,"is_daily":false,"chose_seed":false,"campfire_upgraded":8,"win_rate":0,"timestamp":1565715181,"path_taken":["M","?","?","M","?","R","E","R","T","?","?","E","R","M","R","BOSS","M","$","?","?","M","E","M","R","T","R","?","E","?","E","R","BOSS","M","M","$","?","?","R","E","?","T","M","R","M","R","E","R","BOSS"],"build_version":"2019-07-17","purchased_purges":2,"victory":true,"max_hp_per_floor":[66,66,66,66,66,66,66,66,66,66,66,66,66,66,66,66,66,66,66,66,66,66,66,66,66,66,66,66,66,66,66,66,66,66,66,66,66,66,58,58,58,58,58,58,58,58,58,58,58,58],"card_choices":[{"not_picked":["Expertise","Setup"],"picked":"Infinite Blades","floor":1.0},{"not_picked":["Tactician","Reflex"],"picked":"Finisher","floor":3.0},{"not_picked":["Setup","Deadly Poison","Riddle With Holes"],"picked":"SKIP","floor":4.0},{"not_picked":["Acrobatics","Finisher"],"picked":"Backflip","floor":7.0},{"not_picked":["Sucker Punch","Accuracy"],"picked":"Backflip","floor":12.0},{"not_picked":["Underhanded Strike","Dodge and Roll"],"picked":"Terror","floor":14.0},{"not_picked":["Malaise","Burst"],"picked":"Corpse Explosion","floor":16.0},{"not_picked":["Terror","All Out Attack"],"picked":"Endless Agony","floor":18.0},{"not_picked":["Quick Slash","Distraction+1"],"picked":"Backflip","floor":22.0},{"not_picked":["Catalyst","Flying Knee","Dash"],"picked":"SKIP","floor":23.0},{"not_picked":["Prepared","Finisher","Leg Sweep"],"picked":"SKIP","floor":24.0},{"not_picked":["Deflect","Heel Hook"],"picked":"Cloak And Dagger+1","floor":29.0},{"not_picked":["Prepared","Riddle With Holes"],"picked":"Grand Finale","floor":31.0},{"not_picked":["Terror","Cloak And Dagger"],"picked":"Backflip","floor":35.0},{"not_picked":["Deadly Poison","Terror","Dagger Spray"],"picked":"SKIP","floor":36.0},{"not_picked":["Concentrate","Crippling Poison+1"],"picked":"Endless Agony+1","floor":41.0},{"not_picked":["Blade Dance","Dagger Spray","Acrobatics"],"picked":"SKIP","floor":44.0},{"not_picked":["Terror","Slice","Outmaneuver"],"picked":"SKIP","floor":46.0},{"not_picked":["All Out Attack","Underhanded Strike"],"picked":"PiercingWail","floor":48.0}],"player_experience":491957,"relics_obtained":[{"floor":7.0,"key":"Matryoshka"},{"floor":9.0,"key":"Juzu Bracelet"},{"floor":9.0,"key":"Ancient Tea Set"},{"floor":12.0,"key":"Frozen Egg 2"},{"floor":23.0,"key":"Blood Vial"},{"floor":26.0,"key":"Pantograph"},{"floor":26.0,"key":"Bottled Flame"},{"floor":29.0,"key":"Centennial Puzzle"},{"floor":30.0,"key":"Turnip"},{"floor":31.0,"key":"Ice Cream"},{"floor":41.0,"key":"Oddly Smooth Stone"},{"floor":43.0,"key":"War Paint"},{"floor":48.0,"key":"StoneCalendar"}],"event_choices":[{"damage_healed":0.0,"max_hp_gain":0.0,"max_hp_loss":0.0,"gold_gain":0.0,"event_name":"Lab","player_choice":"Got Potions","floor":2.0,"gold_loss":0.0,"damage_taken":0.0},{"damage_healed":0.0,"max_hp_gain":0.0,"max_hp_loss":0.0,"gold_gain":0.0,"event_name":"Living Wall","player_choice":"Grow","floor":5.0,"gold_loss":0.0,"damage_taken":0.0,"cards_upgraded":["Neutralize"]},{"damage_healed":0.0,"max_hp_gain":0.0,"max_hp_loss":0.0,"gold_gain":0.0,"event_name":"Shining Light","player_choice":"Entered Light","floor":11.0,"gold_loss":0.0,"damage_taken":13.0,"cards_upgraded":["Noxious Fumes","Strike_G"]},{"damage_healed":0.0,"max_hp_gain":0.0,"max_hp_loss":0.0,"gold_gain":0.0,"event_name":"The Mausoleum","player_choice":"Opened","floor":20.0,"gold_loss":0.0,"damage_taken":0.0,"relics_obtained":["Blue Candle"]},{"cards_removed":["Night Terror"],"damage_healed":0.0,"max_hp_gain":0.0,"max_hp_loss":0.0,"gold_gain":0.0,"event_name":"Back to Basics","player_choice":"Elegance","floor":21.0,"gold_loss":0.0,"damage_taken":0.0},{"damage_healed":22.0,"max_hp_gain":0.0,"max_hp_loss":0.0,"gold_gain":0.0,"event_name":"The Library","player_choice":"Heal","floor":28.0,"gold_loss":0.0,"damage_taken":0.0},{"damage_healed":0.0,"max_hp_gain":0.0,"max_hp_loss":0.0,"gold_gain":0.0,"event_name":"SensoryStone","player_choice":"Memory 1","floor":38.0,"gold_loss":0.0,"damage_taken":0.0},{"damage_healed":58.0,"max_hp_gain":0.0,"max_hp_loss":8.0,"gold_gain":0.0,"event_name":"The Moai Head","player_choice":"Heal","floor":39.0,"gold_loss":0.0,"damage_taken":0.0},{"cards_removed":["Grand Finale"],"damage_healed":0.0,"max_hp_gain":0.0,"max_hp_loss":0.0,"gold_gain":0.0,"event_name":"Falling","player_choice":"Removed Attack","floor":42.0,"gold_loss":0.0,"damage_taken":0.0}],"is_beta":false,"boss_relics":[{"not_picked":["Black Star","Tiny House"],"picked":"Pandora\u0027s Box"},{"not_picked":["Orrery","Eternal Feather"],"picked":"Coffee Dripper"}],"items_purged_floors":[19,37],"is_endless":false,"potions_floor_spawned":[1,4,7,14,22,24,33,35,36,41,48],"ascension_level":14}