{"gold_per_floor":[362,372,3,3,3,3,36,36,62,42,60,88,88,104,104,181,181,199,217,249,249,249,249],"floor_reached":23,"playtime":1575,"items_purged":[],"score":494,"play_id":"fb137da9-2e1a-4bb6-9411-f74b26e3a3ea","local_time":"20190816191414","is_ascension_mode":true,"campfire_choices":[{"floor":6.0,"key":"REST"},{"floor":8.0,"key":"REST"},{"data":"Zap","floor":13,"key":"SMITH"},{"data":"Streamline","floor":15,"key":"SMITH"}],"neow_cost":"PERCENT_DAMAGE","seed_source_timestamp":1541400785790327,"circlet_count":0,"master_deck":["AscendersBane","Strike_B","Strike_B","Strike_B","Strike_B","Defend_B","Defend_B+1","Defend_B","Defend_B","Zap+1","Dualcast+1","Streamline+1","Ball Lightning","Genetic Algorithm","Cold Snap","Compile Driver","Undo","Cold Snap","Buffer+1","Static Discharge+1","Capacitor+1","Gash","Pain"],"special_seed":0,"relics":["Cracked Core","Frozen Egg 2","Bronze Scales","Blood Vial","Vajra","Cursed Key","Red Mask","WarpedTongs"],"potions_floor_usage":[12,16,16],"damage_taken":[{"damage":10.0,"enemies":"2 Louse","floor":1.0,"turns":2.0},{"damage":2.0,"enemies":"Jaw Worm","floor":2.0,"turns":3.0},{"damage":29.0,"enemies":"Lagavulin","floor":7.0,"turns":6.0},{"damage":0.0,"enemies":"Cultist","floor":11.0,"turns":3.0},{"damage":11,"enemies":"3 Sentries","floor":12,"turns":6},{"damage":1,"enemies":"Large Slime","floor":14,"turns":4},{"damage":0,"enemies":"Slime Boss","floor":16,"turns":5},{"damage":0,"enemies":"Chosen","floor":18,"turns":5},{"damage":8,"enemies":"Shell Parasite","floor":19,"turns":4},{"damage":45,"enemies":"Masked Bandits","floor":20,"turns":4},{"damage":19,"enemies":"Slavers","floor":23,"turns":4}],"seed_played":"-3900790929731624265","potions_obtained":[{"floor":1.0,"key":"Fire Potion"},{"floor":10.0,"key":"Poison Potion"},{"floor":12,"key":"Energy Potion"}],"is_trial":false,"path_per_floor":["M","M","$","?","?","R","E","R","T","?","M","E","R","M","R","B",null,"M","M","?","?","?","E"],"character_chosen":"DEFECT","items_purchased":["Genetic Algorithm","Frozen Egg 2","Cold Snap"],"campfire_rested":2,"item_purchase_floors":[3,3,3],"current_hp_per_floor":[36,34,34,13,13,34,5,26,26,26,28,19,19,20,20,22,59,61,55,12,12,12,0],"gold":249,"neow_bonus":"TWO_FIFTY_GOLD","is_prod":false,"is_daily":false,"chose_seed":false,"campfire_upgraded":2,"win_rate":0,"timestamp":1565997254,"path_taken":["M","M","$","?","?","R","E","R","T","?","?","E","R","M","R","BOSS","M","M","?","?","?","E"],"build_version":"2019-07-17","purchased_purges":0,"victory":false,"max_hp_per_floor":[71,71,71,71,71,71,71,71,71,71,71,71,71,71,71,71,71,71,71,71,71,71,71],"card_choices":[{"not_picked":["Stack","Recycle"],"picked":"Streamline","floor":1.0},{"not_picked":["Steam","Aggregate"],"picked":"Ball Lightning","floor":2.0},{"not_picked":["Conserve Battery","Hologram"],"picked":"Compile Driver","floor":7.0},{"not_picked":["Heatsinks+1","Redo","Turbo"],"picked":"SKIP","floor":11.0},{"not_picked":["White Noise","Chaos"],"picked":"Undo","floor":12},{"not_picked":["Melter","Beam Cell"],"picked":"Cold Snap","floor":14},{"not_picked":["Reboot","Thunder Strike"],"picked":"Buffer+1","floor":16},{"not_picked":["Sweeping Beam","Redo"],"picked":"Static Discharge+1","floor":18},{"not_picked":["Compile Driver","Rebound"],"picked":"Capacitor+1","floor":19},{"not_picked":["Turbo","Conserve Battery"],"picked":"Gash","floor":20}],"player_experience":584360,"relics_obtained":[{"floor":7.0,"key":"Bronze Scales"},{"floor":9.0,"key":"Blood Vial"},{"floor":12,"key":"Vajra"},{"floor":20,"key":"Red Mask"}],"event_choices":[{"damage_healed":0.0,"max_hp_gain":0.0,"max_hp_loss":0.0,"gold_gain":0.0,"event_name":"Shining Light","player_choice":"Entered Light","floor":4.0,"gold_loss":0.0,"damage_taken":21.0,"cards_upgraded":["Defend_B","Dualcast"]},{"damage_healed":0.0,"max_hp_gain":0.0,"max_hp_loss":0.0,"gold_gain":0.0,"event_name":"Liars Game","player_choice":"Ignored","floor":5.0,"gold_loss":0.0,"damage_taken":0.0},{"damage_healed":0.0,"max_hp_gain":0.0,"max_hp_loss":0.0,"gold_gain":0.0,"event_name":"The Woman in Blue","player_choice":"Bought 1 Potion","floor":10.0,"gold_loss":0.0,"damage_taken":0.0},{"damage_healed":0,"gold_gain":0,"player_choice":"Fought Bandits","damage_taken":0,"max_hp_gain":0,"max_hp_loss":0,"event_name":"Masked Bandits","floor":20,"gold_loss":0},{"damage_healed":0,"gold_gain":0,"player_choice":"Ignored","damage_taken":0,"max_hp_gain":0,"max_hp_loss":0,"event_name":"Cursed Tome","floor":21,"gold_loss":0},{"damage_healed":0,"gold_gain":0,"player_choice":"Rummage","damage_taken":0,"relics_obtained":["WarpedTongs"],"max_hp_gain":0,"max_hp_loss":0,"event_name":"Accursed Blacksmith","floor":22,"gold_loss":0,"cards_obtained":["Pain"]}],"is_beta":false,"boss_relics":[{"not_picked":["Eternal Feather","Velvet Choker"],"picked":"Cursed Key"}],"items_purged_floors":[],"is_endless":false,"potions_floor_spawned":[1,12],"killed_by":"Slavers","ascension_level":20}