{"gold_per_floor":[409,559,269,269,281,281,301,320,320,281,281,308,308,335,335,414,414,427,427,61,85,85,110,125,125,151,168,168,179,54,70,70,70],"floor_reached":33,"playtime":1330,"items_purged":["Doubt","Strike_R","Strike_R"],"score":569,"play_id":"88eab2f9-c4c7-4297-947c-7c71600ff515","local_time":"20190410013408","is_ascension_mode":true,"campfire_choices":[{"data":"Rampage","floor":6,"key":"SMITH"},{"data":"Bash","floor":11,"key":"SMITH"},{"data":"Warcry","floor":13,"key":"SMITH"},{"data":"Feed","floor":15,"key":"SMITH"},{"floor":25,"key":"REST"},{"floor":28,"key":"REST"},{"floor":32,"key":"REST"}],"neow_cost":"PERCENT_DAMAGE","seed_source_timestamp":136038317143041,"circlet_count":0,"master_deck":["AscendersBane","Strike_R","Strike_R+1","Defend_R","Defend_R","Defend_R","Defend_R","Bash+1","Pommel Strike+1","Rampage+1","Ghostly Armor","Headbutt","Warcry+1","Feed+1","Offering+1"],"relics":["Burning Blood","Old Coin","Whetstone","Singing Bowl","Shuriken","Pear","Runic Cube","Blue Candle","Bronze Scales","Bottled Lightning","Strawberry"],"potions_floor_usage":[14,16,33,33],"damage_taken":[{"damage":11,"enemies":"2 Louse","floor":1,"turns":2},{"damage":4,"enemies":"Small Slimes","floor":5,"turns":3},{"damage":1,"enemies":"Cultist","floor":7,"turns":3},{"damage":2,"enemies":"Exordium Wildlife","floor":8,"turns":4},{"damage":20,"enemies":"3 Sentries","floor":12,"turns":6},{"damage":6,"enemies":"Gremlin Nob","floor":14,"turns":3},{"damage":49,"enemies":"The Guardian","floor":16,"turns":9},{"damage":6,"enemies":"Chosen","floor":18,"turns":3},{"damage":38,"enemies":"Colosseum Slavers","floor":22,"turns":6},{"damage":34,"enemies":"Gremlin Leader","floor":23,"turns":6},{"damage":24,"enemies":"Spheric Guardian","floor":24,"turns":4},{"damage":24,"enemies":"Snecko","floor":27,"turns":3},{"damage":35,"enemies":"Centurion and Healer","floor":29,"turns":5},{"damage":20,"enemies":"Snake Plant","floor":31,"turns":2},{"damage":90,"enemies":"Collector","floor":33,"turns":7}],"seed_played":"2379237013602027512","potions_obtained":[{"floor":7,"key":"Poison Potion"},{"floor":8,"key":"SteroidPotion"},{"floor":12,"key":"AttackPotion"},{"floor":16,"key":"SpeedPotion"},{"floor":27,"key":"Energy Potion"}],"is_trial":false,"path_per_floor":["M","?","$","?","M","R","M","M","T","?","R","E","R","E","R","B",null,"M","?","$","T","?","E","M","R","T","M","R","M","$","M","R","B"],"character_chosen":"IRONCLAD","items_purchased":["Rampage","Whetstone","Blue Candle"],"campfire_rested":3,"item_purchase_floors":[3,3,20],"current_hp_per_floor":[45,45,45,45,47,47,52,56,56,56,56,42,42,52,52,13,70,76,76,76,76,48,26,14,47,54,38,74,51,51,43,82,0],"gold":70,"neow_bonus":"ONE_RARE_RELIC","is_prod":false,"is_daily":false,"chose_seed":false,"campfire_upgraded":4,"win_rate":0,"timestamp":1554885248,"path_taken":["M","?","$","?","M","R","M","?","T","?","R","E","R","E","R","BOSS","M","?","$","?","?","E","M","R","T","?","R","M","$","M","R","BOSS"],"build_version":"2019-01-23","purchased_purges":3,"victory":false,"max_hp_per_floor":[75,75,75,75,75,75,75,75,75,75,75,75,75,85,85,89,89,95,95,95,95,99,105,111,111,118,120,120,126,126,132,132,132],"card_choices":[{"not_picked":["Headbutt","Anger"],"picked":"Pommel Strike","floor":1},{"not_picked":["Demon Form","Intimidate"],"picked":"Ghostly Armor","floor":5},{"not_picked":["Wild Strike","Perfected Strike","Cleave"],"picked":"SKIP","floor":7},{"not_picked":["Hemokinesis","Pummel"],"picked":"Headbutt","floor":8},{"not_picked":["Anger","Inflame"],"picked":"Warcry","floor":12},{"not_picked":["Metallicize","Entrench"],"picked":"Feed","floor":14},{"not_picked":["Barricade","Berserk"],"picked":"Offering","floor":16},{"not_picked":["Perfected Strike+1","Inflame","Clothesline"],"picked":"Singing Bowl","floor":18},{"not_picked":["Infernal Blade","Shockwave","Pommel Strike"],"picked":"Singing Bowl","floor":23},{"not_picked":["Sentinel","Sword Boomerang","Havoc"],"picked":"Singing Bowl","floor":24},{"not_picked":["Iron Wave","Clothesline","Dual Wield"],"picked":"Singing Bowl","floor":27},{"not_picked":["Combust","Anger","Flex"],"picked":"Singing Bowl","floor":29},{"not_picked":["Demon Form","Seeing Red","Corruption"],"picked":"Singing Bowl","floor":31}],"player_experience":1271862,"relics_obtained":[{"floor":9,"key":"Singing Bowl"},{"floor":12,"key":"Shuriken"},{"floor":14,"key":"Pear"},{"floor":21,"key":"Bronze Scales"},{"floor":23,"key":"Bottled Lightning"},{"floor":26,"key":"Strawberry"}],"event_choices":[{"damage_healed":0,"gold_gain":150,"player_choice":"AGREE","damage_taken":0,"max_hp_gain":0,"max_hp_loss":0,"event_name":"Liars Game","floor":2,"gold_loss":0,"cards_obtained":["Doubt"]},{"cards_removed":["Strike_R"],"damage_healed":0,"gold_gain":0,"player_choice":"Purged","damage_taken":0,"max_hp_gain":0,"max_hp_loss":0,"event_name":"Purifier","floor":4,"gold_loss":0},{"damage_healed":0,"gold_gain":0,"player_choice":"Left Gold","damage_taken":0,"max_hp_gain":0,"max_hp_loss":0,"event_name":"World of Goop","floor":10,"gold_loss":39},{"damage_healed":0,"gold_gain":0,"player_choice":"Upgraded","damage_taken":0,"max_hp_gain":0,"max_hp_loss":0,"event_name":"Upgrade Shrine","floor":19,"gold_loss":0,"cards_upgraded":["Offering"]},{"damage_healed":0,"gold_gain":0,"player_choice":"Fight","damage_taken":0,"max_hp_gain":0,"max_hp_loss":0,"event_name":"Colosseum","floor":22,"gold_loss":0},{"damage_healed":0,"gold_gain":0,"player_choice":"Fled From Nobs","damage_taken":0,"max_hp_gain":0,"max_hp_loss":0,"event_name":"Colosseum","floor":22,"gold_loss":0}],"is_beta":false,"boss_relics":[{"not_picked":["Eternal Feather","Orrery"],"picked":"Runic Cube"}],"items_purged_floors":[3,20,30],"is_endless":false,"potions_floor_spawned":[7,8,12,16,22,27],"killed_by":"Collector","ascension_level":18}