{"gold_per_floor":[113,124,135,146,71,100,100,85,108,143,155,155,55,72,72,176,176,190,116,130,5,23,23],"floor_reached":23,"playtime":2065,"items_purged":["Defend_G","Strike_G","Strike_G"],"score":246,"play_id":"564cfe08-33a2-4baa-93db-bdfb612d3bab","local_time":"20180803212219","is_ascension_mode":true,"campfire_choices":[{"data":"Accuracy","floor":7.0,"key":"SMITH"},{"floor":12.0,"key":"REST"},{"floor":15.0,"key":"REST"}],"neow_cost":"NONE","seed_source_timestamp":0,"circlet_count":0,"master_deck":["Defend_G","Defend_G","Defend_G","Defend_G","Strike_G","Strike_G","Strike_G","Survivor","Neutralize","Backstab","Escape Plan","Accuracy+1","Infinite Blades","Backstab","Escape Plan","Blade Dance","Phantasmal Killer","Blade Dance","Accuracy","Backstab"],"special_seed":0,"relics":["Ring of the Snake","Omamori","Lantern","Oddly Smooth Stone","Anchor","White Beast Statue"],"potions_floor_usage":[18,23,23,23],"damage_taken":[{"damage":0.0,"enemies":"Small Slimes","floor":1.0,"turns":5.0},{"damage":2.0,"enemies":"Jaw Worm","floor":2.0,"turns":5.0},{"damage":1.0,"enemies":"Cultist","floor":3.0,"turns":4.0},{"damage":1.0,"enemies":"2 Fungi Beasts","floor":4.0,"turns":4.0},{"damage":18.0,"enemies":"3 Sentries","floor":6.0,"turns":10.0},{"damage":6.0,"enemies":"Exordium Thugs","floor":8.0,"turns":4.0},{"damage":27.0,"enemies":"Lagavulin","floor":10.0,"turns":6.0},{"damage":0.0,"enemies":"Large Slime","floor":11.0,"turns":5.0},{"damage":0.0,"enemies":"Lots of Slimes","floor":14.0,"turns":4.0},{"damage":47.0,"enemies":"The Guardian","floor":16.0,"turns":14.0},{"damage":13,"enemies":"2 Thieves","floor":18,"turns":4},{"damage":12,"enemies":"3 Byrds","floor":20,"turns":5},{"damage":42,"enemies":"Snecko","floor":22,"turns":6},{"damage":18,"enemies":"Centurion and Healer","floor":23,"turns":3}],"seed_played":"338417079941501547","potions_obtained":[{"floor":2.0,"key":"Weak Potion"},{"floor":4.0,"key":"Explosive Potion"},{"floor":10.0,"key":"LiquidBronze"},{"floor":14.0,"key":"SteroidPotion"},{"floor":16.0,"key":"AttackPotion"},{"floor":18,"key":"Strength Potion"},{"floor":20,"key":"SpeedPotion"},{"floor":22,"key":"Regen Potion"}],"is_trial":false,"path_per_floor":["M","M","M","M","$","E","R","M","T","E","M","R","$","M","R","B",null,"M","$","M","$","M"],"character_chosen":"THE_SILENT","items_purchased":["Accuracy"],"campfire_rested":2,"item_purchase_floors":[19],"current_hp_per_floor":[70,68,67,66,66,48,48,42,42,15,15,36,36,36,57,10,70,57,57,45,45,3,0],"gold":23,"neow_bonus":"RANDOM_COMMON_RELIC","is_prod":false,"is_daily":false,"chose_seed":false,"campfire_upgraded":1,"win_rate":0,"timestamp":1533356539,"path_taken":["M","M","M","M","$","E","R","M","T","E","M","R","$","M","R","BOSS","M","$","M","$","M","M"],"build_version":"2018-08-02","purchased_purges":3,"victory":false,"max_hp_per_floor":[70,70,70,70,70,70,70,70,70,70,70,70,70,70,70,70,70,70,70,70,70,70,70],"card_choices":[{"not_picked":["Dodge and Roll","Outmaneuver"],"picked":"Backstab","floor":1.0},{"not_picked":["Bane","Acrobatics"],"picked":"Escape Plan","floor":2.0},{"not_picked":["Outmaneuver","Deflect","Calculated Gamble"],"picked":"SKIP","floor":3.0},{"not_picked":["Bane","Backflip","Blur"],"picked":"SKIP","floor":4.0},{"not_picked":["Storm of Steel","Underhanded Strike"],"picked":"Accuracy","floor":6.0},{"not_picked":["Accuracy","Backflip"],"picked":"Infinite Blades","floor":8.0},{"not_picked":["Tactician","Bouncing Flask"],"picked":"Backstab","floor":10.0},{"not_picked":["Poisoned Stab","Outmaneuver"],"picked":"Escape Plan","floor":11.0},{"not_picked":["Catalyst","Outmaneuver"],"picked":"Blade Dance","floor":14.0},{"not_picked":["Wraith Form v2","Malaise"],"picked":"Phantasmal Killer","floor":16.0},{"not_picked":["Catalyst","Dodge and Roll"],"picked":"Blade Dance","floor":18},{"not_picked":["Slice","Riddle With Holes"],"picked":"Backstab","floor":20},{"not_picked":["Deadly Poison","All Out Attack","Acrobatics"],"picked":"SKIP","floor":22}],"player_experience":573283,"relics_obtained":[{"floor":6.0,"key":"Lantern"},{"floor":9.0,"key":"Oddly Smooth Stone"},{"floor":10.0,"key":"Anchor"}],"event_choices":[],"is_beta":false,"boss_relics":[{"not_picked":["Pandora\u0027s Box","Busted Crown"],"picked":"White Beast Statue"}],"items_purged_floors":[5,13,21],"is_endless":false,"potions_floor_spawned":[2,4,10,14,16,18,20,22],"killed_by":"Centurion and Healer","ascension_level":4}