{"gold_per_floor":[110,130,141,155,171,171,182,210,210,210,210,221,248,423,423,519,519,536,265,277,6,18,18,38,38,63,63,14,14,27,27,27,130,130,146,146,0,12,31,41,41,41,41,41,41,52,52,80,80,80],"floor_reached":50,"playtime":2671,"items_purged":["Doubt"],"score":484,"play_id":"142a3801-ef10-43ee-88f2-a7d2e7512291","local_time":"20190425114916","is_ascension_mode":false,"campfire_choices":[{"data":"Intimidate","floor":6.0,"key":"SMITH"},{"data":"Bludgeon","floor":15.0,"key":"SMITH"},{"data":"Clothesline","floor":23.0,"key":"SMITH"},{"data":"Defend_R","floor":25.0,"key":"SMITH"},{"data":"Offering","floor":32.0,"key":"SMITH"},{"data":"RitualDagger","floor":41.0,"key":"SMITH"},{"data":"Shrug It Off","floor":44.0,"key":"SMITH"},{"data":"Master of Strategy","floor":47.0,"key":"SMITH"},{"floor":49.0,"key":"REST"}],"neow_cost":"NONE","seed_source_timestamp":0,"circlet_count":0,"master_deck":["Strike_R","Strike_R+1","Strike_R","Defend_R","Defend_R","Defend_R","Defend_R+1","Bash+1","Disarm","Blood for Blood","Iron Wave+1","Intimidate+1","Seeing Red","Bludgeon+1","Clothesline+1","Battle Trance","Reaper","Shrug It Off+1","True Grit+1","Offering+1","Clothesline+1","RitualDagger+1","Warcry","Inflame+1","Impervious","Seeing Red+1","Armaments+1","Injury","Master of Strategy+1","Dramatic Entrance","Dark Shackles","Flame Barrier+1","Flame Barrier+1"],"special_seed":0,"relics":["Burning Blood","Whetstone","Frozen Egg 2","Juzu Bracelet","Centennial Puzzle","Eternal Feather","Vajra","Sling","Ancient Tea Set","Cursed Key","Red Mask","Mango","Toxic Egg 2"],"potions_floor_usage":[50,50,50],"damage_taken":[{"damage":6.0,"enemies":"Cultist","floor":1.0,"turns":4.0},{"damage":7.0,"enemies":"2 Louse","floor":2.0,"turns":2.0},{"damage":6.0,"enemies":"Jaw Worm","floor":3.0,"turns":3.0},{"damage":11.0,"enemies":"Lots of Slimes","floor":4.0,"turns":5.0},{"damage":11.0,"enemies":"3 Louse","floor":5.0,"turns":3.0},{"damage":5.0,"enemies":"Exordium Thugs","floor":7.0,"turns":5.0},{"damage":32.0,"enemies":"Lagavulin","floor":8.0,"turns":8.0},{"damage":3.0,"enemies":"2 Fungi Beasts","floor":12.0,"turns":3.0},{"damage":4.0,"enemies":"Gremlin Nob","floor":13.0,"turns":4.0},{"damage":37.0,"enemies":"The Guardian","floor":16.0,"turns":9.0},{"damage":21.0,"enemies":"3 Byrds","floor":18.0,"turns":7.0},{"damage":5.0,"enemies":"Chosen","floor":20.0,"turns":5.0},{"damage":7.0,"enemies":"Snecko","floor":22.0,"turns":3.0},{"damage":20.0,"enemies":"Centurion and Healer","floor":24.0,"turns":5.0},{"damage":13.0,"enemies":"Snake Plant","floor":30.0,"turns":5.0},{"damage":60.0,"enemies":"Automaton","floor":33.0,"turns":12.0},{"damage":0.0,"enemies":"3 Shapes","floor":35.0,"turns":3.0},{"damage":12.0,"enemies":"Orb Walker","floor":38.0,"turns":3.0},{"damage":43.0,"enemies":"Writhing Mass","floor":39.0,"turns":4.0},{"damage":24.0,"enemies":"Jaw Worm Horde","floor":40.0,"turns":5.0},{"damage":23.0,"enemies":"4 Shapes","floor":46.0,"turns":6.0},{"damage":66.0,"enemies":"Nemesis","floor":48.0,"turns":11.0},{"damage":80,"enemies":"Awakened One","floor":50,"turns":25}],"seed_played":"-2523098600629626591","potions_obtained":[{"floor":3.0,"key":"SneckoOil"},{"floor":5.0,"key":"Poison Potion"},{"floor":12.0,"key":"Energy Potion"},{"floor":16.0,"key":"Energy Potion"},{"floor":18.0,"key":"GamblersBrew"},{"floor":22.0,"key":"SkillPotion"},{"floor":33.0,"key":"LiquidBronze"},{"floor":35.0,"key":"Weak Potion"},{"floor":46.0,"key":"FearPotion"}],"is_trial":false,"path_per_floor":["M","M","M","M","M","R","M","E","T","?","T","M","E","?","R","B",null,"M","$","M","$","M","R","M","R","T","?","$","?","M","$","R","B",null,"M","?","?","M","M","M","R","?","T","R","?","M","R","E","R","B"],"character_chosen":"IRONCLAD","items_purchased":["Vajra","Shrug It Off","Offering","Sling","Warcry"],"campfire_rested":1,"item_purchase_floors":[19,19,21,21,28],"current_hp_per_floor":[80,79,79,74,69,69,70,44,44,37,37,40,42,42,42,11,80,65,65,66,66,65,77,66,78,78,72,72,72,65,65,80,26,80,80,80,80,80,52,34,49,49,63,78,68,63,81,21,67,0],"gold":80,"neow_bonus":"UPGRADE_CARD","is_prod":false,"is_daily":false,"chose_seed":false,"campfire_upgraded":8,"win_rate":0,"timestamp":1556185756,"path_taken":["M","?","M","M","M","R","M","E","T","?","?","M","E","?","R","BOSS","M","$","M","$","M","R","M","R","T","?","?","?","M","?","R","BOSS","M","?","?","M","M","M","R","?","T","R","?","M","R","E","R","BOSS"],"build_version":"2019-04-23","purchased_purges":1,"victory":false,"max_hp_per_floor":[80,80,80,80,80,80,80,80,80,80,80,80,80,80,80,80,80,80,80,80,80,80,80,80,80,80,80,80,80,80,80,80,80,80,80,80,80,80,80,80,80,80,94,94,94,94,94,94,94,94],"card_choices":[{"not_picked":["Sword Boomerang","Headbutt"],"picked":"Disarm","floor":1.0},{"not_picked":["Rupture","Havoc"],"picked":"Blood for Blood","floor":2.0},{"not_picked":["Body Slam","Dropkick"],"picked":"Iron Wave","floor":3.0},{"not_picked":["Havoc","Heavy Blade"],"picked":"Intimidate","floor":4.0},{"not_picked":["Sever Soul","Thunderclap"],"picked":"Seeing Red","floor":5.0},{"not_picked":["Infernal Blade","Anger","Clash"],"picked":"SKIP","floor":7.0},{"not_picked":["Ghostly Armor","Infernal Blade"],"picked":"Bludgeon","floor":8.0},{"not_picked":["Rupture+1","Heavy Blade"],"picked":"Clothesline","floor":12.0},{"not_picked":["Sever Soul","Thunderclap"],"picked":"Battle Trance","floor":13.0},{"not_picked":["Fiend Fire","Bludgeon"],"picked":"Reaper","floor":16.0},{"not_picked":["Body Slam","Pummel","Sword Boomerang"],"picked":"SKIP","floor":18.0},{"not_picked":["Spot Weakness","Anger"],"picked":"True Grit+1","floor":20.0},{"not_picked":["Clothesline","Havoc","Pommel Strike"],"picked":"SKIP","floor":22.0},{"not_picked":["Sword Boomerang","Clash+1"],"picked":"Clothesline+1","floor":24.0},{"not_picked":["Dropkick+1","Pummel","Pommel Strike"],"picked":"SKIP","floor":30.0},{"not_picked":["Fiend Fire","Dark Embrace+1"],"picked":"Impervious","floor":33.0},{"not_picked":["Second Wind","Anger+1","Combust+1"],"picked":"SKIP","floor":35.0},{"not_picked":["Thunderclap+1","Rampage+1"],"picked":"Seeing Red+1","floor":38.0},{"not_picked":["Sword Boomerang+1","Flex","Headbutt"],"picked":"SKIP","floor":39.0},{"not_picked":["Havoc","Rage+1"],"picked":"Armaments+1","floor":40.0},{"not_picked":["Madness","PanicButton"],"picked":"Master of Strategy","floor":45.0},{"not_picked":["Flash of Steel","Mind Blast"],"picked":"Dramatic Entrance","floor":45.0},{"not_picked":["Metamorphosis","Enlightenment"],"picked":"Dark Shackles","floor":45.0},{"not_picked":["Intimidate","Heavy Blade"],"picked":"Flame Barrier+1","floor":46.0},{"not_picked":["Fire Breathing+1","Shrug It Off+1"],"picked":"Flame Barrier","floor":48.0}],"player_experience":329394,"relics_obtained":[{"floor":8.0,"key":"Whetstone"},{"floor":9.0,"key":"Frozen Egg 2"},{"floor":11.0,"key":"Juzu Bracelet"},{"floor":13.0,"key":"Centennial Puzzle"},{"floor":26.0,"key":"Ancient Tea Set"},{"floor":43.0,"key":"Mango"},{"floor":48.0,"key":"Toxic Egg 2"}],"event_choices":[{"cards_removed":["Strike_R"],"damage_healed":0.0,"max_hp_gain":0.0,"max_hp_loss":0.0,"gold_gain":0.0,"event_name":"Golden Wing","player_choice":"Card Removal","floor":10.0,"gold_loss":0.0,"damage_taken":7.0},{"damage_healed":0.0,"max_hp_gain":0.0,"max_hp_loss":0.0,"gold_gain":175.0,"event_name":"Liars Game","player_choice":"AGREE","floor":14.0,"gold_loss":0.0,"damage_taken":0.0,"cards_obtained":["Doubt"]},{"damage_healed":0.0,"max_hp_gain":0.0,"max_hp_loss":0.0,"gold_gain":0.0,"event_name":"Nest","player_choice":"Joined the Cult","floor":27.0,"gold_loss":0.0,"damage_taken":6.0,"cards_obtained":["RitualDagger"]},{"damage_healed":0.0,"max_hp_gain":0.0,"max_hp_loss":0.0,"gold_gain":0.0,"event_name":"The Library","player_choice":"Read","floor":29.0,"gold_loss":0.0,"damage_taken":0.0,"cards_obtained":["Inflame"]},{"damage_healed":0.0,"max_hp_gain":0.0,"max_hp_loss":0.0,"gold_gain":0.0,"event_name":"Mysterious Sphere","player_choice":"Ignored","floor":36.0,"gold_loss":0.0,"damage_taken":0.0},{"damage_healed":0.0,"max_hp_gain":0.0,"max_hp_loss":0.0,"gold_gain":0.0,"event_name":"Tomb of Lord Red Mask","player_choice":"Paid","floor":37.0,"gold_loss":146.0,"damage_taken":0.0,"relics_obtained":["Red Mask"]},{"cards_removed":["Strike_R"],"damage_healed":0.0,"max_hp_gain":0.0,"max_hp_loss":0.0,"gold_gain":0.0,"event_name":"Falling","player_choice":"Removed Attack","floor":42.0,"gold_loss":0.0,"damage_taken":0.0},{"damage_healed":0.0,"max_hp_gain":0.0,"max_hp_loss":0.0,"gold_gain":0.0,"event_name":"SensoryStone","player_choice":"Memory 3","floor":45.0,"gold_loss":0.0,"damage_taken":10.0}],"is_beta":true,"boss_relics":[{"not_picked":["Runic Pyramid","Black Star"],"picked":"Eternal Feather"},{"not_picked":["Calling Bell","Runic Cube"],"picked":"Cursed Key"}],"items_purged_floors":[19],"is_endless":false,"potions_floor_spawned":[3,5,12,16,18,22,30,33,35,38,46,48],"killed_by":"Awakened One","ascension_level":0}