{"gold_per_floor":[116,116,191,191,116,151,51,51,51,51,62,62,62,77,77,77],"floor_reached":16,"playtime":1031,"items_purged":["Strike_R","Defend_R"],"score":110,"play_id":"faac9221-6b3c-4485-85aa-5089fe31874a","local_time":"20190603160304","is_ascension_mode":true,"campfire_choices":[{"data":"Armaments","floor":8,"key":"SMITH"},{"floor":10,"key":"REST"},{"data":"Flame Barrier","floor":12,"key":"SMITH"},{"data":"Reaper","floor":15,"key":"SMITH"}],"neow_cost":"PERCENT_DAMAGE","seed_source_timestamp":756456826788363,"circlet_count":0,"master_deck":["Strike_R","Strike_R","Defend_R","Defend_R","Defend_R","Bash","Pummel","Clothesline","Shrug It Off+1","Armaments+1","Flame Barrier+1","Reaper+1"],"relics":["Burning Blood","Shuriken","Nunchaku"],"potions_floor_usage":[],"damage_taken":[{"damage":6,"enemies":"Jaw Worm","floor":1,"turns":4},{"damage":45,"enemies":"3 Sentries","floor":6,"turns":11},{"damage":3,"enemies":"2 Louse","floor":11,"turns":2},{"damage":0,"enemies":"Small Slimes","floor":14,"turns":4},{"damage":45,"enemies":"Hexaghost","floor":16,"turns":12}],"seed_played":"6317553051042080377","potions_obtained":[{"floor":11,"key":"Ancient Potion"},{"floor":14,"key":"Ancient Potion"}],"is_trial":false,"path_per_floor":["M","?","?","?","$","E","$","R","T","R","M","R","$","M","R","B"],"character_chosen":"IRONCLAD","items_purchased":[],"campfire_rested":1,"item_purchase_floors":[],"current_hp_per_floor":[56,61,50,50,50,11,11,11,11,36,39,39,39,45,45,0],"gold":77,"neow_bonus":"TRANSFORM_TWO_CARDS","is_prod":false,"is_daily":false,"chose_seed":false,"campfire_upgraded":3,"win_rate":0,"timestamp":1559592184,"path_taken":["M","?","?","?","$","E","$","R","T","R","?","R","?","M","R","BOSS"],"build_version":"2019-01-23","purchased_purges":2,"victory":false,"max_hp_per_floor":[80,85,85,85,85,85,85,85,85,85,85,85,85,85,85,85],"card_choices":[{"not_picked":["Armaments","Cleave"],"picked":"Shrug It Off","floor":1},{"not_picked":["Clash","Sword Boomerang"],"picked":"Armaments","floor":6},{"not_picked":["Body Slam","Headbutt"],"picked":"Flame Barrier","floor":11},{"not_picked":["True Grit","Clothesline"],"picked":"Reaper","floor":14}],"player_experience":57237,"relics_obtained":[{"floor":6,"key":"Shuriken"},{"floor":9,"key":"Nunchaku"}],"event_choices":[{"damage_healed":0,"gold_gain":0,"player_choice":"Donut","damage_taken":0,"max_hp_gain":5,"max_hp_loss":0,"event_name":"Big Fish","floor":2,"gold_loss":0},{"damage_healed":0,"gold_gain":75,"player_choice":"Gather Gold","damage_taken":11,"max_hp_gain":0,"max_hp_loss":0,"event_name":"World of Goop","floor":3,"gold_loss":0},{"damage_healed":0,"gold_gain":0,"player_choice":"Forge","damage_taken":0,"max_hp_gain":0,"max_hp_loss":0,"event_name":"Accursed Blacksmith","floor":4,"gold_loss":0,"cards_upgraded":["Shrug It Off"]}],"is_beta":false,"boss_relics":[],"items_purged_floors":[5,7],"is_endless":false,"potions_floor_spawned":[11,14],"killed_by":"Hexaghost","ascension_level":3}