{"gold_per_floor":[113,133,52,127,143,143,173,252,301,301,320,320,350,364,364,464,464,478,307,335,335,348,348,381,396,396,396,426,426],"floor_reached":29,"playtime":1717,"items_purged":["Clash"],"score":271,"play_id":"e8df60a7-cbdd-4245-ae51-652a9eb764af","local_time":"20190815173030","is_ascension_mode":false,"campfire_choices":[{"floor":6,"key":"RECALL"},{"floor":10,"key":"REST"},{"floor":15,"key":"REST"},{"floor":23,"key":"REST"},{"data":"Corruption","floor":27,"key":"SMITH"}],"neow_cost":"NONE","seed_source_timestamp":72667520036700,"circlet_count":0,"master_deck":["Strike_R","Strike_R","Strike_R","Strike_R","Defend_R","Defend_R","Defend_R","Defend_R","Bash","Twin Strike","Warcry","Corruption+1","Second Wind","Heavy Blade","Battle Trance","Spot Weakness","Spot Weakness","Uppercut","Seeing Red","Limit Break","Flex+1","Feel No Pain","Headbutt","Battle Trance+1","Infernal Blade","True Grit","Limit Break","Dual Wield+1","Armaments+1"],"relics":["Burning Blood","Dream Catcher","Ornamental Fan","Omamori","Gambling Chip","Velvet Choker","Red Mask","Mercury Hourglass","Lantern"],"potions_floor_usage":[13,16,16,24,24,28,29],"damage_taken":[{"damage":1,"enemies":"Cultist","floor":1,"turns":3},{"damage":6,"enemies":"Jaw Worm","floor":2,"turns":2},{"damage":3,"enemies":"2 Louse","floor":5,"turns":3},{"damage":60,"enemies":"3 Sentries","floor":7,"turns":11},{"damage":11,"enemies":"2 Fungi Beasts","floor":11,"turns":4},{"damage":34,"enemies":"Gremlin Nob","floor":13,"turns":6},{"damage":5,"enemies":"Looter","floor":14,"turns":2},{"damage":15,"enemies":"Hexaghost","floor":16,"turns":7},{"damage":14,"enemies":"Chosen","floor":18,"turns":5},{"damage":33,"enemies":"Masked Bandits","floor":20,"turns":4},{"damage":8,"enemies":"Shell Parasite","floor":22,"turns":4},{"damage":22,"enemies":"Gremlin Leader","floor":24,"turns":5},{"damage":30,"enemies":"Shelled Parasite and Fungi","floor":25,"turns":6},{"damage":39,"enemies":"Slavers","floor":28,"turns":4},{"damage":40,"enemies":"Snecko","floor":29,"turns":5}],"seed_played":"2719480383900365854","potions_obtained":[{"floor":11,"key":"EssenceOfSteel"},{"floor":13,"key":"Poison Potion"},{"floor":14,"key":"FearPotion"},{"floor":16,"key":"Regen Potion"},{"floor":18,"key":"Weak Potion"},{"floor":20,"key":"Weak Potion"},{"floor":28,"key":"Regen Potion"}],"is_trial":false,"path_per_floor":["M","M","$","?","M","R","E","T","T","R","M","?","E","M","R","B",null,"M","$","?","?","M","R","E","M","T","R","E","M"],"character_chosen":"IRONCLAD","items_purchased":["Corruption","Feel No Pain","Headbutt"],"campfire_rested":3,"item_purchase_floors":[3,19,19],"current_hp_per_floor":[80,80,80,69,72,72,18,18,18,42,37,37,9,10,34,25,80,72,72,45,45,43,67,65,41,41,41,8,0],"gold":426,"neow_bonus":"TRANSFORM_CARD","is_prod":false,"is_daily":false,"chose_seed":false,"campfire_upgraded":1,"win_rate":0,"timestamp":1565861430,"path_taken":["M","?","$","?","M","R","E","?","T","R","M","?","E","M","R","BOSS","M","$","?","?","M","R","E","M","T","R","E","M"],"build_version":"2019-07-17","purchased_purges":1,"victory":false,"max_hp_per_floor":[80,80,80,80,80,80,80,80,80,80,80,80,80,80,80,80,80,80,80,80,80,80,80,80,80,80,80,80,80],"card_choices":[{"not_picked":["Cleave","Clash"],"picked":"Twin Strike","floor":1},{"not_picked":["Perfected Strike","Hemokinesis"],"picked":"Warcry","floor":2},{"not_picked":["Infernal Blade","Havoc"],"picked":"Second Wind","floor":5},{"not_picked":["Bloodletting","Dark Embrace"],"picked":"Heavy Blade","floor":7},{"not_picked":["Bloodletting","Twin Strike"],"picked":"Battle Trance","floor":10},{"not_picked":["Armaments","Anger"],"picked":"Spot Weakness","floor":11},{"not_picked":["Flame Barrier","Sword Boomerang"],"picked":"Spot Weakness","floor":13},{"not_picked":["Dropkick","Sword Boomerang"],"picked":"Uppercut","floor":14},{"not_picked":["Flex","Heavy Blade"],"picked":"Seeing Red","floor":15},{"not_picked":["Double Tap","Dark Embrace"],"picked":"Limit Break","floor":16},{"not_picked":["Combust","Warcry"],"picked":"Flex+1","floor":18},{"not_picked":["Rupture","Bloodletting+1"],"picked":"Battle Trance+1","floor":20},{"not_picked":["Heavy Blade","Perfected Strike+1"],"picked":"Infernal Blade","floor":22},{"not_picked":["Rampage+1","Perfected Strike+1"],"picked":"True Grit","floor":23},{"not_picked":["Fire Breathing","Warcry+1"],"picked":"Limit Break","floor":24},{"not_picked":["Burning Pact","Cleave"],"picked":"Dual Wield+1","floor":25},{"not_picked":["Clothesline","Twin Strike"],"picked":"Armaments+1","floor":28}],"player_experience":164664,"relics_obtained":[{"floor":7,"key":"Dream Catcher"},{"floor":8,"key":"Ornamental Fan"},{"floor":9,"key":"Omamori"},{"floor":13,"key":"Gambling Chip"},{"floor":20,"key":"Red Mask"},{"floor":24,"key":"Mercury Hourglass"},{"floor":28,"key":"Lantern"}],"event_choices":[{"damage_healed":0,"gold_gain":75,"player_choice":"Gather Gold","damage_taken":11,"max_hp_gain":0,"max_hp_loss":0,"event_name":"World of Goop","floor":4,"gold_loss":0},{"damage_healed":0,"gold_gain":0,"player_choice":"Fled","damage_taken":0,"max_hp_gain":0,"max_hp_loss":0,"event_name":"Scrap Ooze","floor":12,"gold_loss":0},{"damage_healed":0,"gold_gain":0,"player_choice":"Fought Bandits","damage_taken":0,"max_hp_gain":0,"max_hp_loss":0,"event_name":"Masked Bandits","floor":20,"gold_loss":0},{"damage_healed":0,"gold_gain":0,"player_choice":"Ignored","damage_taken":0,"max_hp_gain":0,"max_hp_loss":0,"event_name":"Ghosts","floor":21,"gold_loss":0}],"is_beta":false,"boss_relics":[{"not_picked":["Fusion Hammer","Black Star"],"picked":"Velvet Choker"}],"items_purged_floors":[19],"is_endless":false,"potions_floor_spawned":[11,13,14,16,18,20,28],"killed_by":"Snecko","ascension_level":0}