{"gold_per_floor":[116,41,60,78,89,89,102,137,137,137,137,177,177,201,201,325,325,348,447,467,50,50,50,86,86,86,86,106,118,130,143,143,242,242,253,253,253,128,128,128,139,157,233,11,31,31,51,69,69,69],"floor_reached":51,"playtime":3982,"items_purged":["Strike_B","Clumsy","Zap"],"score":1017,"play_id":"e8fcf3c7-022b-4f4a-ac7f-c7c704345d8b","local_time":"20180823205625","is_ascension_mode":true,"campfire_choices":[{"floor":11,"key":"REST"},{"floor":13,"key":"REST"},{"floor":15,"key":"REST"},{"data":"Secret Technique","floor":23,"key":"SMITH"},{"floor":25,"key":"REST"},{"data":"Double Energy","floor":32,"key":"SMITH"},{"data":"Impatience","floor":40,"key":"SMITH"},{"data":"Panache","floor":46,"key":"SMITH"},{"floor":49,"key":"REST"}],"neow_cost":"CURSE","seed_source_timestamp":0,"circlet_count":0,"master_deck":["Dualcast","Streamline","Streamline","All For One","Beam Cell","Double Energy+1","Hologram","Gash","Go for the Eyes","Steam","Machine Learning","Steam","Conserve Battery","Hologram","Steam Power","Rebound","BootSequence","Gash","Steam","Streamline","Turbo","Secret Technique+1","Impatience+1","Reboot","Go for the Eyes+1","Steam","Steam+1","Beam Cell","Go for the Eyes","Beam Cell","Go for the Eyes","Hologram+1","Echo Form","Impatience","Jack Of All Trades","Blind","Streamline+1","Redo+1","Panache+1","Turbo","Steam","Double Energy+1"],"special_seed":0,"relics":["Cracked Core","Prayer Wheel","Bloody Idol","Cables","Letter Opener","Spirit Poop","Matryoshka","Pandora\u0027s Box","MutagenicStrength","Shuriken","Omamori","Blue Candle","Nuclear Battery","Dodecahedron","Bottled Lightning"],"potions_floor_usage":[8,16,31,33,33,50,50],"damage_taken":[{"damage":2.0,"enemies":"Jaw Worm","floor":1.0,"turns":3.0},{"damage":0.0,"enemies":"Small Slimes","floor":3.0,"turns":3.0},{"damage":1.0,"enemies":"Cultist","floor":4.0,"turns":3.0},{"damage":25.0,"enemies":"Gremlin Gang","floor":5.0,"turns":5.0},{"damage":10.0,"enemies":"Exordium Wildlife","floor":7.0,"turns":3.0},{"damage":28,"enemies":"3 Sentries","floor":8,"turns":8},{"damage":13,"enemies":"Gremlin Nob","floor":12,"turns":3},{"damage":1,"enemies":"2 Fungi Beasts","floor":14,"turns":2},{"damage":20,"enemies":"Hexaghost","floor":16,"turns":8},{"damage":21,"enemies":"Shell Parasite","floor":18,"turns":6},{"damage":0,"enemies":"Chosen","floor":20,"turns":3},{"damage":23,"enemies":"Book of Stabbing","floor":24,"turns":4},{"damage":5,"enemies":"Snecko","floor":28,"turns":4},{"damage":6,"enemies":"Snake Plant","floor":29,"turns":3},{"damage":0,"enemies":"Centurion and Healer","floor":30,"turns":4},{"damage":0,"enemies":"Cultist and Chosen","floor":31,"turns":4},{"damage":34,"enemies":"Champ","floor":33,"turns":6},{"damage":0,"enemies":"Orb Walker","floor":35,"turns":2},{"damage":18,"enemies":"3 Darklings","floor":41,"turns":3},{"damage":16,"enemies":"Spire Growth","floor":42,"turns":3},{"damage":11,"enemies":"Maw","floor":45,"turns":5},{"damage":0,"enemies":"Flame Bruiser 2 Orb","floor":47,"turns":3},{"damage":0,"enemies":"4 Shapes","floor":48,"turns":2},{"damage":35,"enemies":"Time Eater","floor":50,"turns":7}],"seed_played":"7378374180986544805","potions_obtained":[{"floor":5.0,"key":"Block Potion"},{"floor":7.0,"key":"Ancient Potion"},{"floor":12,"key":"Explosive Potion"},{"floor":14,"key":"Block Potion"},{"floor":29,"key":"Swift Potion"},{"floor":30,"key":"PowerPotion"},{"floor":31,"key":"Block Potion"},{"floor":42,"key":"Energy Potion"},{"floor":47,"key":"GamblersBrew"}],"is_trial":false,"path_per_floor":["M","$","M","M","M","?","M","E","T","?","R","E","R","M","R","B",null,"M","?","M","$","?","R","E","R","T","?","M","M","M","M","R","B",null,"M","?","?","$","?","R","M","M","T","$","M","R","M","M","R","B"],"character_chosen":"DEFECT","items_purchased":["Turbo","Secret Technique","Impatience","Panache","Turbo"],"campfire_rested":5,"item_purchase_floors":[21,21,21,44,44],"current_hp_per_floor":[66,66,66,65,40,40,30,2,2,2,24,11,33,32,54,34,65,44,44,44,44,44,44,21,43,43,43,43,42,47,52,52,30,64,69,69,59,59,59,59,46,35,40,40,34,34,39,44,66,31],"gold":69,"neow_bonus":"ONE_RARE_RELIC","is_prod":false,"is_daily":false,"chose_seed":false,"campfire_upgraded":4,"win_rate":0,"timestamp":1535082985,"path_taken":["M","$","M","M","M","?","M","E","T","?","R","E","R","M","R","BOSS","M","?","M","$","?","R","E","R","T","?","M","?","M","M","R","BOSS","M","?","?","?","?","R","M","M","T","$","M","R","M","M","R","BOSS"],"build_version":"2018-08-23","purchased_purges":3,"victory":true,"max_hp_per_floor":[75,75,75,75,75,75,75,75,75,75,75,75,75,75,75,75,75,75,75,75,75,75,75,75,75,75,75,75,75,75,75,75,75,75,75,75,75,75,75,75,75,75,75,75,75,75,75,75,75,75],"card_choices":[{"not_picked":["Redo","Conserve Battery"],"picked":"Streamline","floor":1.0},{"not_picked":["White Noise","Sunder"],"picked":"Streamline","floor":1.0},{"not_picked":["Sweeping Beam","Static Discharge"],"picked":"All For One","floor":3.0},{"not_picked":["Darkness","Barrage","Fusion"],"picked":"SKIP","floor":3.0},{"not_picked":["Coolheaded","Glacier"],"picked":"Beam Cell","floor":4.0},{"not_picked":["Reinforced Body","Skim","Heatsinks"],"picked":"SKIP","floor":4.0},{"not_picked":["Barrage","White Noise"],"picked":"Double Energy","floor":5.0},{"not_picked":["Echo Form","Compile Driver"],"picked":"Hologram","floor":5.0},{"not_picked":["White Noise","Compile Driver"],"picked":"Gash","floor":7.0},{"not_picked":["Genetic Algorithm","Rebound","Chaos"],"picked":"SKIP","floor":7.0},{"not_picked":["Cold Snap","Reinforced Body","Melter"],"picked":"SKIP","floor":8},{"not_picked":["Barrage","Skim"],"picked":"Go for the Eyes","floor":12},{"not_picked":["Compile Driver","Consume"],"picked":"Steam","floor":14},{"not_picked":["Coolheaded","Compile Driver","Leap"],"picked":"SKIP","floor":14},{"not_picked":["Hyperbeam","Thunder Strike"],"picked":"Machine Learning","floor":16},{"not_picked":["Barrage","Streamline+1"],"picked":"Gash","floor":18},{"not_picked":["Barrage","Streamline"],"picked":"Steam","floor":18},{"not_picked":["Coolheaded","Ball Lightning"],"picked":"Streamline","floor":20},{"not_picked":["Echo Form","Sweeping Beam","Redo"],"picked":"SKIP","floor":20},{"not_picked":["Cold Snap","Lockon+1"],"picked":"Reboot","floor":24},{"not_picked":["Force Field","Cold Snap"],"picked":"Go for the Eyes+1","floor":28},{"not_picked":["Stack","Consume"],"picked":"Steam","floor":28},{"not_picked":["Amplify","Leap+1"],"picked":"Steam+1","floor":29},{"not_picked":["Barrage+1","Lockon"],"picked":"Beam Cell","floor":29},{"not_picked":["Blizzard+1","Rebound+1"],"picked":"Go for the Eyes","floor":30},{"not_picked":["FTL","Streamline"],"picked":"Beam Cell","floor":30},{"not_picked":["Hyperbeam","Rip and Tear+1"],"picked":"Go for the Eyes","floor":31},{"not_picked":["Recycle","Darkness","Rebound+1"],"picked":"SKIP","floor":31},{"not_picked":["Melter","Barrage+1"],"picked":"Hologram+1","floor":35},{"not_picked":["Recycle+1","Cold Snap+1","Leap"],"picked":"SKIP","floor":35},{"not_picked":["The Bomb","Mayhem"],"picked":"Impatience","floor":37},{"not_picked":["HandOfGreed","Transmutation"],"picked":"Jack Of All Trades","floor":37},{"not_picked":["PanicButton","Enlightenment"],"picked":"Blind","floor":37},{"not_picked":["Capacitor+1","Sweeping Beam+1","Reinforced Body+1"],"picked":"SKIP","floor":41},{"not_picked":["Fusion","Ball Lightning+1","Conserve Battery"],"picked":"SKIP","floor":41},{"not_picked":["Stack+1","Glacier+1"],"picked":"Streamline+1","floor":42},{"not_picked":["Streamline","Barrage+1"],"picked":"Redo+1","floor":42},{"not_picked":["Redo","Double Energy","Compile Driver+1"],"picked":"SKIP","floor":45},{"not_picked":["BootSequence+1","Redo","Rebound+1"],"picked":"SKIP","floor":45},{"not_picked":["Recycle","Lockon"],"picked":"Steam","floor":47},{"not_picked":["Barrage","Leap"],"picked":"Double Energy+1","floor":47},{"not_picked":["Machine Learning","Redo+1","Conserve Battery"],"picked":"SKIP","floor":48},{"not_picked":["Conserve Battery+1","Stack","Coolheaded+1"],"picked":"SKIP","floor":48}],"player_experience":714204,"relics_obtained":[{"floor":8,"key":"Cables"},{"floor":9,"key":"Letter Opener"},{"floor":12,"key":"Matryoshka"},{"floor":24,"key":"Shuriken"},{"floor":26,"key":"Omamori"},{"floor":26,"key":"Blue Candle"},{"floor":43,"key":"Dodecahedron"},{"floor":43,"key":"Bottled Lightning"}],"event_choices":[{"event_name":"Golden Idol","player_choice":"Take Wound","floor":6.0,"damage_taken":0.0},{"event_name":"Bonfire Elementals","player_choice":"CURSE","floor":10,"damage_taken":0},{"event_name":"Nest","player_choice":"Stole From Cult","floor":19,"damage_taken":0},{"event_name":"Drug Dealer","player_choice":"Inject Mutagens","floor":22,"damage_taken":0},{"event_name":"Forgotten Altar","player_choice":"Gave Idol","floor":27,"damage_taken":0},{"event_name":"Transmorgrifier","player_choice":"Transform","floor":36,"damage_taken":0},{"event_name":"SensoryStone","player_choice":"Memory 3","floor":37,"damage_taken":0},{"event_name":"Tomb of Lord Red Mask","player_choice":"Ignored","floor":39,"damage_taken":0}],"is_beta":false,"boss_relics":[{"not_picked":["Lizard Tail","Snecko Eye"],"picked":"Pandora\u0027s Box"},{"not_picked":["Black Star","Runic Dome"],"picked":"Nuclear Battery"}],"items_purged_floors":[2,21,38],"is_endless":false,"potions_floor_spawned":[5,7,12,14,29,30,31,42,47],"ascension_level":8}