{"gold_per_floor":[114,129,144,144,159,189,219,219,219,249,249,279,294,324,324,424,424,439,439,454,454,484,514,514,514,564,579,229,229,289,319,319,419,419,434,394,144,159,174,204,204,204,204,204,234,234,30,45,45,45],"floor_reached":51,"playtime":6912,"items_purged":["Chill","Go for the Eyes+1"],"score":1044,"play_id":"54d6fcc5-a381-489c-853f-39746dfa0b2d","local_time":"20190303144101","daily_mods":["Cursed Run","Flight","DeadlyEvents"],"is_ascension_mode":false,"campfire_choices":[{"data":"Zap","floor":8.0,"key":"SMITH"},{"data":"Ball Lightning","floor":11.0,"key":"SMITH"},{"data":"Defragment","floor":15.0,"key":"SMITH"},{"data":"Thunder Strike","floor":24.0,"key":"SMITH"},{"data":"Buffer","floor":25.0,"key":"SMITH"},{"data":"1","floor":29.0,"key":"LIFT"},{"floor":32.0,"key":"REST"},{"data":"2","floor":41,"key":"LIFT"},{"data":"3","floor":42,"key":"LIFT"},{"data":"Reinforced Body","floor":44,"key":"SMITH"},{"floor":46,"key":"REST"},{"data":"Static Discharge","floor":49,"key":"SMITH"}],"neow_cost":"","seed_source_timestamp":0,"circlet_count":0,"master_deck":["Zap+1","Dualcast+1","Rebound","Ball Lightning+1","Thunder Strike+1","Doubt","Reinforced Body+1","Defragment+1","Redo","Normality","Buffer+1","Injury","Doubt","Shame","Stack+1","Redo+1","Ball Lightning","Rainbow+1","Seek+1","Pain","Ball Lightning+1","Buffer+1","Tempest+1","Conserve Battery+1","Glacier+1","Parasite","FTL+1","Seek+1","Redo+1","Recycle+1","Gash+1","Stack+1","Core Surge+1","BootSequence+1","Glacier+1","White Noise+1","Stack+1","Injury","Ball Lightning+1","Static Discharge+1","BootSequence+1","Gash+1","Normality"],"special_seed":17958,"relics":["Cursed Key","Darkstone Periapt","Du-Vu Doll","Question Card","Bag of Preparation","Pear","Bottled Flame","Mercury Hourglass","Potion Belt","Pantograph","Calling Bell","Happy Flower","Toxic Egg 2","Girya","Molten Egg 2","Oddly Smooth Stone","Pen Nib","DollysMirror","Tiny Chest","War Paint","Pandora\u0027s Box","DataDisk","Smiling Mask","Kunai","Peace Pipe"],"potions_floor_usage":[38,45,45,50,50,50,50,50],"damage_taken":[{"damage":1.0,"enemies":"Cultist","floor":1.0,"turns":3.0},{"damage":0.0,"enemies":"2 Louse","floor":2.0,"turns":3.0},{"damage":0.0,"enemies":"Small Slimes","floor":3.0,"turns":2.0},{"damage":1.0,"enemies":"Red Slaver","floor":5.0,"turns":3.0},{"damage":12.0,"enemies":"3 Sentries","floor":6.0,"turns":6.0},{"damage":6.0,"enemies":"Gremlin Nob","floor":7.0,"turns":3.0},{"damage":12.0,"enemies":"Lagavulin","floor":10.0,"turns":5.0},{"damage":11.0,"enemies":"Gremlin Nob","floor":12.0,"turns":3.0},{"damage":3.0,"enemies":"2 Fungi Beasts","floor":13.0,"turns":2.0},{"damage":4.0,"enemies":"3 Sentries","floor":14.0,"turns":4.0},{"damage":27.0,"enemies":"The Guardian","floor":16.0,"turns":8.0},{"damage":10.0,"enemies":"Shell Parasite","floor":18.0,"turns":5.0},{"damage":5.0,"enemies":"2 Thieves","floor":20.0,"turns":2.0},{"damage":28.0,"enemies":"Slavers","floor":22.0,"turns":4.0},{"damage":33.0,"enemies":"Gremlin Leader","floor":23.0,"turns":6.0},{"damage":0.0,"enemies":"3 Cultists","floor":27.0,"turns":5.0},{"damage":13.0,"enemies":"Slavers","floor":30.0,"turns":4.0},{"damage":7.0,"enemies":"Book of Stabbing","floor":31.0,"turns":4.0},{"damage":7.0,"enemies":"Automaton","floor":33.0,"turns":6.0},{"damage":1,"enemies":"3 Shapes","floor":35,"turns":3},{"damage":31,"enemies":"3 Darklings","floor":38,"turns":4},{"damage":3,"enemies":"4 Shapes","floor":39,"turns":2},{"damage":0,"enemies":"Reptomancer","floor":40,"turns":3},{"damage":50,"enemies":"Nemesis","floor":45,"turns":5},{"damage":6,"enemies":"Sphere and 2 Shapes","floor":48,"turns":2},{"damage":15,"enemies":"Time Eater","floor":50,"turns":5}],"seed_played":"-270384257363861475","potions_obtained":[{"floor":3.0,"key":"Dexterity Potion"},{"floor":7.0,"key":"LiquidBronze"},{"floor":10.0,"key":"SkillPotion"},{"floor":14.0,"key":"Strength Potion"},{"floor":16.0,"key":"AttackPotion"},{"floor":22.0,"key":"Energy Potion"},{"floor":30.0,"key":"Weak Potion"},{"floor":31.0,"key":"SteroidPotion"},{"floor":33.0,"key":"Ancient Potion"},{"floor":36,"key":"Strength Potion"},{"floor":36,"key":"SteroidPotion"},{"floor":36,"key":"Regen Potion"},{"floor":39,"key":"Swift Potion"},{"floor":40,"key":"PowerPotion"},{"floor":48,"key":"FocusPotion"}],"is_trial":false,"path_per_floor":["M","M","M","?","M","E","E","R","T","E","R","E","M","E","R","B",null,"M","?","M","?","E","E","R","R","T","M","$","R","E","E","R","B",null,"M","?","$","M","M","E","R","R","T","R","E","R","$","M","R","B",null],"character_chosen":"DEFECT","items_purchased":["DollysMirror","Tempest+1","DataDisk","Static Discharge","BootSequence+1","Gash+1","Strength Potion"],"campfire_rested":2,"item_purchase_floors":[28,28,37,47,47,47,47],"current_hp_per_floor":[74,74,74,74,73,61,65,65,71,59,59,48,45,41,41,45,115,105,105,100,115,87,54,54,54,60,60,60,60,47,40,76,100,127,126,126,126,95,92,92,92,92,98,98,60,99,99,93,93,109],"gold":45,"neow_bonus":"","is_prod":false,"is_daily":true,"chose_seed":false,"campfire_upgraded":7,"win_rate":0,"timestamp":1551620461,"path_taken":["M","?","M","?","M","E","E","R","T","?","R","E","M","E","R","BOSS","M","?","M","?","?","E","R","R","T","M","$","R","E","E","R","BOSS","M","?","$","?","?","E","R","R","T","R","E","R","$","?","R","BOSS"],"build_version":"2019-02-06","purchased_purges":2,"victory":true,"max_hp_per_floor":[75,75,75,75,75,75,85,85,91,91,91,91,91,91,91,97,115,115,115,115,115,115,115,115,115,121,121,121,121,121,121,121,127,127,127,127,127,127,127,127,127,127,133,133,133,133,133,133,133,139],"card_choices":[{"not_picked":["Cold Snap","Hologram"],"picked":"Rebound","floor":1.0},{"not_picked":["Streamline","Undo"],"picked":"Ball Lightning","floor":2.0},{"not_picked":["Steam","Sweeping Beam"],"picked":"Chill","floor":3.0},{"not_picked":["Stack","Turbo","Redo"],"picked":"Blizzard","floor":5.0},{"not_picked":["Consume","Fission","Conserve Battery"],"picked":"Thunder Strike","floor":6.0},{"not_picked":["Force Field","Beam Cell","Conserve Battery","Gash"],"picked":"SKIP","floor":7.0},{"not_picked":["Turbo","Consume","Blizzard"],"picked":"Reinforced Body","floor":10.0},{"not_picked":["Undo","Reprogram","Ball Lightning"],"picked":"Defragment","floor":12.0},{"not_picked":["Hologram","Cold Snap","Gash"],"picked":"Redo","floor":13.0},{"not_picked":["Compile Driver","Genetic Algorithm","Blizzard","Darkness"],"picked":"SKIP","floor":14.0},{"not_picked":["Machine Learning","Multi-Cast","Core Surge"],"picked":"Buffer","floor":16.0},{"not_picked":["Compile Driver","Streamline","Sweeping Beam"],"picked":"Stack+1","floor":18.0},{"not_picked":["Hello World","Go for the Eyes","Darkness+1"],"picked":"Ball Lightning","floor":20.0},{"not_picked":["Darkness+1","Compile Driver","Gash"],"picked":"Rainbow+1","floor":22.0},{"not_picked":["Double Energy+1","Reprogram+1","Rebound+1"],"picked":"Seek+1","floor":23.0},{"not_picked":["Chaos+1","Genetic Algorithm+1","Sweeping Beam+1"],"picked":"Ball Lightning+1","floor":27.0},{"not_picked":["Blizzard+1","FTL+1","Chaos+1"],"picked":"Conserve Battery+1","floor":30.0},{"not_picked":["Stack+1","Rebound+1","Barrage+1"],"picked":"Glacier+1","floor":31.0},{"not_picked":["Skim+1","Cold Snap+1","Turbo+1"],"picked":"BootSequence+1","floor":35},{"not_picked":["Darkness+1","Double Energy+1","Aggregate+1"],"picked":"Glacier+1","floor":38},{"not_picked":["Rebound+1","Rip and Tear+1","Turbo+1"],"picked":"White Noise+1","floor":39},{"not_picked":["Streamline+1","Compile Driver+1","Redo+1"],"picked":"Stack+1","floor":40},{"not_picked":["Gash+1","Scrape+1","Barrage+1"],"picked":"Ball Lightning+1","floor":45},{"not_picked":["Streamline+1","Rebound+1","Cold Snap+1","Storm"],"picked":"SKIP","floor":48}],"player_experience":199820,"relics_obtained":[{"floor":6.0,"key":"Bag of Preparation"},{"floor":7.0,"key":"Pear"},{"floor":9.0,"key":"Bottled Flame"},{"floor":10.0,"key":"Mercury Hourglass"},{"floor":12.0,"key":"Potion Belt"},{"floor":14.0,"key":"Pantograph"},{"floor":17.0,"key":"Happy Flower"},{"floor":17.0,"key":"Toxic Egg 2"},{"floor":17.0,"key":"Girya"},{"floor":22.0,"key":"Molten Egg 2"},{"floor":23.0,"key":"Oddly Smooth Stone"},{"floor":26.0,"key":"Pen Nib"},{"floor":30.0,"key":"Tiny Chest"},{"floor":31.0,"key":"War Paint"},{"floor":40,"key":"Smiling Mask"},{"floor":43,"key":"Kunai"},{"floor":45,"key":"Peace Pipe"}],"event_choices":[{"damage_healed":0.0,"max_hp_gain":0.0,"max_hp_loss":0.0,"gold_gain":0.0,"event_name":"WeMeetAgain","player_choice":"Gave Potion","floor":4.0,"gold_loss":0.0,"damage_taken":0.0,"relics_obtained":["Question Card"]},{"damage_healed":0.0,"max_hp_gain":0.0,"max_hp_loss":0.0,"gold_gain":0.0,"event_name":"The Library","player_choice":"Read","floor":19.0,"gold_loss":0.0,"damage_taken":0.0,"cards_obtained":["Redo"]},{"cards_removed":["Blizzard"],"damage_healed":15.0,"max_hp_gain":0.0,"max_hp_loss":0.0,"gold_gain":0.0,"event_name":"Bonfire Elementals","player_choice":"Offered Uncommon","floor":21.0,"gold_loss":0.0,"damage_taken":0.0},{"damage_healed":0,"gold_gain":0,"player_choice":"Bought 3 Potions","damage_taken":0,"max_hp_gain":0,"max_hp_loss":0,"event_name":"The Woman in Blue","floor":36,"gold_loss":0}],"is_beta":true,"boss_relics":[{"not_picked":["Ectoplasm","Lizard Tail"],"picked":"Calling Bell"},{"not_picked":["Philosopher\u0027s Stone","Orrery"],"picked":"Pandora\u0027s Box"}],"items_purged_floors":[28,37],"is_endless":false,"potions_floor_spawned":[3,7,10,14,16,22,30,31,33,39,40,48],"ascension_level":0}