{"gold_per_floor":[13,13,37,69,101,113,159,190,227,252,166,210,222,266,278,393,405,433,457,483,495,507,519,548,560,572,36,36,55,87,100,100,100],"floor_reached":33,"playtime":2134,"items_purged":["Regret"],"score":449,"play_id":"6ec51dcf-efd3-4e80-a61b-d3e93910b6ba","local_time":"20190516230214","is_ascension_mode":true,"campfire_choices":[{"floor":6,"key":"REST"},{"floor":13,"key":"REST"},{"data":"Defragment","floor":15,"key":"SMITH"},{"floor":23,"key":"RECALL"},{"floor":25,"key":"REST"},{"floor":32,"key":"REST"}],"neow_cost":"NO_GOLD","seed_source_timestamp":1206152493333145,"circlet_count":0,"master_deck":["Strike_B","Strike_B","Strike_B","Defend_B","Defend_B","Defend_B","Zap","Dualcast","Coolheaded","Go for the Eyes+1","White Noise","Melter+1","Coolheaded","Self Repair","Seek","Defragment+1","Buffer","Coolheaded","Heatsinks+1","Writhe","Self Repair","Shame"],"relics":["Cracked Core","MawBank","Orichalcum","Lantern","Anchor","Letter Opener","Whetstone","Fusion Hammer","Mercury Hourglass","Happy Flower","Bronze Scales","Singing Bowl","Darkstone Periapt","Frozen Egg 2"],"potions_floor_usage":[10,12,14,16,33],"damage_taken":[{"damage":4,"enemies":"Small Slimes","floor":1,"turns":3},{"damage":3,"enemies":"2 Louse","floor":3,"turns":3},{"damage":3,"enemies":"Cultist","floor":4,"turns":4},{"damage":33,"enemies":"Exordium Thugs","floor":5,"turns":7},{"damage":25,"enemies":"3 Sentries","floor":7,"turns":7},{"damage":5,"enemies":"Blue Slaver","floor":8,"turns":4},{"damage":3,"enemies":"Looter","floor":10,"turns":2},{"damage":16,"enemies":"Lagavulin","floor":12,"turns":6},{"damage":3,"enemies":"Gremlin Nob","floor":14,"turns":4},{"damage":34,"enemies":"Slime Boss","floor":16,"turns":11},{"damage":1,"enemies":"Shell Parasite","floor":18,"turns":4},{"damage":1,"enemies":"3 Byrds","floor":19,"turns":6},{"damage":14,"enemies":"Cultist and Chosen","floor":20,"turns":8},{"damage":9,"enemies":"Centurion and Healer","floor":24,"turns":7},{"damage":3,"enemies":"Snecko","floor":29,"turns":5},{"damage":36,"enemies":"Slavers","floor":30,"turns":7},{"damage":8,"enemies":"Snake Plant","floor":31,"turns":3},{"damage":95,"enemies":"Champ","floor":33,"turns":16}],"seed_played":"-5107464974899959791","potions_obtained":[{"floor":3,"key":"SteroidPotion"},{"floor":4,"key":"Poison Potion"},{"floor":8,"key":"Swift Potion"},{"floor":14,"key":"Explosive Potion"},{"floor":16,"key":"Block Potion"},{"floor":18,"key":"SmokeBomb"},{"floor":20,"key":"SpeedPotion"}],"is_trial":false,"path_per_floor":["M","?","M","M","M","R","E","M","T","M","?","E","R","E","R","B",null,"M","M","M","?","?","R","M","R","T","$","?","M","E","M","R","B"],"character_chosen":"DEFECT","items_purchased":["Bronze Scales","Singing Bowl","Self Repair"],"campfire_rested":4,"item_purchase_floors":[27,27,27],"current_hp_per_floor":[64,64,61,58,25,47,22,17,17,21,21,12,34,38,38,11,59,65,71,64,50,50,50,48,72,72,72,78,88,68,62,89,0],"gold":100,"neow_bonus":"REMOVE_TWO","is_prod":false,"is_daily":false,"chose_seed":false,"campfire_upgraded":1,"win_rate":0,"timestamp":1558072934,"path_taken":["M","?","M","M","M","R","E","M","T","M","?","E","R","E","R","BOSS","M","M","?","?","?","R","M","R","T","$","?","?","E","M","R","BOSS"],"build_version":"2019-01-23","purchased_purges":1,"victory":false,"max_hp_per_floor":[75,75,75,75,75,75,75,75,75,75,75,75,75,75,75,75,75,75,75,75,80,80,80,80,80,80,80,86,88,90,92,92,92],"card_choices":[{"not_picked":["Recycle","Force Field"],"picked":"Coolheaded","floor":1},{"not_picked":["Rebound","Hologram"],"picked":"Go for the Eyes","floor":3},{"not_picked":["Redo","Multi-Cast"],"picked":"White Noise","floor":4},{"not_picked":["Leap","Double Energy"],"picked":"Melter","floor":5},{"not_picked":["Turbo","Beam Cell"],"picked":"Coolheaded","floor":7},{"not_picked":["Cold Snap","Hologram"],"picked":"Self Repair","floor":8},{"not_picked":["Leap","Steam"],"picked":"Seek","floor":10},{"not_picked":["Sweeping Beam","Skim"],"picked":"Defragment","floor":12},{"not_picked":["Consume","Double Energy","Go for the Eyes"],"picked":"SKIP","floor":14},{"not_picked":["Fission","Core Surge"],"picked":"Buffer","floor":16},{"not_picked":["Leap+1","Sunder+1"],"picked":"Coolheaded","floor":18},{"not_picked":["Beam Cell","Streamline","Leap"],"picked":"SKIP","floor":19},{"not_picked":["Lockon","Scrape"],"picked":"Heatsinks+1","floor":20},{"not_picked":["Sweeping Beam","Scrape","Reboot"],"picked":"SKIP","floor":24},{"not_picked":["Go for the Eyes","Conserve Battery","Double Energy+1"],"picked":"Singing Bowl","floor":29},{"not_picked":["Compile Driver+1","Sweeping Beam","Barrage"],"picked":"Singing Bowl","floor":30},{"not_picked":["Beam Cell","Streamline","Reprogram"],"picked":"Singing Bowl","floor":31}],"player_experience":1356936,"relics_obtained":[{"floor":7,"key":"Orichalcum"},{"floor":9,"key":"Lantern"},{"floor":12,"key":"Letter Opener"},{"floor":14,"key":"Whetstone"},{"floor":26,"key":"Happy Flower"},{"floor":30,"key":"Frozen Egg 2"}],"event_choices":[{"damage_healed":0,"gold_gain":0,"player_choice":"Box","damage_taken":0,"relics_obtained":["MawBank"],"max_hp_gain":0,"max_hp_loss":0,"event_name":"Big Fish","floor":2,"gold_loss":0,"cards_obtained":["Regret"]},{"damage_healed":0,"gold_gain":0,"player_choice":"Paid Gold","damage_taken":0,"relics_obtained":["Anchor"],"max_hp_gain":0,"max_hp_loss":0,"event_name":"WeMeetAgain","floor":11,"gold_loss":98},{"damage_healed":0,"gold_gain":0,"player_choice":"Shed Blood","damage_taken":19,"max_hp_gain":5,"max_hp_loss":0,"event_name":"Forgotten Altar","floor":21,"gold_loss":0},{"damage_healed":0,"gold_gain":0,"player_choice":"Opened","damage_taken":0,"relics_obtained":["Mercury Hourglass"],"max_hp_gain":0,"max_hp_loss":0,"event_name":"The Mausoleum","floor":22,"gold_loss":0,"cards_obtained":["Writhe"]},{"damage_healed":0,"gold_gain":0,"player_choice":"Stole Relic","damage_taken":0,"relics_obtained":["Darkstone Periapt"],"max_hp_gain":0,"max_hp_loss":0,"event_name":"Addict","floor":28,"gold_loss":0,"cards_obtained":["Shame"]}],"is_beta":false,"boss_relics":[{"not_picked":["Runic Dome","Orrery"],"picked":"Fusion Hammer"}],"items_purged_floors":[27],"is_endless":false,"potions_floor_spawned":[3,4,8,14,16,18,20,24],"killed_by":"Champ","ascension_level":7}