{"gold_per_floor":[11,29,39,39,39,39,56,86,110,110,144,144,155,181,181,286,286,302,0,16,26,26,58,58,58,58,89,14,26,59,59,59,158,158,173,186,186,200,32,32,44,89,89,120,70,96,110,126,126,126],"floor_reached":51,"playtime":3634,"items_purged":["Choke","Strike_G"],"score":885,"play_id":"999083bb-842e-4796-b36f-56578719a706","local_time":"20181117140905","is_ascension_mode":false,"campfire_choices":[{"data":"Deadly Poison","floor":6,"key":"SMITH"},{"data":"Bane","floor":10,"key":"SMITH"},{"floor":12,"key":"REST"},{"data":"Catalyst","floor":15,"key":"SMITH"},{"data":"Envenom","floor":25,"key":"SMITH"},{"data":"Catalyst","floor":32,"key":"SMITH"},{"data":"Catalyst","floor":40,"key":"SMITH"},{"data":"Burst","floor":49,"key":"SMITH"}],"neow_cost":"NO_GOLD","seed_source_timestamp":77870472165797,"circlet_count":0,"master_deck":["Defend_G","Defend_G+1","Defend_G+1","Strike_G","Survivor+1","Neutralize+1","Noxious Fumes+1","Deadly Poison+1","Bane+1","Catalyst+1","Catalyst+1","Envenom+1","Poisoned Stab+1","Bane","Corpse Explosion+1","Glass Knife","Parasite","Catalyst+1","Burst+1","Madness","Madness","Footwork+1","Well Laid Plans","Backflip+1","Pain","Deadly Poison","Leg Sweep+1","Adrenaline"],"relics":["Ring of the Snake","Centennial Puzzle","Bag of Marbles","Bag of Preparation","Happy Flower","Cursed Key","FossilizedHelix","Tough Bandages","War Paint","Singing Bowl","Snake Skull","PreservedInsect","Lizard Tail","The Specimen","Turnip","Whetstone","Kunai"],"potions_floor_usage":[11,16,27,50,50,50],"damage_taken":[{"damage":3,"enemies":"Jaw Worm","floor":1,"turns":5},{"damage":0,"enemies":"Small Slimes","floor":2,"turns":3},{"damage":1,"enemies":"Cultist","floor":3,"turns":4},{"damage":3,"enemies":"3 Louse","floor":7,"turns":3},{"damage":5,"enemies":"Lagavulin","floor":8,"turns":5},{"damage":8,"enemies":"3 Sentries","floor":11,"turns":6},{"damage":6,"enemies":"Exordium Wildlife","floor":13,"turns":4},{"damage":10,"enemies":"Lagavulin","floor":14,"turns":5},{"damage":13,"enemies":"Hexaghost","floor":16,"turns":6},{"damage":0,"enemies":"Chosen","floor":18,"turns":3},{"damage":0,"enemies":"2 Thieves","floor":20,"turns":4},{"damage":0,"enemies":"3 Cultists","floor":21,"turns":5},{"damage":7,"enemies":"Gremlin Leader","floor":23,"turns":5},{"damage":12,"enemies":"Book of Stabbing","floor":27,"turns":3},{"damage":0,"enemies":"Snake Plant","floor":29,"turns":2},{"damage":0,"enemies":"Slavers","floor":30,"turns":2},{"damage":0,"enemies":"Collector","floor":33,"turns":3},{"damage":0,"enemies":"Orb Walker","floor":35,"turns":2},{"damage":0,"enemies":"3 Darklings","floor":36,"turns":1},{"damage":9,"enemies":"Maw","floor":38,"turns":5},{"damage":0,"enemies":"Spire Growth","floor":41,"turns":3},{"damage":5,"enemies":"2 Orb Walkers","floor":42,"turns":5},{"damage":0,"enemies":"Nemesis","floor":44,"turns":1},{"damage":6,"enemies":"Giant Head","floor":46,"turns":5},{"damage":4,"enemies":"Transient","floor":47,"turns":4},{"damage":0,"enemies":"Writhing Mass","floor":48,"turns":2},{"damage":56,"enemies":"Awakened One","floor":50,"turns":5}],"seed_played":"-965787163456982405","potions_obtained":[{"floor":1,"key":"Weak Potion"},{"floor":7,"key":"Weak Potion"},{"floor":13,"key":"PowerPotion"},{"floor":14,"key":"Swift Potion"},{"floor":16,"key":"Poison Potion"},{"floor":29,"key":"Dexterity Potion"},{"floor":42,"key":"Block Potion"}],"is_trial":false,"path_per_floor":["M","M","M","?","?","R","M","E","T","R","E","R","M","E","R","B",null,"M","$","M","M","?","E","?","R","T","E","$","M","E","?","R","B",null,"M","M","?","M","$","R","M","?","T","E","$","E","M","M","R","B",null],"character_chosen":"THE_SILENT","items_purchased":["FossilizedHelix","Well Laid Plans","Deadly Poison"],"campfire_rested":1,"item_purchase_floors":[19,39,45],"current_hp_per_floor":[67,67,66,52,52,52,49,44,44,44,36,57,51,41,41,28,70,70,70,70,70,70,63,63,63,63,53,53,55,55,55,55,55,74,76,78,68,59,59,59,61,56,56,58,58,52,50,50,50,42],"gold":126,"neow_bonus":"REMOVE_TWO","is_prod":false,"is_daily":false,"chose_seed":false,"campfire_upgraded":7,"win_rate":0,"timestamp":1542492545,"path_taken":["M","M","M","?","?","R","?","E","T","R","E","R","M","E","R","BOSS","M","$","M","M","?","E","?","R","T","E","?","M","E","?","R","BOSS","M","M","?","M","$","R","M","?","T","E","$","E","M","M","R","BOSS"],"build_version":"2018-11-15","purchased_purges":2,"victory":true,"max_hp_per_floor":[70,70,70,70,70,70,70,70,70,70,70,70,70,70,70,70,70,70,70,70,70,70,70,70,70,70,72,72,74,74,74,74,74,74,76,78,78,78,78,78,80,80,80,82,82,82,84,84,84,84],"card_choices":[{"not_picked":["Setup","Flying Knee"],"picked":"Noxious Fumes","floor":1},{"not_picked":["Caltrops","Quick Slash"],"picked":"Deadly Poison","floor":2},{"not_picked":["Infinite Blades","Tactician","Prepared"],"picked":"SKIP","floor":3},{"not_picked":["Expertise","Underhanded Strike"],"picked":"Bane","floor":7},{"not_picked":["Reflex","Outmaneuver","After Image"],"picked":"SKIP","floor":8},{"not_picked":["Blade Dance","Accuracy","Distraction"],"picked":"SKIP","floor":11},{"not_picked":["Distraction","Heel Hook"],"picked":"Catalyst","floor":13},{"not_picked":["Flying Knee","Sucker Punch"],"picked":"Catalyst","floor":14},{"not_picked":["Bullet Time","Tools of the Trade"],"picked":"Envenom","floor":16},{"not_picked":["Distraction","Well Laid Plans"],"picked":"Poisoned Stab","floor":18},{"not_picked":["Blade Dance","Escape Plan"],"picked":"Bane","floor":20},{"not_picked":["Poisoned Stab","Outmaneuver","Distraction+1"],"picked":"SKIP","floor":21},{"not_picked":["Underhanded Strike+1","Sucker Punch+1"],"picked":"Corpse Explosion","floor":23},{"not_picked":["Dodge and Roll","Backflip","Envenom"],"picked":"Singing Bowl","floor":27},{"not_picked":["Endless Agony+1","Backstab","Flying Knee"],"picked":"Singing Bowl","floor":29},{"not_picked":["Unload","Tools of the Trade"],"picked":"Catalyst","floor":30},{"not_picked":["Storm of Steel","Doppelganger"],"picked":"Burst","floor":33},{"not_picked":["Masterful Stab+1","Infinite Blades+1","Predator"],"picked":"Singing Bowl","floor":35},{"not_picked":["Slice","Acrobatics","Reflex"],"picked":"Singing Bowl","floor":36},{"not_picked":["Reflex+1","Underhanded Strike"],"picked":"Footwork+1","floor":38},{"not_picked":["Distraction+1","Blade Dance+1","Flying Knee+1"],"picked":"Singing Bowl","floor":41},{"not_picked":["Doppelganger","Dodge and Roll"],"picked":"Backflip+1","floor":42},{"not_picked":["Dagger Throw+1","Blade Dance","Sucker Punch"],"picked":"Singing Bowl","floor":44},{"not_picked":["Reflex","Eviscerate+1"],"picked":"Leg Sweep+1","floor":46},{"not_picked":["PiercingWail","Quick Slash+1","Acrobatics"],"picked":"Singing Bowl","floor":47},{"not_picked":["Expertise+1","Bane"],"picked":"Adrenaline","floor":48}],"player_experience":993625,"relics_obtained":[{"floor":8,"key":"Centennial Puzzle"},{"floor":9,"key":"Bag of Marbles"},{"floor":11,"key":"Bag of Preparation"},{"floor":14,"key":"Happy Flower"},{"floor":23,"key":"Tough Bandages"},{"floor":26,"key":"War Paint"},{"floor":27,"key":"Singing Bowl"},{"floor":30,"key":"Snake Skull"},{"floor":42,"key":"The Specimen"},{"floor":43,"key":"Turnip"},{"floor":44,"key":"Whetstone"},{"floor":46,"key":"Kunai"}],"event_choices":[{"damage_healed":0,"gold_gain":0,"player_choice":"Entered Light","damage_taken":14,"max_hp_gain":0,"max_hp_loss":0,"event_name":"Shining Light","floor":4,"gold_loss":0,"cards_upgraded":["Defend_G","Defend_G"]},{"damage_healed":0,"gold_gain":0,"player_choice":"Forge","damage_taken":0,"max_hp_gain":0,"max_hp_loss":0,"event_name":"Accursed Blacksmith","floor":5,"gold_loss":0,"cards_upgraded":["Noxious Fumes"]},{"cards_removed":["Defend_G"],"damage_healed":0,"gold_gain":0,"player_choice":"Elegance","damage_taken":0,"max_hp_gain":0,"max_hp_loss":0,"event_name":"Back to Basics","floor":22,"gold_loss":0},{"damage_healed":0,"gold_gain":0,"cards_transformed":["Strike_G","Strike_G"],"player_choice":"Became Test Subject","damage_taken":0,"max_hp_gain":0,"max_hp_loss":0,"event_name":"Drug Dealer","floor":24,"gold_loss":0,"cards_obtained":["Glass Knife","Choke"]},{"damage_healed":0,"gold_gain":0,"player_choice":"Opened","damage_taken":0,"relics_obtained":["PreservedInsect"],"max_hp_gain":0,"max_hp_loss":0,"event_name":"The Mausoleum","floor":31,"gold_loss":0},{"damage_healed":0,"gold_gain":0,"player_choice":"Embrace Madness","damage_taken":10,"max_hp_gain":0,"max_hp_loss":0,"event_name":"Winding Halls","floor":37,"gold_loss":0,"cards_obtained":["Madness","Madness"]},{"damage_healed":0,"gold_gain":0,"player_choice":"Fight","damage_taken":0,"max_hp_gain":0,"max_hp_loss":0,"event_name":"Mysterious Sphere","floor":42,"gold_loss":0}],"is_beta":false,"boss_relics":[{"not_picked":["Busted Crown","White Beast Statue"],"picked":"Cursed Key"},{"not_picked":["Fusion Hammer","Runic Dome"],"picked":"Lizard Tail"}],"items_purged_floors":[28,39],"is_endless":false,"potions_floor_spawned":[1,7,13,14,16,20,23,29,30,33,41,42,47,48],"ascension_level":0}