{"gold_per_floor":[364,16,27,27,42,71,71,86,112,137,107,107,107,120,120,224,224,239,239,254,178,195,195,225,225,249,274,286,305,179,379,379,379],"floor_reached":33,"playtime":2009,"items_purged":["Normality","Strike_B"],"score":416,"play_id":"108bb93f-d2da-47b0-bf6c-68da2b8d73ef","local_time":"20190615181216","is_ascension_mode":true,"campfire_choices":[{"data":"Zap","floor":7.0,"key":"SMITH"},{"data":"Genetic Algorithm","floor":13.0,"key":"SMITH"},{"floor":15.0,"key":"REST"},{"data":"Sunder","floor":23,"key":"SMITH"},{"data":"Hologram","floor":25,"key":"SMITH"},{"data":"Go for the Eyes","floor":32,"key":"SMITH"}],"neow_cost":"CURSE","seed_source_timestamp":0,"circlet_count":0,"master_deck":["Strike_B","Strike_B","Strike_B","Defend_B","Defend_B","Defend_B","Defend_B","Zap+1","Dualcast","Genetic Algorithm+1","Beam Cell","Sunder+1","FTL","Go for the Eyes+1","Ball Lightning","Hologram+1","Melter","Thunder Strike","Ball Lightning","Turbo","Recycle+1","Defragment+1","Conserve Battery"],"special_seed":0,"relics":["Cracked Core","Letter Opener","Orichalcum","PreservedInsect","Pen Nib","Nuclear Battery","DataDisk","Darkstone Periapt","Anchor","StoneCalendar"],"potions_floor_usage":[22,22,28,33,33],"damage_taken":[{"damage":7.0,"enemies":"2 Louse","floor":1.0,"turns":3.0},{"damage":11.0,"enemies":"Jaw Worm","floor":3.0,"turns":3.0},{"damage":0.0,"enemies":"Small Slimes","floor":5.0,"turns":2.0},{"damage":30.0,"enemies":"Lagavulin","floor":6.0,"turns":6.0},{"damage":0.0,"enemies":"Red Slaver","floor":8.0,"turns":1.0},{"damage":4.0,"enemies":"3 Sentries","floor":10.0,"turns":3.0},{"damage":4.0,"enemies":"Exordium Thugs","floor":14.0,"turns":2.0},{"damage":15.0,"enemies":"Slime Boss","floor":16.0,"turns":9.0},{"damage":14,"enemies":"2 Thieves","floor":18,"turns":3},{"damage":0,"enemies":"Chosen","floor":20,"turns":4},{"damage":5,"enemies":"Centurion and Healer","floor":22,"turns":4},{"damage":6,"enemies":"Book of Stabbing","floor":24,"turns":3},{"damage":0,"enemies":"Gremlin Leader","floor":27,"turns":4},{"damage":4,"enemies":"Snecko","floor":28,"turns":3},{"damage":0,"enemies":"Snake Plant","floor":29,"turns":3},{"damage":38,"enemies":"Champ","floor":33,"turns":8}],"seed_played":"-4840818970228013900","potions_obtained":[{"floor":3.0,"key":"FearPotion"},{"floor":5.0,"key":"PowerPotion"},{"floor":6.0,"key":"Fire Potion"},{"floor":14.0,"key":"SkillPotion"},{"floor":20,"key":"EntropicBrew"},{"floor":27,"key":"SpeedPotion"}],"is_trial":false,"path_per_floor":["M","$","M","$","M","E","R","M","T","E","?","?","R","M","R","B",null,"M","?","M","?","M","R","E","R","T","E","M","M","$","?","R","B"],"character_chosen":"DEFECT","items_purchased":["Letter Opener","Beam Cell","Conserve Battery"],"campfire_rested":1,"item_purchase_floors":[2,2,30],"current_hp_per_floor":[61,61,50,50,50,20,20,20,20,16,16,16,16,12,34,19,61,47,47,47,47,42,42,36,36,36,36,32,32,32,32,32,0],"gold":379,"neow_bonus":"TWO_FIFTY_GOLD","is_prod":false,"is_daily":false,"chose_seed":false,"campfire_upgraded":5,"win_rate":0,"timestamp":1560615136,"path_taken":["M","$","M","$","M","E","R","M","T","E","?","?","R","M","R","BOSS","M","?","M","?","M","R","E","R","T","E","M","?","$","?","R","BOSS"],"build_version":"2019-06-13","purchased_purges":2,"victory":false,"max_hp_per_floor":[75,75,75,75,75,75,75,75,75,75,75,75,75,75,75,75,75,75,75,75,75,75,75,75,75,75,75,75,75,75,75,75,75],"card_choices":[{"not_picked":["Go for the Eyes","BootSequence"],"picked":"Genetic Algorithm","floor":1.0},{"not_picked":["Sweeping Beam","Compile Driver"],"picked":"Sunder","floor":3.0},{"not_picked":["Reprogram","Steam"],"picked":"FTL","floor":5.0},{"not_picked":["Recycle","Compile Driver"],"picked":"Go for the Eyes","floor":6.0},{"not_picked":["Steam","Rebound"],"picked":"Ball Lightning","floor":8.0},{"not_picked":["Barrage","Rebound"],"picked":"Hologram","floor":10.0},{"not_picked":["Rebound","Go for the Eyes"],"picked":"Melter","floor":14.0},{"not_picked":["Fission","Reboot"],"picked":"Thunder Strike","floor":16.0},{"not_picked":["Sunder","Cold Snap","Rebound"],"picked":"SKIP","floor":18},{"not_picked":["Cold Snap","Steam"],"picked":"Ball Lightning","floor":20},{"not_picked":["Streamline","Go for the Eyes"],"picked":"Turbo","floor":22},{"not_picked":["Double Energy","Rainbow"],"picked":"Recycle+1","floor":24},{"not_picked":["Heatsinks","Conserve Battery"],"picked":"Defragment+1","floor":27},{"not_picked":["Coolheaded","Doom and Gloom+1","Stack"],"picked":"SKIP","floor":28},{"not_picked":["Go for the Eyes","Rebound","Blizzard"],"picked":"SKIP","floor":29}],"player_experience":451875,"relics_obtained":[{"floor":6.0,"key":"Orichalcum"},{"floor":9.0,"key":"PreservedInsect"},{"floor":10.0,"key":"Pen Nib"},{"floor":24,"key":"Darkstone Periapt"},{"floor":26,"key":"Anchor"},{"floor":27,"key":"StoneCalendar"}],"event_choices":[{"damage_healed":0.0,"max_hp_gain":0.0,"max_hp_loss":0.0,"gold_gain":0.0,"event_name":"World of Goop","player_choice":"Left Gold","floor":11.0,"gold_loss":30.0,"damage_taken":0.0},{"damage_healed":0.0,"max_hp_gain":0.0,"max_hp_loss":0.0,"gold_gain":0.0,"event_name":"Liars Game","player_choice":"Ignored","floor":12.0,"gold_loss":0.0,"damage_taken":0.0},{"damage_healed":0,"gold_gain":0,"player_choice":"Ignored","damage_taken":0,"max_hp_gain":0,"max_hp_loss":0,"event_name":"Vampires","floor":19,"gold_loss":0},{"damage_healed":0,"gold_gain":0,"player_choice":"Paid Gold","damage_taken":0,"relics_obtained":["DataDisk"],"max_hp_gain":0,"max_hp_loss":0,"event_name":"WeMeetAgain","floor":21,"gold_loss":76},{"damage_healed":0,"gold_gain":200,"player_choice":"Gold","damage_taken":0,"max_hp_gain":0,"max_hp_loss":0,"event_name":"Wheel of Change","floor":31,"gold_loss":0}],"is_beta":true,"boss_relics":[{"not_picked":["Inserter","Lizard Tail"],"picked":"Nuclear Battery"}],"items_purged_floors":[2,30],"is_endless":false,"potions_floor_spawned":[3,5,6,14,20,27],"killed_by":"Champ","ascension_level":6}