{"gold_per_floor":[118,118,134,145,7,7,40,60,60,73,73,90,25,38,38,38],"floor_reached":16,"playtime":2549,"items_purged":[],"score":177,"play_id":"4959033d-5a77-4c3d-b861-a24dab03f3b9","local_time":"20190430205816","is_ascension_mode":true,"campfire_choices":[{"data":"Glass Knife","floor":6,"key":"SMITH"},{"floor":11,"key":"REST"},{"floor":15,"key":"REST"}],"neow_cost":"NONE","seed_source_timestamp":4209367988832,"circlet_count":0,"master_deck":["AscendersBane","Defend_G","Defend_G","Defend_G","Defend_G","Defend_G","Strike_G","Strike_G","Strike_G","Strike_G","Strike_G","Survivor","Neutralize","Dagger Throw","PiercingWail","Glass Knife+1","Escape Plan","Backflip","Backflip","Tools of the Trade","Dagger Spray"],"relics":["Eternal Feather","Centennial Puzzle","Matryoshka","The Courier","Boot"],"potions_floor_usage":[10,16],"damage_taken":[{"damage":9,"enemies":"Jaw Worm","floor":1,"turns":4},{"damage":0,"enemies":"Cultist","floor":3,"turns":5},{"damage":0,"enemies":"2 Louse","floor":4,"turns":2},{"damage":22,"enemies":"3 Sentries","floor":7,"turns":9},{"damage":19,"enemies":"Exordium Wildlife","floor":8,"turns":6},{"damage":14,"enemies":"Exordium Thugs","floor":10,"turns":5},{"damage":12,"enemies":"Lots of Slimes","floor":12,"turns":5},{"damage":8,"enemies":"3 Louse","floor":14,"turns":4},{"damage":46,"enemies":"Hexaghost","floor":16,"turns":14}],"seed_played":"8586322230521907577","potions_obtained":[{"floor":7,"key":"Swift Potion"},{"floor":8,"key":"PowerPotion"},{"floor":12,"key":"SpeedPotion"},{"floor":14,"key":"Poison Potion"}],"is_trial":false,"path_per_floor":["M","?","M","M","$","R","E","M","T","M","R","M","$","M","R","B"],"character_chosen":"THE_SILENT","items_purchased":["Glass Knife","Tools of the Trade"],"campfire_rested":2,"item_purchase_floors":[5,13],"current_hp_per_floor":[50,50,50,50,50,59,37,18,18,4,32,20,20,12,43,0],"gold":38,"neow_bonus":"BOSS_RELIC","is_prod":false,"is_daily":false,"chose_seed":false,"campfire_upgraded":1,"win_rate":0,"timestamp":1556683096,"path_taken":["M","?","?","M","$","R","E","M","T","M","R","M","$","M","R","BOSS"],"build_version":"2019-01-23","purchased_purges":0,"victory":false,"max_hp_per_floor":[66,66,66,66,66,66,66,66,66,66,66,66,66,66,66,66],"card_choices":[{"not_picked":["Prepared","Sucker Punch"],"picked":"PiercingWail","floor":1},{"not_picked":["Skewer","Sucker Punch"],"picked":"Dagger Throw","floor":3},{"not_picked":["Dagger Spray","Crippling Poison"],"picked":"PiercingWail","floor":4},{"not_picked":["Dagger Spray","Accuracy"],"picked":"Escape Plan","floor":7},{"not_picked":["Crippling Poison","Deadly Poison","Riddle With Holes"],"picked":"SKIP","floor":8},{"not_picked":["Deadly Poison","Backstab"],"picked":"Backflip","floor":10},{"not_picked":["Terror","Blade Dance"],"picked":"Backflip","floor":12},{"not_picked":["Blade Dance","Terror"],"picked":"Dagger Spray","floor":14}],"player_experience":1311127,"relics_obtained":[{"floor":7,"key":"Matryoshka"},{"floor":9,"key":"The Courier"},{"floor":9,"key":"Boot"}],"event_choices":[{"cards_removed":["PiercingWail"],"damage_healed":0,"gold_gain":0,"player_choice":"Gave Card","damage_taken":0,"relics_obtained":["Centennial Puzzle"],"max_hp_gain":0,"max_hp_loss":0,"event_name":"WeMeetAgain","floor":2,"gold_loss":0}],"is_beta":false,"boss_relics":[],"items_purged_floors":[],"is_endless":false,"potions_floor_spawned":[7,8,12,14],"killed_by":"Hexaghost","ascension_level":14}