{"gold_per_floor":[112,112,112,128,128,159,159,159,159,14,25,25,54,70,70,175,175,190,207,306,59,59,59,93,0,0,0,15,35,35,35],"floor_reached":31,"playtime":2207,"items_purged":["Strike_B","Strike_B"],"score":451,"play_id":"9aecb0b8-0527-41b1-a88f-95bac2d9405e","local_time":"20190801150532","is_ascension_mode":true,"campfire_choices":[{"data":"Zap","floor":8.0,"key":"SMITH"},{"data":"Loop","floor":12.0,"key":"SMITH"},{"data":"Capacitor","floor":15.0,"key":"SMITH"},{"data":"Loop","floor":23.0,"key":"SMITH"},{"floor":27,"key":"REST"},{"data":"Dualcast","floor":30,"key":"SMITH"}],"neow_cost":"NONE","seed_source_timestamp":229338155466026,"circlet_count":0,"master_deck":["Strike_B+1","Defend_B","Defend_B","Defend_B","Defend_B","Zap+1","Dualcast+1","Cold Snap+1","Ball Lightning","Loop+1","Capacitor+1","Rebound","Core Surge","Static Discharge+1","Glacier","Loop+1","Cold Snap+1","Compile Driver","Cold Snap"],"special_seed":0,"relics":["Cracked Core","Bag of Marbles","Symbiotic Virus","Cables","Shuriken","Nuclear Battery","Bird Faced Urn","Kunai","Incense Burner"],"potions_floor_usage":[28,28,29],"damage_taken":[{"damage":0.0,"enemies":"Cultist","floor":1.0,"turns":2.0},{"damage":0.0,"enemies":"2 Louse","floor":4.0,"turns":1.0},{"damage":15.0,"enemies":"3 Sentries","floor":6.0,"turns":7.0},{"damage":0.0,"enemies":"Jaw Worm","floor":11.0,"turns":2.0},{"damage":13.0,"enemies":"Lagavulin","floor":13.0,"turns":3.0},{"damage":9.0,"enemies":"3 Louse","floor":14.0,"turns":3.0},{"damage":0.0,"enemies":"Slime Boss","floor":16.0,"turns":4.0},{"damage":17.0,"enemies":"2 Thieves","floor":18.0,"turns":4.0},{"damage":0.0,"enemies":"Spheric Guardian","floor":19.0,"turns":2.0},{"damage":41,"enemies":"Slavers","floor":24,"turns":6},{"damage":11,"enemies":"Shelled Parasite and Fungi","floor":28,"turns":5},{"damage":3,"enemies":"Snecko","floor":29,"turns":4},{"damage":32,"enemies":"Gremlin Leader","floor":31,"turns":2}],"seed_played":"-3014714208157273135","potions_obtained":[{"floor":4.0,"key":"FearPotion"},{"floor":7.0,"key":"SpeedPotion"},{"floor":7.0,"key":"FearPotion"},{"floor":13.0,"key":"Swift Potion"},{"floor":24,"key":"Block Potion"},{"floor":28,"key":"SkillPotion"}],"is_trial":false,"path_per_floor":["M","?","?","M","T","E","?","R","T","$","M","R","E","M","R","B",null,"M","M","?","$","?","R","E","?","T","R","M","M","R","E"],"character_chosen":"DEFECT","items_purchased":["Loop","Glacier","Loop"],"campfire_rested":1,"item_purchase_floors":[10,21,21],"current_hp_per_floor":[68,53,53,53,53,38,38,38,38,38,38,38,25,16,16,16,60,43,43,43,43,43,43,10,10,10,32,25,28,28,0],"gold":35,"neow_bonus":"RANDOM_COMMON_RELIC","is_prod":false,"is_daily":false,"chose_seed":false,"campfire_upgraded":5,"win_rate":0,"timestamp":1564686332,"path_taken":["M","?","?","M","?","E","?","R","T","$","M","R","E","M","R","BOSS","M","M","?","$","?","R","E","?","T","R","M","M","R","E"],"build_version":"2019-07-17","purchased_purges":2,"victory":false,"max_hp_per_floor":[75,75,75,75,75,75,75,75,75,75,75,75,75,75,75,75,75,75,75,75,75,75,75,75,75,75,75,75,75,75,75],"card_choices":[{"not_picked":["Turbo","Coolheaded"],"picked":"Cold Snap","floor":1.0},{"not_picked":["Compile Driver","BootSequence"],"picked":"Ball Lightning","floor":4.0},{"not_picked":["Barrage","Self Repair","Scrape"],"picked":"SKIP","floor":6.0},{"not_picked":["Coolheaded","Redo","Turbo"],"picked":"SKIP","floor":11.0},{"not_picked":["Stack","Conserve Battery"],"picked":"Capacitor","floor":13.0},{"not_picked":["Conserve Battery","Auto Shields"],"picked":"Rebound","floor":14.0},{"not_picked":["Thunder Strike","Hyperbeam"],"picked":"Core Surge","floor":16.0},{"not_picked":["Fusion","Auto Shields"],"picked":"Static Discharge+1","floor":18.0},{"not_picked":["Go for the Eyes","Reinforced Body","Gash"],"picked":"SKIP","floor":19.0},{"not_picked":["Coolheaded+1","Leap"],"picked":"Cold Snap+1","floor":24},{"not_picked":["Conserve Battery","Storm"],"picked":"Compile Driver","floor":28},{"not_picked":["Darkness","Capacitor"],"picked":"Cold Snap","floor":29}],"player_experience":323402,"relics_obtained":[{"floor":6.0,"key":"Symbiotic Virus"},{"floor":9.0,"key":"Cables"},{"floor":13.0,"key":"Shuriken"},{"floor":24,"key":"Kunai"},{"floor":26,"key":"Incense Burner"}],"event_choices":[{"damage_healed":0.0,"max_hp_gain":0.0,"max_hp_loss":0.0,"gold_gain":0.0,"event_name":"Shining Light","player_choice":"Entered Light","floor":2.0,"gold_loss":0.0,"damage_taken":15.0,"cards_upgraded":["Strike_B","Cold Snap"]},{"cards_removed":["Strike_B"],"damage_healed":0.0,"max_hp_gain":0.0,"max_hp_loss":0.0,"gold_gain":0.0,"event_name":"Living Wall","player_choice":"Forget","floor":3.0,"gold_loss":0.0,"damage_taken":0.0},{"damage_healed":0.0,"max_hp_gain":0.0,"max_hp_loss":0.0,"gold_gain":0.0,"event_name":"Lab","player_choice":"Got Potions","floor":7.0,"gold_loss":0.0,"damage_taken":0.0},{"damage_healed":0.0,"max_hp_gain":0.0,"max_hp_loss":0.0,"gold_gain":99.0,"event_name":"Nest","player_choice":"Stole From Cult","floor":20.0,"gold_loss":0.0,"damage_taken":0.0},{"damage_healed":0.0,"max_hp_gain":0.0,"max_hp_loss":0.0,"gold_gain":0.0,"event_name":"The Mausoleum","player_choice":"Opened","floor":22.0,"gold_loss":0.0,"damage_taken":0.0,"relics_obtained":["Bird Faced Urn"]},{"damage_healed":0,"gold_gain":0,"player_choice":"Paid Fearfully","damage_taken":0,"max_hp_gain":0,"max_hp_loss":0,"event_name":"Masked Bandits","floor":25,"gold_loss":93}],"is_beta":false,"boss_relics":[{"not_picked":["Black Star","FrozenCore"],"picked":"Nuclear Battery"}],"items_purged_floors":[10,21],"is_endless":false,"potions_floor_spawned":[4,13,24,28],"killed_by":"Gremlin Leader","ascension_level":9}