{"gold_per_floor":[112,112,30,105,105,105,138,154,179,214,225,225,47,58,58,137,137,156,170,6,6,23,23,49,49,72,102,102,117,117,136,136,213,213,231,1,15,15,15,15,40,140,194,194,207,232,242,28,28,28],"floor_reached":50,"playtime":3940,"items_purged":["Strike_B","Strike_B+1"],"score":1192,"play_id":"ed6cfd2c-a690-41eb-baeb-8d39002cd4b7","local_time":"20190816130410","is_ascension_mode":true,"campfire_choices":[{"data":"Doom and Gloom","floor":6.0,"key":"SMITH"},{"data":"1","floor":12.0,"key":"LIFT"},{"data":"2","floor":15.0,"key":"LIFT"},{"data":"Biased Cognition","floor":23.0,"key":"SMITH"},{"data":"3","floor":25.0,"key":"LIFT"},{"data":"Defragment","floor":28.0,"key":"SMITH"},{"data":"Go for the Eyes","floor":30.0,"key":"SMITH"},{"data":"Dualcast","floor":32.0,"key":"SMITH"},{"data":"Madness","floor":40.0,"key":"SMITH"},{"data":"Coolheaded","floor":44.0,"key":"SMITH"},{"floor":49.0,"key":"RECALL"}],"neow_cost":"NONE","seed_source_timestamp":1515473577069633,"circlet_count":0,"master_deck":["AscendersBane","Strike_B+1","Strike_B+1","Defend_B+1","Defend_B+1","Defend_B+1","Defend_B+1","Zap+1","Dualcast+1","Doom and Gloom+1","Gash","Sweeping Beam","Ball Lightning","Cold Snap","Go for the Eyes+1","Auto Shields","Gash","Defragment+1","Conserve Battery","FTL","Biased Cognition+1","Gash","Hologram+1","Core Surge","Gash+1","Self Repair+1","Creative AI","Conserve Battery+1","Biased Cognition+1","Compile Driver","Madness+1","Madness","Coolheaded+1","Compile Driver","Parasite","Blizzard","Cold Snap","White Noise"],"special_seed":0,"relics":["FrozenCore","NeowsBlessing","PreservedInsect","Blood Vial","Girya","Pen Nib","Bag of Marbles","Dream Catcher","Busted Crown","DollysMirror","Vajra","Du-Vu Doll","Bottled Tornado"],"potions_floor_usage":[50],"damage_taken":[{"damage":0.0,"enemies":"Jaw Worm","floor":1.0,"turns":1.0},{"damage":0.0,"enemies":"3 Sentries","floor":7.0,"turns":1.0},{"damage":0.0,"enemies":"2 Louse","floor":8.0,"turns":1.0},{"damage":6.0,"enemies":"Gremlin Nob","floor":10.0,"turns":3.0},{"damage":0.0,"enemies":"Small Slimes","floor":11.0,"turns":2.0},{"damage":0.0,"enemies":"Blue Slaver","floor":14.0,"turns":2.0},{"damage":21.0,"enemies":"The Guardian","floor":16.0,"turns":11.0},{"damage":4.0,"enemies":"Shell Parasite","floor":18.0,"turns":5.0},{"damage":0.0,"enemies":"3 Byrds","floor":19.0,"turns":4.0},{"damage":1.0,"enemies":"Sentry and Sphere","floor":22.0,"turns":6.0},{"damage":6.0,"enemies":"Gremlin Leader","floor":24.0,"turns":4.0},{"damage":8.0,"enemies":"Slavers","floor":27.0,"turns":3.0},{"damage":3.0,"enemies":"Cultist and Chosen","floor":29.0,"turns":4.0},{"damage":0.0,"enemies":"Centurion and Healer","floor":31.0,"turns":2.0},{"damage":8.0,"enemies":"Collector","floor":33.0,"turns":8.0},{"damage":7.0,"enemies":"Orb Walker","floor":35.0,"turns":2.0},{"damage":0.0,"enemies":"3 Shapes","floor":37.0,"turns":9.0},{"damage":27.0,"enemies":"Nemesis","floor":41.0,"turns":5.0},{"damage":7.0,"enemies":"Mind Bloom Boss Battle","floor":42.0,"turns":5.0},{"damage":10.0,"enemies":"Writhing Mass","floor":45.0,"turns":6.0},{"damage":1.0,"enemies":"Reptomancer","floor":46.0,"turns":4.0},{"damage":0.0,"enemies":"Jaw Worm Horde","floor":47.0,"turns":2.0},{"damage":86,"enemies":"Time Eater","floor":50,"turns":6}],"seed_played":"7261753647955980084","potions_obtained":[{"floor":1.0,"key":"Swift Potion"},{"floor":10.0,"key":"Strength Potion"},{"floor":22.0,"key":"PowerPotion"},{"floor":24.0,"key":"Weak Potion"},{"floor":29.0,"key":"LiquidBronze"},{"floor":31.0,"key":"FocusPotion"},{"floor":45.0,"key":"Block Potion"},{"floor":46.0,"key":"AttackPotion"},{"floor":47.0,"key":"Swift Potion"}],"is_trial":false,"path_per_floor":["M","?","$","?","?","R","E","M","T","E","M","R","$","M","R","B",null,"M","M","$","?","M","R","E","R","T","E","R","M","R","M","R","B",null,"M","$","M","?","?","R","E","?","T","R","M","E","M","$","R","B"],"character_chosen":"DEFECT","items_purchased":["Gash","Sweeping Beam","Gash","Defragment","Conserve Battery","Core Surge","DollysMirror","Cold Snap","White Noise"],"campfire_rested":0,"item_purchase_floors":[3,3,13,13,13,20,36,48,48],"current_hp_per_floor":[64,43,43,32,55,55,55,55,55,51,53,53,53,55,55,36,62,60,62,62,62,63,63,59,59,59,53,53,52,52,54,54,58,68,63,63,71,71,58,58,43,48,48,48,50,51,53,53,53,0],"gold":28,"neow_bonus":"THREE_ENEMY_KILL","is_prod":false,"is_daily":false,"chose_seed":false,"campfire_upgraded":7,"win_rate":0,"timestamp":1565975050,"path_taken":["M","?","$","?","?","R","E","?","T","E","M","R","$","M","R","BOSS","M","M","?","?","M","R","E","R","T","E","R","M","R","M","R","BOSS","M","$","M","?","?","R","E","?","T","R","M","E","M","?","R","BOSS"],"build_version":"2019-07-17","purchased_purges":2,"victory":false,"max_hp_per_floor":[71,71,71,71,71,71,71,71,71,71,71,71,71,71,71,71,71,71,71,71,71,71,71,71,71,71,71,71,71,71,71,71,71,71,71,71,71,71,71,71,71,71,71,71,71,71,71,71,71,71],"card_choices":[{"not_picked":["Skim","Beam Cell"],"picked":"Doom and Gloom","floor":1.0},{"not_picked":["Self Repair","FTL"],"picked":"Ball Lightning","floor":7.0},{"not_picked":["Go for the Eyes","Conserve Battery"],"picked":"Cold Snap","floor":8.0},{"not_picked":["Scrape","Force Field"],"picked":"Go for the Eyes","floor":10.0},{"not_picked":["Stack","Redo"],"picked":"Auto Shields","floor":11.0},{"not_picked":["Beam Cell","Streamline"],"picked":"FTL","floor":14.0},{"not_picked":["Creative AI","Reboot"],"picked":"Biased Cognition","floor":16.0},{"not_picked":["Conserve Battery","Rebound"],"picked":"Gash","floor":18.0},{"not_picked":["Leap","Conserve Battery"],"picked":"Hologram+1","floor":19.0},{"not_picked":["Recycle","Redo","Beam Cell"],"picked":"SKIP","floor":22.0},{"not_picked":["Barrage","Ball Lightning","Beam Cell"],"picked":"SKIP","floor":24.0},{"not_picked":["Conserve Battery","Force Field"],"picked":"Gash+1","floor":27.0},{"not_picked":["Rebound","Skim","Barrage"],"picked":"SKIP","floor":29.0},{"not_picked":["Consume","Steam+1"],"picked":"Self Repair+1","floor":31.0},{"not_picked":["Buffer","Electrodynamics"],"picked":"Creative AI","floor":33.0},{"not_picked":[],"picked":"Conserve Battery+1","floor":35.0},{"not_picked":[],"picked":"Compile Driver","floor":37.0},{"not_picked":[],"picked":"Coolheaded","floor":41.0},{"not_picked":[],"picked":"Compile Driver","floor":42.0},{"not_picked":["Tempest"],"picked":"SKIP","floor":45.0},{"not_picked":["Tempest"],"picked":"SKIP","floor":45.0},{"not_picked":[],"picked":"Blizzard","floor":46.0},{"not_picked":["Go for the Eyes"],"picked":"SKIP","floor":47.0}],"player_experience":565390,"relics_obtained":[{"floor":7.0,"key":"PreservedInsect"},{"floor":9.0,"key":"Blood Vial"},{"floor":10.0,"key":"Girya"},{"floor":24.0,"key":"Pen Nib"},{"floor":26.0,"key":"Bag of Marbles"},{"floor":27.0,"key":"Dream Catcher"},{"floor":41.0,"key":"Vajra"},{"floor":42.0,"key":"Du-Vu Doll"},{"floor":46.0,"key":"Bottled Tornado"}],"event_choices":[{"damage_healed":0.0,"max_hp_gain":0.0,"max_hp_loss":0.0,"gold_gain":0.0,"event_name":"Shining Light","player_choice":"Entered Light","floor":2.0,"gold_loss":0.0,"damage_taken":21.0,"cards_upgraded":["Zap","Strike_B"]},{"damage_healed":0.0,"max_hp_gain":0.0,"max_hp_loss":0.0,"gold_gain":75.0,"event_name":"World of Goop","player_choice":"Gather Gold","floor":4.0,"gold_loss":0.0,"damage_taken":11.0},{"damage_healed":23.0,"max_hp_gain":0.0,"max_hp_loss":0.0,"gold_gain":0.0,"event_name":"Big Fish","player_choice":"Banana","floor":5.0,"gold_loss":0.0,"damage_taken":0.0},{"damage_healed":0.0,"max_hp_gain":0.0,"max_hp_loss":0.0,"gold_gain":0.0,"event_name":"Back to Basics","player_choice":"Simplicity","floor":21.0,"gold_loss":0.0,"damage_taken":0.0,"cards_upgraded":["Strike_B","Strike_B","Defend_B","Defend_B","Defend_B","Defend_B"]},{"damage_healed":0.0,"max_hp_gain":0.0,"max_hp_loss":0.0,"gold_gain":0.0,"event_name":"SensoryStone","player_choice":"Memory 1","floor":38.0,"gold_loss":0.0,"damage_taken":0.0},{"damage_healed":0.0,"max_hp_gain":0.0,"max_hp_loss":0.0,"gold_gain":0.0,"event_name":"Winding Halls","player_choice":"Embrace Madness","floor":39.0,"gold_loss":0.0,"damage_taken":13.0,"cards_obtained":["Madness","Madness"]},{"damage_healed":0.0,"max_hp_gain":0.0,"max_hp_loss":0.0,"gold_gain":0.0,"event_name":"MindBloom","player_choice":"Fight","floor":42.0,"gold_loss":0.0,"damage_taken":0.0}],"is_beta":false,"boss_relics":[{"not_picked":["Runic Dome","Runic Pyramid"],"picked":"FrozenCore"},{"not_picked":["White Beast Statue","Philosopher\u0027s Stone"],"picked":"Busted Crown"}],"items_purged_floors":[20,48],"is_endless":false,"potions_floor_spawned":[1,10,14,22,24,29,31,45,46,47],"killed_by":"Time Eater","ascension_level":20}