{"gold_per_floor":[112,127,137,312,89,89,89,89,114,114,14,14,32,58,58,157,157,170,170,190,190],"floor_reached":21,"playtime":824,"items_purged":["Strike_B","Strike_B"],"score":177,"play_id":"302e2c99-90c6-4f78-8d1f-b8eeb259a5f8","local_time":"20190815201258","is_ascension_mode":false,"campfire_choices":[{"data":"Zap","floor":7,"key":"SMITH"},{"data":"Dualcast","floor":10,"key":"SMITH"},{"floor":15,"key":"DIG"}],"neow_cost":"NONE","seed_source_timestamp":1192863351393667,"circlet_count":0,"master_deck":["Strike_B","Strike_B+1","Defend_B","Defend_B","Defend_B","Zap+1","Dualcast+1","Self Repair","Compile Driver+1","Defragment","Ball Lightning","Thunder Strike","Go for the Eyes","Conserve Battery"],"special_seed":0,"relics":["Cracked Core","Omamori","Regal Pillow","Whetstone","The Courier","Shovel","Shuriken","Runic Dome","Frozen Egg 2"],"potions_floor_usage":[],"damage_taken":[{"damage":6.0,"enemies":"2 Louse","floor":1.0,"turns":3.0},{"damage":5.0,"enemies":"Small Slimes","floor":2.0,"turns":3.0},{"damage":11,"enemies":"Jaw Worm","floor":3,"turns":4},{"damage":7,"enemies":"Blue Slaver","floor":13,"turns":2},{"damage":26,"enemies":"Lagavulin","floor":14,"turns":5},{"damage":30,"enemies":"Hexaghost","floor":16,"turns":7},{"damage":34,"enemies":"3 Byrds","floor":18,"turns":5},{"damage":20,"enemies":"2 Thieves","floor":20,"turns":3},{"damage":36,"enemies":"3 Cultists","floor":21,"turns":4}],"seed_played":"-4340036921700792890","potions_obtained":[{"floor":1.0,"key":"Strength Potion"},{"floor":2.0,"key":"Dexterity Potion"},{"floor":13,"key":"Swift Potion"},{"floor":20,"key":"Regen Potion"}],"is_trial":false,"path_per_floor":["M","M","M","?","$","?","R","?","T","R","$","?","M","E","R","B",null,"M","?","M","M"],"character_chosen":"DEFECT","items_purchased":["Regal Pillow"],"campfire_rested":0,"item_purchase_floors":[5],"current_hp_per_floor":[69,71,67,67,67,60,60,60,60,60,60,60,60,41,41,11,75,48,48,35,0],"gold":190,"neow_bonus":"RANDOM_COMMON_RELIC","is_prod":false,"is_daily":false,"chose_seed":false,"campfire_upgraded":2,"win_rate":0,"timestamp":1565892778,"path_taken":["M","M","M","?","$","?","R","?","T","R","$","?","?","E","R","BOSS","M","?","M","?"],"build_version":"2019-07-17","purchased_purges":2,"victory":false,"max_hp_per_floor":[75,75,75,75,75,75,75,75,75,75,75,75,75,75,75,75,75,75,75,75,75],"card_choices":[{"not_picked":["White Noise","Redo"],"picked":"Self Repair","floor":1.0},{"not_picked":["Steam","Hologram"],"picked":"Compile Driver","floor":2.0},{"not_picked":["Redo","Darkness","Coolheaded"],"picked":"SKIP","floor":3},{"not_picked":["Compile Driver","Lockon"],"picked":"Defragment","floor":13},{"not_picked":["Compile Driver","Buffer"],"picked":"Ball Lightning","floor":14},{"not_picked":["Machine Learning","Seek"],"picked":"Thunder Strike","floor":16},{"not_picked":["Hologram","Turbo+1"],"picked":"Go for the Eyes","floor":18},{"not_picked":["Loop+1","Sweeping Beam"],"picked":"Conserve Battery","floor":20}],"player_experience":316181,"relics_obtained":[{"floor":9,"key":"Whetstone"},{"floor":14,"key":"Shovel"},{"floor":15,"key":"Shuriken"}],"event_choices":[{"damage_healed":0,"gold_gain":175,"player_choice":"AGREE","damage_taken":0,"max_hp_gain":0,"max_hp_loss":0,"event_name":"Liars Game","floor":4,"gold_loss":0,"cards_obtained":["Doubt"]},{"cards_removed":["Defend_B"],"damage_healed":0,"gold_gain":0,"player_choice":"Card Removal","damage_taken":7,"max_hp_gain":0,"max_hp_loss":0,"event_name":"Golden Wing","floor":6,"gold_loss":0},{"damage_healed":0,"gold_gain":0,"player_choice":"Ignored","damage_taken":0,"max_hp_gain":0,"max_hp_loss":0,"event_name":"Golden Idol","floor":8,"gold_loss":0},{"damage_healed":0,"gold_gain":0,"player_choice":"Box","damage_taken":0,"relics_obtained":["The Courier"],"max_hp_gain":0,"max_hp_loss":0,"event_name":"Big Fish","floor":12,"gold_loss":0,"cards_obtained":["Regret"]},{"damage_healed":0,"gold_gain":0,"player_choice":"Gave Potion","damage_taken":0,"relics_obtained":["Frozen Egg 2"],"max_hp_gain":0,"max_hp_loss":0,"event_name":"WeMeetAgain","floor":19,"gold_loss":0}],"is_beta":false,"boss_relics":[{"not_picked":["Runic Pyramid","Snecko Eye"],"picked":"Runic Dome"}],"items_purged_floors":[5,11],"is_endless":false,"potions_floor_spawned":[1,2,13,20],"killed_by":"3 Cultists","ascension_level":0}