{"gold_per_floor":[119,132,132,148,148,181,181,196,278,278,293,36,36,47,47,152,152,167,181,199,124,136,136,236,136,216,216,228,262,187,203,203,301,301,312,412,432,443,80,114,114,114,114,139,154,154,165,13,13,13],"floor_reached":51,"playtime":5683,"items_purged":["Strike_G","Defend_G","Defend_G"],"score":999,"play_id":"acf1b2f4-68b9-462b-8bfe-3034b71c8ac7","local_time":"20180830161228","is_ascension_mode":true,"campfire_choices":[{"floor":7.0,"key":"REST"},{"data":"Glass Knife","floor":10.0,"key":"SMITH"},{"data":"Riddle With Holes","floor":13.0,"key":"SMITH"},{"data":"Underhanded Strike","floor":15.0,"key":"SMITH"},{"data":"Wraith Form v2","floor":23.0,"key":"SMITH"},{"data":"Neutralize","floor":27.0,"key":"SMITH"},{"data":"Wraith Form v2","floor":32,"key":"SMITH"},{"data":"Choke","floor":42,"key":"SMITH"},{"data":"Wraith Form v2","floor":46,"key":"SMITH"},{"data":"Adrenaline","floor":49,"key":"SMITH"}],"neow_cost":"NONE","seed_source_timestamp":0,"circlet_count":0,"master_deck":["Strike_G","Strike_G","Survivor","Neutralize+1","Underhanded Strike+1","Flying Knee","Glass Knife+1","Riddle With Holes+1","Wraith Form v2+1","Backflip+1","Night Terror","Bullet Time","Bouncing Flask+1","Underhanded Strike","Wraith Form v2+1","After Image","Crippling Poison+1","Choke+1","Envenom","Wraith Form v2+1","Adrenaline+1"],"special_seed":0,"relics":["Snecko Eye","Prayer Wheel","Mummified Hand","Pantograph","Empty Cage","Turnip","Singing Bowl","Gremlin Horn","Blood Vial","WristBlade","Bottled Lightning","Matryoshka","Ninja Scroll","Mercury Hourglass","Gambling Chip"],"potions_floor_usage":[33,35,50],"damage_taken":[{"damage":3.0,"enemies":"Small Slimes","floor":1.0,"turns":5.0},{"damage":4.0,"enemies":"2 Louse","floor":2.0,"turns":4.0},{"damage":0.0,"enemies":"Jaw Worm","floor":4.0,"turns":5.0},{"damage":31.0,"enemies":"3 Sentries","floor":6.0,"turns":12.0},{"damage":5.0,"enemies":"Exordium Thugs","floor":8.0,"turns":4.0},{"damage":9.0,"enemies":"Large Slime","floor":11.0,"turns":3.0},{"damage":14.0,"enemies":"3 Louse","floor":14.0,"turns":2.0},{"damage":0.0,"enemies":"Slime Boss","floor":16.0,"turns":7.0},{"damage":9.0,"enemies":"Chosen","floor":18.0,"turns":4.0},{"damage":2.0,"enemies":"Spheric Guardian","floor":19.0,"turns":4.0},{"damage":12.0,"enemies":"Shelled Parasite and Fungi","floor":20.0,"turns":5.0},{"damage":12.0,"enemies":"Centurion and Healer","floor":22.0,"turns":7.0},{"damage":3.0,"enemies":"Colosseum Slavers","floor":24.0,"turns":4.0},{"damage":0.0,"enemies":"Colosseum Nobs","floor":24.0,"turns":4.0},{"damage":0,"enemies":"Cultist and Chosen","floor":28,"turns":3},{"damage":6,"enemies":"Book of Stabbing","floor":29,"turns":5},{"damage":0,"enemies":"Chosen and Byrds","floor":31,"turns":4},{"damage":5,"enemies":"Automaton","floor":33,"turns":6},{"damage":0,"enemies":"Flame Bruiser 1 Orb","floor":35,"turns":5},{"damage":1,"enemies":"Orb Walker","floor":37,"turns":3},{"damage":2,"enemies":"Spire Growth","floor":38,"turns":3},{"damage":15,"enemies":"Nemesis","floor":40,"turns":5},{"damage":6,"enemies":"2 Orb Walkers","floor":44,"turns":4},{"damage":0,"enemies":"3 Darklings","floor":45,"turns":3},{"damage":0,"enemies":"Sphere and 2 Shapes","floor":47,"turns":2},{"damage":0,"enemies":"Donu and Deca","floor":50,"turns":8}],"seed_played":"8077645550550962008","potions_obtained":[{"floor":1.0,"key":"SpeedPotion"},{"floor":6.0,"key":"Energy Potion"},{"floor":16.0,"key":"Weak Potion"},{"floor":19.0,"key":"Swift Potion"},{"floor":28,"key":"AttackPotion"},{"floor":29,"key":"Fire Potion"},{"floor":31,"key":"PowerPotion"},{"floor":33,"key":"Energy Potion"},{"floor":44,"key":"GhostInAJar"}],"is_trial":false,"path_per_floor":["M","M","?","M","?","E","R","M","T","R","M","$","R","M","R","B",null,"M","M","M","$","M","R","?","$","T","R","M","E","?","M","R","B",null,"M","?","M","M","$","E","?","R","T","E","M","R","M","$","R","B"],"character_chosen":"THE_SILENT","items_purchased":["Pantograph","Bottled Lightning","Adrenaline"],"campfire_rested":1,"item_purchase_floors":[12,39,48],"current_hp_per_floor":[67,63,63,63,56,25,46,41,41,41,32,32,32,18,18,43,63,54,52,40,40,28,28,27,27,27,27,29,23,23,27,27,49,69,75,75,78,82,82,69,69,69,69,65,69,69,75,75,75,92],"gold":13,"neow_bonus":"BOSS_RELIC","is_prod":false,"is_daily":false,"chose_seed":false,"campfire_upgraded":9,"win_rate":0,"timestamp":1535670748,"path_taken":["M","M","?","M","?","E","R","M","T","R","M","$","R","M","R","BOSS","M","M","M","$","M","R","?","$","T","R","M","E","?","M","R","BOSS","M","?","M","M","$","E","?","R","T","E","M","R","M","$","R","BOSS"],"build_version":"2018-08-23v2","purchased_purges":3,"victory":true,"max_hp_per_floor":[70,70,70,70,70,70,70,70,70,70,70,70,70,70,70,70,70,70,70,70,70,70,70,72,72,72,72,74,74,74,76,76,76,76,80,80,82,86,86,86,86,86,86,86,88,88,92,92,92,92],"card_choices":[{"not_picked":["Concentrate","Setup","Deflect"],"picked":"SKIP","floor":1.0},{"not_picked":["Prepared","Dagger Spray","Flechettes"],"picked":"SKIP","floor":2.0},{"not_picked":["Accuracy","Quick Slash"],"picked":"Underhanded Strike","floor":4.0},{"not_picked":["PiercingWail","Cloak And Dagger"],"picked":"Flying Knee","floor":6.0},{"not_picked":["Tactician","Quick Slash"],"picked":"Glass Knife","floor":8.0},{"not_picked":["Deflect","Sucker Punch","Footwork"],"picked":"SKIP","floor":8.0},{"not_picked":["Flying Knee","Tactician"],"picked":"Riddle With Holes","floor":11.0},{"not_picked":["Outmaneuver","Prepared","Slice"],"picked":"SKIP","floor":11.0},{"not_picked":["Dagger Spray","Cloak And Dagger","Finisher"],"picked":"SKIP","floor":14.0},{"not_picked":["Acrobatics","Slice","Skewer"],"picked":"SKIP","floor":14.0},{"not_picked":["Phantasmal Killer","Tools of the Trade"],"picked":"Wraith Form v2","floor":16.0},{"not_picked":["PiercingWail+1","Calculated Gamble+1"],"picked":"Backflip+1","floor":18.0},{"not_picked":["Bane","Deflect","Poisoned Stab"],"picked":"SKIP","floor":18.0},{"not_picked":["Backstab","Prepared"],"picked":"Night Terror","floor":19.0},{"not_picked":["Outmaneuver","Flying Knee","Dagger Throw"],"picked":"SKIP","floor":19.0},{"not_picked":["Heel Hook","Poisoned Stab+1","Bane"],"picked":"SKIP","floor":20.0},{"not_picked":["Outmaneuver","Endless Agony+1","Sucker Punch"],"picked":"SKIP","floor":20.0},{"not_picked":["PiercingWail","Deadly Poison+1"],"picked":"Bullet Time","floor":22.0},{"not_picked":["Cloak And Dagger+1","Deadly Poison+1","Calculated Gamble+1"],"picked":"SKIP","floor":22.0},{"not_picked":["Infinite Blades","Well Laid Plans","Escape Plan"],"picked":"Singing Bowl","floor":24.0},{"not_picked":["Expertise+1","Outmaneuver"],"picked":"Bouncing Flask+1","floor":28},{"not_picked":["Blade Dance","Acrobatics","Terror"],"picked":"Singing Bowl","floor":28},{"not_picked":["Acrobatics+1","Flying Knee"],"picked":"Underhanded Strike","floor":29},{"not_picked":["Bane","Dagger Spray+1"],"picked":"Wraith Form v2","floor":31},{"not_picked":["Deadly Poison+1","Endless Agony+1","Concentrate"],"picked":"Singing Bowl","floor":31},{"not_picked":["Grand Finale","Malaise"],"picked":"After Image","floor":33},{"not_picked":["Blade Dance","All Out Attack+1","Deflect+1"],"picked":"Singing Bowl","floor":35},{"not_picked":["Deadly Poison+1","Cloak And Dagger+1","Caltrops"],"picked":"Singing Bowl","floor":35},{"not_picked":["Bouncing Flask+1","Blur+1"],"picked":"Crippling Poison+1","floor":37},{"not_picked":["Well Laid Plans","Quick Slash","All Out Attack+1"],"picked":"Singing Bowl","floor":37},{"not_picked":["Footwork","Quick Slash","Deadly Poison"],"picked":"Singing Bowl","floor":38},{"not_picked":["Acrobatics+1","Cloak And Dagger","Heel Hook+1"],"picked":"Singing Bowl","floor":38},{"not_picked":["Prepared","Infinite Blades"],"picked":"Choke","floor":40},{"not_picked":["Cloak And Dagger","Dagger Throw"],"picked":"Envenom","floor":44},{"not_picked":["Dagger Spray","Dodge and Roll+1","Accuracy+1"],"picked":"Singing Bowl","floor":45},{"not_picked":["Dodge and Roll","Backflip+1"],"picked":"Wraith Form v2","floor":45},{"not_picked":["Cloak And Dagger","Prepared+1","Quick Slash"],"picked":"Singing Bowl","floor":47},{"not_picked":["PiercingWail+1","Deflect","Dagger Throw+1"],"picked":"Singing Bowl","floor":47}],"player_experience":733598,"relics_obtained":[{"floor":6.0,"key":"Prayer Wheel"},{"floor":9.0,"key":"Mummified Hand"},{"floor":24.0,"key":"Turnip"},{"floor":24.0,"key":"Singing Bowl"},{"floor":26.0,"key":"Gremlin Horn"},{"floor":29,"key":"Blood Vial"},{"floor":40,"key":"Matryoshka"},{"floor":43,"key":"Ninja Scroll"},{"floor":43,"key":"Mercury Hourglass"},{"floor":44,"key":"Gambling Chip"}],"event_choices":[{"event_name":"Living Wall","player_choice":"Forget","floor":3.0,"damage_taken":0.0},{"event_name":"Golden Wing","player_choice":"Card Removal","floor":5.0,"damage_taken":0.0},{"event_name":"Colosseum","player_choice":"Fight","floor":24.0,"damage_taken":0.0},{"event_name":"Colosseum","player_choice":"Fought Nobs","floor":24.0,"damage_taken":0.0},{"event_name":"Beggar","player_choice":"Gave Gold","floor":30,"damage_taken":0},{"event_name":"Golden Shrine","player_choice":"Pray","floor":36,"damage_taken":0},{"event_name":"Tomb of Lord Red Mask","player_choice":"Ignored","floor":41,"damage_taken":0}],"is_beta":false,"boss_relics":[{"not_picked":["Pandora\u0027s Box","Ectoplasm"],"picked":"Empty Cage"},{"not_picked":["Tiny House","Runic Pyramid"],"picked":"WristBlade"}],"items_purged_floors":[21,25,39],"is_endless":false,"potions_floor_spawned":[1,6,16,19,28,29,31,33,44,47],"ascension_level":5}