{"gold_per_floor":[109,109,109,121,134,134,168,168,168,191,250,250,282,282,282,383,383,396,396,396,475,486,486,515,529,552,140,140,169,169,169,169,272,272,282,297,297,297,308,333,333,333,359,391,76,111,131,131,131,131,131,131,0,29,29],"floor_reached":56,"playtime":10767,"items_purged":["Strike_G","Defend_G"],"score":1799,"play_id":"092a2389-94bb-4d86-881e-73e87c29c971","local_time":"20190805020202","is_ascension_mode":true,"campfire_choices":[{"data":"Well Laid Plans","floor":6.0,"key":"SMITH"},{"data":"Neutralize","floor":8.0,"key":"SMITH"},{"data":"Poisoned Stab","floor":12.0,"key":"SMITH"},{"floor":15.0,"key":"RECALL"},{"data":"Well Laid Plans","floor":23.0,"key":"SMITH"},{"data":"Noxious Fumes","floor":28.0,"key":"SMITH"},{"data":"Poisoned Stab","floor":30.0,"key":"SMITH"},{"data":"Cloak And Dagger","floor":32.0,"key":"SMITH"},{"data":"Storm of Steel","floor":42.0,"key":"SMITH"},{"floor":49.0,"key":"REST"},{"data":"PiercingWail","floor":52.0,"key":"SMITH"}],"neow_cost":"NONE","seed_source_timestamp":0,"circlet_count":0,"master_deck":["Defend_G","Defend_G","Survivor","Poisoned Stab+1","Quick Slash","Well Laid Plans+1","Cloak And Dagger+1","PiercingWail+1","Storm of Steel+1","Wraith Form v2+1","Poisoned Stab+1","Die Die Die+1","Well Laid Plans+1","Terror+1","PiercingWail","Noxious Fumes+1","Poisoned Stab+1","Dodge and Roll+1","Bullet Time+1","Acrobatics+1","Good Instincts+1","Noxious Fumes+1","Catalyst+1","Cloak And Dagger+1","Cloak And Dagger+1","Secret Technique+1","Blade Dance+1","Panacea+1","PiercingWail+1","Deadly Poison+1"],"special_seed":0,"relics":["Ring of the Snake","NeowsBlessing","GremlinMask","Mummified Hand","Boot","Bronze Scales","Tiny Chest","Potion Belt","Astrolabe","Thread and Needle","Pear","Oddly Smooth Stone","Toxic Egg 2","Kunai","Sozu","Dodecahedron","Letter Opener","Anchor","Bottled Tornado","Bottled Lightning","Bird Faced Urn"],"potions_floor_usage":[55,55],"damage_taken":[{"damage":0.0,"enemies":"2 Louse","floor":1.0,"turns":1.0},{"damage":0.0,"enemies":"Cultist","floor":4.0,"turns":1.0},{"damage":0.0,"enemies":"Jaw Worm","floor":5.0,"turns":1.0},{"damage":18.0,"enemies":"Gremlin Nob","floor":7.0,"turns":4.0},{"damage":1.0,"enemies":"3 Sentries","floor":11.0,"turns":10.0},{"damage":6.0,"enemies":"Gremlin Nob","floor":13.0,"turns":4.0},{"damage":15.0,"enemies":"Hexaghost","floor":16.0,"turns":10.0},{"damage":1.0,"enemies":"3 Byrds","floor":18.0,"turns":3.0},{"damage":0.0,"enemies":"Shell Parasite","floor":22.0,"turns":5.0},{"damage":0.0,"enemies":"Gremlin Leader","floor":24.0,"turns":6.0},{"damage":4.0,"enemies":"Centurion and Healer","floor":25.0,"turns":9.0},{"damage":18.0,"enemies":"Slavers","floor":29.0,"turns":6.0},{"damage":0.0,"enemies":"Champ","floor":33.0,"turns":11.0},{"damage":0.0,"enemies":"Orb Walker","floor":35.0,"turns":3.0},{"damage":0.0,"enemies":"3 Shapes","floor":36.0,"turns":5.0},{"damage":0.0,"enemies":"Jaw Worm Horde","floor":39.0,"turns":5.0},{"damage":0.0,"enemies":"Giant Head","floor":40.0,"turns":8.0},{"damage":55.0,"enemies":"Reptomancer","floor":44.0,"turns":5.0},{"damage":0.0,"enemies":"Nemesis","floor":46.0,"turns":7.0},{"damage":0.0,"enemies":"3 Darklings","floor":47.0,"turns":3.0},{"damage":6.0,"enemies":"Time Eater","floor":50.0,"turns":10.0},{"damage":11.0,"enemies":"Shield and Spear","floor":54.0,"turns":5.0},{"damage":65,"enemies":"The Heart","floor":55,"turns":8}],"seed_played":"-846409528068564131","potions_obtained":[{"floor":1.0,"key":"FearPotion"},{"floor":5.0,"key":"GhostInAJar"},{"floor":29.0,"key":"SteroidPotion"},{"floor":33.0,"key":"SpeedPotion"}],"is_trial":false,"path_per_floor":["M","?","?","M","M","R","E","R","T","T","E","R","E","?","R","B",null,"M","?","T","T","M","R","E","M","T","$","R","E","R","?","R","B",null,"M","M","?","T","M","E","?","R","T","E","$","E","M","?","R","B",null,"R","$","E","B",null],"character_chosen":"THE_SILENT","items_purchased":["Toxic Egg 2","Noxious Fumes","Poisoned Stab","Cloak And Dagger+1","Secret Technique+1","Panacea+1","PiercingWail+1"],"campfire_rested":1,"item_purchase_floors":[27,27,27,45,45,53,53],"current_hp_per_floor":[63,56,56,56,56,56,38,38,38,38,37,37,31,36,36,21,62,61,47,47,57,57,57,57,53,53,53,53,35,35,35,35,35,76,76,76,76,76,76,76,76,76,76,21,21,21,21,21,48,42,78,78,78,67,12],"gold":29,"neow_bonus":"THREE_ENEMY_KILL","is_prod":false,"is_daily":false,"chose_seed":false,"campfire_upgraded":9,"win_rate":0,"timestamp":1564984922,"path_taken":["M","?","?","?","M","R","E","R","T","?","E","R","E","?","R","BOSS","M","?","?","?","?","R","E","M","T","?","R","E","R","?","R","BOSS","M","?","?","?","M","E","?","R","T","E","$","E","?","?","R","BOSS","R","$","E","BOSS"],"build_version":"2019-07-17","purchased_purges":2,"victory":true,"max_hp_per_floor":[70,70,70,70,70,70,70,70,70,70,70,70,70,75,75,75,75,75,80,80,90,90,90,90,90,90,90,90,90,90,90,90,90,90,90,90,90,90,90,90,90,90,90,90,90,90,90,90,90,90,90,90,90,90,90],"card_choices":[{"not_picked":["Deadly Poison","Accuracy"],"picked":"Poisoned Stab","floor":1.0},{"not_picked":["Deadly Poison","Underhanded Strike"],"picked":"Quick Slash","floor":4.0},{"not_picked":["Expertise","Blade Dance"],"picked":"Well Laid Plans","floor":5.0},{"not_picked":["Dagger Spray","Phantasmal Killer"],"picked":"Cloak And Dagger","floor":7.0},{"not_picked":["Bane","Accuracy","Acrobatics"],"picked":"SKIP","floor":11.0},{"not_picked":["Prepared","Dagger Spray"],"picked":"PiercingWail","floor":13.0},{"not_picked":["Burst","Glass Knife"],"picked":"Storm of Steel","floor":16.0},{"not_picked":["Poisoned Stab","Cloak And Dagger"],"picked":"Well Laid Plans","floor":18.0},{"not_picked":["Tactician","Dodge and Roll"],"picked":"Terror+1","floor":22.0},{"not_picked":["Bane","Terror","Bouncing Flask"],"picked":"SKIP","floor":24.0},{"not_picked":["Finisher","Outmaneuver"],"picked":"PiercingWail","floor":25.0},{"not_picked":["Deflect+1","Deadly Poison+1"],"picked":"Dodge and Roll+1","floor":29.0},{"not_picked":["Burst+1","Storm of Steel+1"],"picked":"Bullet Time+1","floor":33.0},{"not_picked":["Footwork","Bane"],"picked":"Acrobatics+1","floor":35.0},{"not_picked":["Prepared+1","PiercingWail+1","Sucker Punch"],"picked":"SKIP","floor":36.0},{"not_picked":["Forethought+1","HandOfGreed"],"picked":"Good Instincts+1","floor":37.0},{"not_picked":["Riddle With Holes","Underhanded Strike"],"picked":"Noxious Fumes+1","floor":39.0},{"not_picked":["Flying Knee+1","Prepared+1","Dagger Throw+1"],"picked":"SKIP","floor":40.0},{"not_picked":["Flying Knee","Grand Finale"],"picked":"Cloak And Dagger+1","floor":44.0},{"not_picked":["Terror+1","Tools of the Trade","Dash"],"picked":"SKIP","floor":46.0},{"not_picked":["Underhanded Strike+1","Accuracy"],"picked":"Blade Dance+1","floor":47.0},{"not_picked":["Crippling Poison+1","Caltrops"],"picked":"Deadly Poison+1","floor":54.0}],"player_experience":337956,"relics_obtained":[{"floor":7.0,"key":"Mummified Hand"},{"floor":9.0,"key":"Boot"},{"floor":10.0,"key":"Bronze Scales"},{"floor":11.0,"key":"Tiny Chest"},{"floor":13.0,"key":"Potion Belt"},{"floor":20.0,"key":"Thread and Needle"},{"floor":21.0,"key":"Pear"},{"floor":24.0,"key":"Oddly Smooth Stone"},{"floor":29.0,"key":"Kunai"},{"floor":38.0,"key":"Dodecahedron"},{"floor":40.0,"key":"Letter Opener"},{"floor":43.0,"key":"Anchor"},{"floor":44.0,"key":"Bottled Tornado"},{"floor":46.0,"key":"Bottled Lightning"},{"floor":54.0,"key":"Bird Faced Urn"}],"event_choices":[{"cards_removed":["Strike_G"],"damage_healed":0.0,"max_hp_gain":0.0,"max_hp_loss":0.0,"gold_gain":0.0,"event_name":"Golden Wing","player_choice":"Card Removal","floor":2.0,"gold_loss":0.0,"damage_taken":7.0},{"damage_healed":0.0,"max_hp_gain":0.0,"max_hp_loss":0.0,"gold_gain":0.0,"event_name":"FaceTrader","player_choice":"Trade","floor":3.0,"gold_loss":0.0,"damage_taken":0.0,"relics_obtained":["GremlinMask"]},{"damage_healed":0.0,"max_hp_gain":5.0,"max_hp_loss":0.0,"gold_gain":0.0,"event_name":"Big Fish","player_choice":"Donut","floor":14.0,"gold_loss":0.0,"damage_taken":0.0},{"damage_healed":0.0,"max_hp_gain":5.0,"max_hp_loss":0.0,"gold_gain":0.0,"event_name":"Forgotten Altar","player_choice":"Shed Blood","floor":19.0,"gold_loss":0.0,"damage_taken":19.0},{"cards_removed":["Defend_G"],"damage_healed":0.0,"max_hp_gain":0.0,"max_hp_loss":0.0,"gold_gain":0.0,"event_name":"Purifier","player_choice":"Purged","floor":31.0,"gold_loss":0.0,"damage_taken":0.0},{"damage_healed":0.0,"max_hp_gain":0.0,"max_hp_loss":0.0,"gold_gain":0.0,"event_name":"SensoryStone","player_choice":"Memory 1","floor":37.0,"gold_loss":0.0,"damage_taken":0.0},{"damage_healed":0.0,"max_hp_gain":0.0,"max_hp_loss":0.0,"gold_gain":0.0,"cards_transformed":["Defend_G"],"event_name":"Transmorgrifier","player_choice":"Transformed","floor":41.0,"gold_loss":0.0,"damage_taken":0.0,"cards_obtained":["Catalyst"]},{"cards_removed":["Neutralize"],"damage_healed":0.0,"max_hp_gain":0.0,"max_hp_loss":0.0,"gold_gain":0.0,"event_name":"Falling","player_choice":"Removed Attack","floor":48.0,"gold_loss":0.0,"damage_taken":0.0}],"is_beta":false,"boss_relics":[{"not_picked":["Ectoplasm","Black Star"],"picked":"Astrolabe"},{"not_picked":["Snecko Eye","Philosopher\u0027s Stone"],"picked":"Sozu"}],"items_purged_floors":[27,45],"is_endless":false,"potions_floor_spawned":[1,5,29,33,35,44,54],"ascension_level":7}