{"gold_per_floor":[115,125,137,137,34,34,59,59,59,59,86,105,116,136,136,136],"floor_reached":16,"playtime":3997,"items_purged":[],"score":151,"play_id":"f01c400e-2620-4602-a6f6-9e74089a1843","local_time":"20180829125907","is_ascension_mode":true,"campfire_choices":[{"data":"True Grit","floor":6,"key":"SMITH"},{"data":"True Grit","floor":10,"key":"SMITH"},{"floor":15,"key":"REST"}],"neow_cost":"PERCENT_DAMAGE","seed_source_timestamp":241957262840819,"circlet_count":0,"master_deck":["Strike_R","Strike_R","Strike_R","Defend_R+1","Defend_R","Defend_R","Bash","Havoc","True Grit+1","Wild Strike","Havoc+1","True Grit+1","Sentinel","True Grit","Second Wind"],"relics":["Burning Blood","Peace Pipe","Gremlin Horn","War Paint"],"potions_floor_usage":[11,16,16],"damage_taken":[{"damage":2,"enemies":"Jaw Worm","floor":1,"turns":5},{"damage":0,"enemies":"Small Slimes","floor":2,"turns":3},{"damage":0,"enemies":"Cultist","floor":3,"turns":3},{"damage":54,"enemies":"3 Sentries","floor":7,"turns":16},{"damage":57,"enemies":"Gremlin Nob","floor":11,"turns":5},{"damage":21,"enemies":"Exordium Thugs","floor":12,"turns":7},{"damage":0,"enemies":"3 Louse","floor":13,"turns":4},{"damage":4,"enemies":"Red Slaver","floor":14,"turns":4},{"damage":56,"enemies":"Hexaghost","floor":16,"turns":11}],"seed_played":"-4807467175250156735","potions_obtained":[{"floor":1,"key":"Ancient Potion"},{"floor":3,"key":"EssenceOfSteel"},{"floor":13,"key":"Energy Potion"},{"floor":14,"key":"BloodPotion"}],"is_trial":false,"path_per_floor":["M","M","M","?","$","R","E","?","T","R","E","M","M","M","R"],"character_chosen":"IRONCLAD","items_purchased":["Disarm","Sentinel"],"campfire_rested":1,"item_purchase_floors":[5,5],"current_hp_per_floor":[55,61,67,60,60,60,12,80,80,80,29,14,20,22,46,0],"gold":136,"neow_bonus":"TRANSFORM_TWO_CARDS","is_prod":false,"is_daily":false,"chose_seed":false,"campfire_upgraded":2,"win_rate":0,"timestamp":1535572747,"path_taken":["M","M","M","?","$","R","E","?","T","R","E","?","M","M","R","BOSS"],"build_version":"2018-08-23v2","purchased_purges":0,"victory":false,"max_hp_per_floor":[80,80,80,80,80,80,80,80,80,80,80,80,80,80,80,80],"card_choices":[{"not_picked":["Shrug It Off","Heavy Blade"],"picked":"Wild Strike","floor":1},{"not_picked":["Corruption","Disarm"],"picked":"Havoc","floor":2},{"not_picked":["Rampage","Body Slam"],"picked":"True Grit","floor":3},{"not_picked":["Thunderclap","Combust","Searing Blow"],"picked":"SKIP","floor":7},{"not_picked":["Clash","Metallicize","Headbutt"],"picked":"SKIP","floor":11},{"not_picked":["Clothesline","Corruption","Heavy Blade"],"picked":"SKIP","floor":12},{"not_picked":["Anger","Heavy Blade"],"picked":"True Grit","floor":13},{"not_picked":["Rage","Searing Blow"],"picked":"Second Wind","floor":14}],"player_experience":726134,"relics_obtained":[{"floor":7,"key":"Peace Pipe"},{"floor":9,"key":"Gremlin Horn"},{"floor":11,"key":"War Paint"}],"event_choices":[{"event_name":"Golden Wing","player_choice":"Card Removal","floor":4,"damage_taken":0},{"event_name":"Bonfire Elementals","player_choice":"UNCOMMON","floor":8,"damage_taken":0}],"is_beta":false,"boss_relics":[],"items_purged_floors":[],"is_endless":false,"potions_floor_spawned":[1,3,13,14],"killed_by":"Hexaghost","ascension_level":7}