{"gold_per_floor":[211,211,230,249,101,101,131,149,173,204,204,237,237,256,256,358,358,370,221,232,246,258,258,272,372,398,417,13,13],"floor_reached":29,"playtime":20791,"items_purged":["Fire Breathing","Rampage"],"score":296,"play_id":"a5029661-f7fe-4427-91e5-e287e9f478e2","local_time":"20190406123500","is_ascension_mode":true,"campfire_choices":[{"data":"Uppercut","floor":6,"key":"SMITH"},{"data":"Dual Wield","floor":11,"key":"SMITH"},{"data":"Feel No Pain","floor":13,"key":"SMITH"},{"floor":15,"key":"REST"},{"floor":23,"key":"REST"}],"neow_cost":"NONE","seed_source_timestamp":529285149515733,"circlet_count":0,"master_deck":["Bash","Feel No Pain+1","Uppercut+1","Pummel","Corruption","Spot Weakness","Infernal Blade","Limit Break","Dual Wield+1","Cleave","Warcry","Dark Embrace","Feel No Pain","Bludgeon","Flame Barrier","Dual Wield","Sentinel","Dropkick","Seeing Red","Shockwave","Iron Wave+1","Demon Form","Armaments","Shockwave"],"relics":["Burning Blood","Art of War","Potion Belt","Bottled Flame","Pandora\u0027s Box","Blood Vial","Ice Cream"],"potions_floor_usage":[7,10,12,12,16,18,22,24],"damage_taken":[{"damage":9,"enemies":"2 Louse","floor":1,"turns":4},{"damage":5,"enemies":"Cultist","floor":3,"turns":5},{"damage":7,"enemies":"Small Slimes","floor":4,"turns":3},{"damage":13,"enemies":"Gremlin Nob","floor":7,"turns":3},{"damage":10,"enemies":"2 Fungi Beasts","floor":8,"turns":4},{"damage":8,"enemies":"Lagavulin","floor":10,"turns":6},{"damage":20,"enemies":"Gremlin Nob","floor":12,"turns":4},{"damage":38,"enemies":"Exordium Thugs","floor":14,"turns":6},{"damage":29,"enemies":"The Guardian","floor":16,"turns":7},{"damage":27,"enemies":"2 Thieves","floor":18,"turns":4},{"damage":18,"enemies":"3 Byrds","floor":20,"turns":6},{"damage":24,"enemies":"Snake Plant","floor":21,"turns":3},{"damage":14,"enemies":"Chosen and Byrds","floor":22,"turns":4},{"damage":37,"enemies":"Shelled Parasite and Fungi","floor":24,"turns":5},{"damage":14,"enemies":"Centurion and Healer","floor":27,"turns":7},{"damage":10,"enemies":"Sentry and Sphere","floor":29,"turns":3}],"seed_played":"3240329126284017290","potions_obtained":[{"floor":1,"key":"SkillPotion"},{"floor":4,"key":"Poison Potion"},{"floor":8,"key":"PowerPotion"},{"floor":10,"key":"AttackPotion"},{"floor":12,"key":"Strength Potion"},{"floor":16,"key":"Block Potion"},{"floor":18,"key":"Weak Potion"},{"floor":21,"key":"SpeedPotion"},{"floor":22,"key":"Fire Potion"},{"floor":24,"key":"Strength Potion"}],"is_trial":false,"path_per_floor":["M","?","M","M","$","R","E","M","T","E","R","E","R","M","R","B",null,"M","$","M","M","M","R","M","?","T","M","$","M"],"character_chosen":"IRONCLAD","items_purchased":["Corruption","Spot Weakness","Shockwave","Ice Cream"],"campfire_rested":2,"item_purchase_floors":[5,5,19,28],"current_hp_per_floor":[77,70,71,70,70,70,63,59,59,57,57,43,43,11,35,12,80,59,59,47,29,21,45,14,14,14,8,8,0],"gold":13,"neow_bonus":"HUNDRED_GOLD","is_prod":false,"is_daily":false,"chose_seed":false,"campfire_upgraded":3,"win_rate":0,"timestamp":1554546900,"path_taken":["M","?","M","M","$","R","E","M","T","E","R","E","R","M","R","BOSS","M","$","M","M","M","R","M","?","T","M","$","M"],"build_version":"2019-03-15","purchased_purges":2,"victory":false,"max_hp_per_floor":[80,80,80,80,80,80,80,80,80,80,80,80,80,80,80,80,80,80,80,80,80,80,80,80,80,80,80,80,80],"card_choices":[{"not_picked":["Ghostly Armor","True Grit"],"picked":"Feel No Pain","floor":1},{"not_picked":["Wild Strike","Whirlwind"],"picked":"Uppercut","floor":3},{"not_picked":["Thunderclap","Clothesline"],"picked":"Pummel","floor":4},{"not_picked":["Iron Wave","Perfected Strike"],"picked":"Infernal Blade","floor":7},{"not_picked":["Rage","Combust"],"picked":"Limit Break","floor":8},{"not_picked":["Rupture","Intimidate"],"picked":"Dual Wield","floor":10},{"not_picked":["Power Through","Headbutt"],"picked":"Cleave","floor":12},{"not_picked":["Havoc","Clothesline"],"picked":"Warcry","floor":14},{"not_picked":["Reaper","Double Tap"],"picked":"Dark Embrace","floor":16},{"not_picked":["Heavy Blade","Armaments"],"picked":"Seeing Red","floor":18},{"not_picked":["Anger","Wild Strike"],"picked":"Iron Wave+1","floor":20},{"not_picked":["Headbutt","Combust+1"],"picked":"Demon Form","floor":21},{"not_picked":["Clothesline+1","Cleave"],"picked":"Armaments","floor":22},{"not_picked":["Warcry","Bloodletting"],"picked":"Shockwave","floor":24},{"not_picked":["Wild Strike+1","Twin Strike","Whirlwind"],"picked":"SKIP","floor":27}],"player_experience":273100,"relics_obtained":[{"floor":7,"key":"Art of War"},{"floor":10,"key":"Potion Belt"},{"floor":12,"key":"Bottled Flame"},{"floor":26,"key":"Blood Vial"}],"event_choices":[{"cards_removed":["Strike_R"],"damage_healed":0,"gold_gain":0,"player_choice":"Card Removal","damage_taken":7,"max_hp_gain":0,"max_hp_loss":0,"event_name":"Golden Wing","floor":2,"gold_loss":0},{"damage_healed":0,"gold_gain":100,"player_choice":"Pray","damage_taken":0,"max_hp_gain":0,"max_hp_loss":0,"event_name":"Golden Shrine","floor":25,"gold_loss":0}],"is_beta":true,"boss_relics":[{"not_picked":["Empty Cage","Busted Crown"],"picked":"Pandora\u0027s Box"}],"items_purged_floors":[19,28],"is_endless":false,"potions_floor_spawned":[1,4,8,10,12,16,18,21,22,24],"killed_by":"Sentry and Sphere","ascension_level":4}