{"gold_per_floor":[118,133,133,83,83,83,127,142,227,270,81,97,127,27,27,150,150,165,184,184,184,184,184,184,209,209,250,46,65,65,65,65,193,193,209,267,267,291,305,305,180,194,217,242,242,192,208,231,231,231],"floor_reached":51,"playtime":6139,"items_purged":["Strike_G","Strike_G","Strike_G","Defend_G"],"score":734,"play_id":"4cfe328d-99cc-421d-98ae-8a6b345d06c6","local_time":"20190603221327","is_ascension_mode":true,"campfire_choices":[{"data":"Predator","floor":6.0,"key":"SMITH"},{"data":"Footwork","floor":15.0,"key":"SMITH"},{"data":"Corpse Explosion","floor":23.0,"key":"SMITH"},{"data":"Footwork","floor":30.0,"key":"SMITH"},{"data":"Noxious Fumes","floor":32.0,"key":"SMITH"},{"data":"Backstab","floor":40,"key":"SMITH"},{"data":"Catalyst","floor":45,"key":"SMITH"},{"data":"Acrobatics","floor":49,"key":"SMITH"}],"neow_cost":"NONE","seed_source_timestamp":773179104812043,"circlet_count":0,"master_deck":["Defend_G","Defend_G+1","Defend_G+1","Defend_G","Survivor","Neutralize","Predator+1","Footwork+1","Corpse Explosion+1","Footwork+1","Acrobatics+1","Venomology","Poisoned Stab+1","Backstab+1","Noxious Fumes+1","Noxious Fumes","PiercingWail+1","Bullet Time","Catalyst+1"],"special_seed":0,"relics":["Ring of the Serpent","NeowsBlessing","Golden Idol","War Paint","Tiny Chest","Bag of Preparation","Mummified Hand","Sundial","Pear","Omamori","TwistedFunnel","Coffee Dripper","Nunchaku","FaceOfCleric","Smiling Mask"],"potions_floor_usage":[39,39,42,44,47,47,50,50,50,50],"damage_taken":[{"damage":0.0,"enemies":"Small Slimes","floor":1.0,"turns":1.0},{"damage":0.0,"enemies":"Jaw Worm","floor":2.0,"turns":1.0},{"damage":0.0,"enemies":"3 Sentries","floor":7.0,"turns":2.0},{"damage":0.0,"enemies":"Cultist","floor":8.0,"turns":3.0},{"damage":10.0,"enemies":"Gremlin Nob","floor":10.0,"turns":4.0},{"damage":0.0,"enemies":"Red Slaver","floor":12.0,"turns":3.0},{"damage":31.0,"enemies":"Hexaghost","floor":16.0,"turns":12.0},{"damage":0.0,"enemies":"Shell Parasite","floor":18.0,"turns":6.0},{"damage":7.0,"enemies":"3 Byrds","floor":19.0,"turns":3.0},{"damage":10.0,"enemies":"Colosseum Slavers","floor":22.0,"turns":3.0},{"damage":0.0,"enemies":"Snecko","floor":25.0,"turns":4.0},{"damage":0.0,"enemies":"Gremlin Leader","floor":27.0,"turns":7.0},{"damage":0.0,"enemies":"Chosen and Byrds","floor":29.0,"turns":5.0},{"damage":25.0,"enemies":"Collector","floor":33.0,"turns":8.0},{"damage":0.0,"enemies":"Orb Walker","floor":35.0,"turns":3.0},{"damage":6.0,"enemies":"2 Orb Walkers","floor":36.0,"turns":2.0},{"damage":4,"enemies":"3 Shapes","floor":38,"turns":3},{"damage":0,"enemies":"Transient","floor":39,"turns":5},{"damage":4,"enemies":"Maw","floor":42,"turns":5},{"damage":0,"enemies":"Writhing Mass","floor":44,"turns":5},{"damage":9,"enemies":"4 Shapes","floor":47,"turns":3},{"damage":14,"enemies":"Sphere and 2 Shapes","floor":48,"turns":5},{"damage":8,"enemies":"Time Eater","floor":50,"turns":10}],"seed_played":"-6904374777971015546","potions_obtained":[{"floor":1.0,"key":"EntropicBrew"},{"floor":5.0,"key":"AttackPotion"},{"floor":5.0,"key":"SpeedPotion"},{"floor":12.0,"key":"Energy Potion"},{"floor":16.0,"key":"Poison Potion"},{"floor":19.0,"key":"Explosive Potion"},{"floor":33.0,"key":"Poison Potion"},{"floor":42,"key":"Poison Potion"},{"floor":44,"key":"Energy Potion"}],"is_trial":false,"path_per_floor":["M","M","?","?","?","R","E","M","T","E","$","M","?","$","R","B",null,"M","M","?","T","?","R","T","M","T","E","$","M","R","?","R","B",null,"M","?","?","M","M","R","$","M","T","M","R","$","M","M","R","B",null],"character_chosen":"THE_SILENT","items_purchased":["Footwork","Acrobatics","TwistedFunnel"],"campfire_rested":0,"item_purchase_floors":[11,11,28],"current_hp_per_floor":[70,70,65,65,65,65,65,65,65,55,55,55,55,55,55,24,65,65,58,58,58,48,48,48,48,58,58,58,70,70,70,70,45,75,75,69,69,66,67,67,67,64,64,65,65,65,69,56,56,64],"gold":231,"neow_bonus":"THREE_ENEMY_KILL","is_prod":false,"is_daily":false,"chose_seed":false,"campfire_upgraded":8,"win_rate":0,"timestamp":1559614407,"path_taken":["M","M","?","?","?","R","E","?","T","E","?","M","?","$","R","BOSS","M","M","?","?","?","R","?","M","T","E","$","?","R","?","R","BOSS","M","?","?","?","M","R","$","?","T","M","R","$","M","M","R","BOSS"],"build_version":"2019-01-23","purchased_purges":4,"victory":true,"max_hp_per_floor":[70,70,65,65,65,65,65,65,65,65,65,65,65,65,65,65,65,65,65,65,65,65,65,65,65,75,75,75,75,75,75,75,75,75,75,75,75,76,77,77,77,78,78,79,79,79,80,81,81,82],"card_choices":[{"not_picked":["Bane","Poisoned Stab"],"picked":"Predator","floor":1.0},{"not_picked":["Quick Slash","Dagger Spray","Outmaneuver"],"picked":"SKIP","floor":2.0},{"not_picked":["Terror","Quick Slash","Poisoned Stab"],"picked":"SKIP","floor":7.0},{"not_picked":["Bane","Poisoned Stab"],"picked":"Footwork","floor":8.0},{"not_picked":["Acrobatics","Outmaneuver"],"picked":"Corpse Explosion","floor":10.0},{"not_picked":["Bane","Eviscerate","Sucker Punch"],"picked":"SKIP","floor":12.0},{"not_picked":["Wraith Form v2","Phantasmal Killer"],"picked":"Venomology","floor":16.0},{"not_picked":["Skewer+1","Blade Dance"],"picked":"Poisoned Stab+1","floor":18.0},{"not_picked":["Outmaneuver","Flying Knee"],"picked":"Backstab","floor":19.0},{"not_picked":["Poisoned Stab","Leg Sweep"],"picked":"Noxious Fumes","floor":25.0},{"not_picked":["Dagger Throw","Tactician","Outmaneuver"],"picked":"SKIP","floor":27.0},{"not_picked":["Slice","Flying Knee"],"picked":"PiercingWail+1","floor":29.0},{"not_picked":["Envenom","Adrenaline"],"picked":"Bullet Time","floor":33.0},{"not_picked":["Slice","PiercingWail+1","Bane"],"picked":"SKIP","floor":35.0},{"not_picked":["Underhanded Strike+1","Dagger Throw","Quick Slash+1"],"picked":"SKIP","floor":38},{"not_picked":["Deadly Poison","Blade Dance","Slice+1"],"picked":"SKIP","floor":39},{"not_picked":["Unload","Dagger Spray+1","Distraction"],"picked":"SKIP","floor":42},{"not_picked":["Flying Knee","Backstab+1"],"picked":"Catalyst","floor":44},{"not_picked":["Acrobatics+1","Poisoned Stab","Deflect+1"],"picked":"SKIP","floor":47},{"not_picked":["Dagger Throw","A Thousand Cuts","Reflex"],"picked":"SKIP","floor":48}],"player_experience":72980,"relics_obtained":[{"floor":7.0,"key":"War Paint"},{"floor":9.0,"key":"Tiny Chest"},{"floor":10.0,"key":"Bag of Preparation"},{"floor":21.0,"key":"Mummified Hand"},{"floor":24.0,"key":"Sundial"},{"floor":26.0,"key":"Pear"},{"floor":27.0,"key":"Omamori"},{"floor":36.0,"key":"Nunchaku"},{"floor":43,"key":"Smiling Mask"}],"event_choices":[{"damage_healed":0.0,"max_hp_gain":0.0,"max_hp_loss":5.0,"gold_gain":0.0,"event_name":"Golden Idol","player_choice":"Lose Max HP","floor":3.0,"gold_loss":0.0,"damage_taken":0.0,"relics_obtained":["Golden Idol"]},{"cards_removed":["Strike_G"],"damage_healed":0.0,"max_hp_gain":0.0,"max_hp_loss":0.0,"gold_gain":0.0,"event_name":"The Cleric","player_choice":"Card Removal","floor":4.0,"gold_loss":50.0,"damage_taken":0.0},{"damage_healed":0.0,"max_hp_gain":0.0,"max_hp_loss":0.0,"gold_gain":0.0,"event_name":"Lab","player_choice":"Got Potions","floor":5.0,"gold_loss":0.0,"damage_taken":0.0},{"damage_healed":0.0,"max_hp_gain":0.0,"max_hp_loss":0.0,"gold_gain":30.0,"event_name":"Dead Adventurer","player_choice":"Searched \u00272\u0027 times","floor":13.0,"gold_loss":0.0,"damage_taken":0.0},{"damage_healed":0.0,"max_hp_gain":0.0,"max_hp_loss":0.0,"gold_gain":0.0,"event_name":"The Library","player_choice":"Read","floor":20.0,"gold_loss":0.0,"damage_taken":0.0,"cards_obtained":["Noxious Fumes"]},{"damage_healed":0.0,"max_hp_gain":0.0,"max_hp_loss":0.0,"gold_gain":0.0,"event_name":"Colosseum","player_choice":"Fight","floor":22.0,"gold_loss":0.0,"damage_taken":0.0},{"damage_healed":0.0,"max_hp_gain":0.0,"max_hp_loss":0.0,"gold_gain":0.0,"event_name":"Colosseum","player_choice":"Fled From Nobs","floor":22.0,"gold_loss":0.0,"damage_taken":0.0},{"cards_removed":["Strike_G"],"damage_healed":0.0,"max_hp_gain":0.0,"max_hp_loss":0.0,"gold_gain":0.0,"event_name":"Back to Basics","player_choice":"Elegance","floor":31.0,"gold_loss":0.0,"damage_taken":0.0},{"damage_healed":0.0,"max_hp_gain":0.0,"max_hp_loss":0.0,"gold_gain":0.0,"event_name":"Mysterious Sphere","player_choice":"Fight","floor":36.0,"gold_loss":0.0,"damage_taken":0.0},{"damage_healed":0.0,"max_hp_gain":0.0,"max_hp_loss":0.0,"gold_gain":0.0,"event_name":"FaceTrader","player_choice":"Trade","floor":37.0,"gold_loss":0.0,"damage_taken":0.0,"relics_obtained":["FaceOfCleric"]}],"is_beta":false,"boss_relics":[{"not_picked":["Black Star","Snecko Eye"],"picked":"Ring of the Serpent"},{"not_picked":["Philosopher\u0027s Stone","Lizard Tail"],"picked":"Coffee Dripper"}],"items_purged_floors":[11,14,41,46],"is_endless":false,"potions_floor_spawned":[1,8,12,16,19,27,33,35,42,44],"ascension_level":1}