{"gold_per_floor":[110,110,110,122,122,122,148,148,148,148,173,173,193,210,210,314,314,327,327,337,337],"floor_reached":21,"playtime":1231,"items_purged":[],"score":252,"play_id":"c693c48d-ecc7-445c-842f-2019e6455b8e","local_time":"20190607191111","is_ascension_mode":true,"campfire_choices":[{"data":"Perfected Strike","floor":6,"key":"SMITH"},{"data":"Flex","floor":8,"key":"SMITH"},{"floor":10,"key":"REST"},{"data":"Spot Weakness","floor":12,"key":"SMITH"},{"data":"Spot Weakness","floor":15,"key":"SMITH"}],"neow_cost":"NONE","seed_source_timestamp":1113203331337295,"circlet_count":0,"master_deck":["Strike_R","Strike_R","Strike_R","Strike_R","Strike_R","Defend_R","Bash","Perfected Strike+1","Flex+1","Spot Weakness+1","Spot Weakness+1","Flex","Disarm","Flex","Battle Trance","Demon Form","Clash+1","Perfected Strike","Twin Strike","Thunderclap"],"relics":["Burning Blood","Dream Catcher","Mercury Hourglass","Regal Pillow","Prayer Wheel","Empty Cage"],"potions_floor_usage":[18],"damage_taken":[{"damage":2,"enemies":"2 Louse","floor":1,"turns":3},{"damage":7,"enemies":"Small Slimes","floor":4,"turns":4},{"damage":21,"enemies":"Gremlin Nob","floor":7,"turns":4},{"damage":30,"enemies":"3 Sentries","floor":11,"turns":6},{"damage":6,"enemies":"Cultist","floor":13,"turns":3},{"damage":13,"enemies":"Blue Slaver","floor":14,"turns":3},{"damage":18,"enemies":"Slime Boss","floor":16,"turns":9},{"damage":22,"enemies":"2 Thieves","floor":18,"turns":3},{"damage":35,"enemies":"3 Byrds","floor":20,"turns":5},{"damage":23,"enemies":"Centurion and Healer","floor":21,"turns":1}],"seed_played":"-5030727482200486219","potions_obtained":[{"floor":1,"key":"Ancient Potion"},{"floor":14,"key":"Dexterity Potion"},{"floor":16,"key":"AttackPotion"},{"floor":20,"key":"Poison Potion"}],"is_trial":false,"path_per_floor":["M","?","?","M","?","R","E","R","T","R","E","R","M","M","R","B",null,"M","?","M","M"],"character_chosen":"IRONCLAD","items_purchased":[],"campfire_rested":1,"item_purchase_floors":[],"current_hp_per_floor":[76,81,81,80,80,80,65,65,65,85,61,61,61,54,54,42,74,58,50,21,0],"gold":337,"neow_bonus":"RANDOM_COMMON_RELIC","is_prod":false,"is_daily":false,"chose_seed":false,"campfire_upgraded":4,"win_rate":0,"timestamp":1559949071,"path_taken":["M","?","?","M","?","R","E","R","T","R","E","R","M","M","R","BOSS","M","?","?","M"],"build_version":"2019-01-23","purchased_purges":0,"victory":false,"max_hp_per_floor":[80,85,85,85,85,85,85,85,85,85,85,85,85,85,85,85,85,85,85,85,85],"card_choices":[{"not_picked":["Seeing Red","Ghostly Armor"],"picked":"Perfected Strike","floor":1},{"not_picked":["Iron Wave","Searing Blow","Fire Breathing"],"picked":"SKIP","floor":4},{"not_picked":["Cleave","Disarm"],"picked":"Flex","floor":7},{"not_picked":["True Grit","Power Through"],"picked":"Spot Weakness","floor":10},{"not_picked":["Havoc","Thunderclap"],"picked":"Spot Weakness","floor":11},{"not_picked":["Clothesline","Rage"],"picked":"Flex","floor":13},{"not_picked":["Anger","Seeing Red"],"picked":"Disarm","floor":13},{"not_picked":["Sword Boomerang","Reckless Charge"],"picked":"Flex","floor":14},{"not_picked":["Warcry","Heavy Blade"],"picked":"Battle Trance","floor":14},{"not_picked":["Berserk","Reaper"],"picked":"Demon Form","floor":16},{"not_picked":["Blood for Blood","Sword Boomerang"],"picked":"Clash+1","floor":18},{"not_picked":["True Grit","Cleave"],"picked":"Perfected Strike","floor":18},{"not_picked":["Clothesline+1","Armaments"],"picked":"Twin Strike","floor":20},{"not_picked":["Armaments","Dropkick"],"picked":"Thunderclap","floor":20}],"player_experience":115559,"relics_obtained":[{"floor":7,"key":"Mercury Hourglass"},{"floor":9,"key":"Regal Pillow"},{"floor":11,"key":"Prayer Wheel"}],"event_choices":[{"damage_healed":0,"gold_gain":0,"player_choice":"Donut","damage_taken":0,"max_hp_gain":5,"max_hp_loss":0,"event_name":"Big Fish","floor":2,"gold_loss":0},{"cards_removed":["Defend_R"],"damage_healed":0,"gold_gain":0,"player_choice":"Forget","damage_taken":0,"max_hp_gain":0,"max_hp_loss":0,"event_name":"Living Wall","floor":3,"gold_loss":0},{"damage_healed":0,"gold_gain":0,"player_choice":"Ignored","damage_taken":0,"max_hp_gain":0,"max_hp_loss":0,"event_name":"Liars Game","floor":5,"gold_loss":0},{"damage_healed":0,"gold_gain":0,"player_choice":"","damage_taken":8,"max_hp_gain":0,"max_hp_loss":0,"event_name":"Knowing Skull","floor":19,"potions_obtained":[],"gold_loss":0,"cards_obtained":[]}],"is_beta":false,"boss_relics":[{"not_picked":["White Beast Statue","Black Blood"],"picked":"Empty Cage"}],"items_purged_floors":[],"is_endless":false,"potions_floor_spawned":[1,14,16,20],"killed_by":"Centurion and Healer","ascension_level":7}