{"gold_per_floor":[118,138,150,7,26,26,60,60,60,73,100,100,100,0,0,95,95,115,131,41,53,107,107,117,117,170,170,197,197,209,223,223,320,320,333,333,344,70,84,84,113,113,113,113,59,59,84,84,84,84],"floor_reached":50,"playtime":6165,"items_purged":["Strike_B","Defend_B","Strike_B"],"score":910,"play_id":"5c219846-860a-45c4-97e1-c8e8c47831a9","local_time":"20181020012650","is_ascension_mode":true,"campfire_choices":[{"data":"Static Discharge","floor":6.0,"key":"SMITH"},{"floor":8.0,"key":"REST"},{"floor":12.0,"key":"REST"},{"data":"Static Discharge","floor":15,"key":"SMITH"},{"data":"Consume","floor":23,"key":"SMITH"},{"data":"Thunder Strike","floor":25,"key":"SMITH"},{"floor":27,"key":"REST"},{"data":"Buffer","floor":32,"key":"SMITH"},{"data":"Fission","floor":40,"key":"SMITH"},{"data":"Lockon","floor":42,"key":"SMITH"},{"data":"Hologram","floor":44,"key":"SMITH"},{"data":"Creative AI","floor":49,"key":"SMITH"}],"neow_cost":"NONE","seed_source_timestamp":0,"circlet_count":0,"master_deck":["Strike_B","Strike_B","Zap+1","Dualcast","AscendersBane","Thunder Strike+1","Rebound","Melter","Static Discharge+1","Barrage","Consume+1","Tempest+1","Static Discharge+1","Buffer+1","Defragment+1","Lockon+1","Hologram+1","Tempest","Reprogram","Ghostly","Ghostly","Ghostly","Ghostly","Ghostly","Fission+1","Self Repair","Lockon+1","Turbo+1","Creative AI+1"],"special_seed":0,"relics":["Cracked Core","Happy Flower","Orichalcum","Bottled Lightning","Eternal Feather","War Paint","Dream Catcher","Letter Opener","Empty Cage","DataDisk","Pen Nib","Darkstone Periapt","Lantern"],"potions_floor_usage":[16,16,24,31,47],"damage_taken":[{"damage":1.0,"enemies":"2 Louse","floor":1.0,"turns":2.0},{"damage":12.0,"enemies":"Jaw Worm","floor":2.0,"turns":3.0},{"damage":1.0,"enemies":"Cultist","floor":3.0,"turns":3.0},{"damage":13.0,"enemies":"Red Slaver","floor":5.0,"turns":3.0},{"damage":30.0,"enemies":"Lagavulin","floor":7.0,"turns":5.0},{"damage":16.0,"enemies":"Lots of Slimes","floor":10.0,"turns":3.0},{"damage":1.0,"enemies":"Gremlin Nob","floor":11.0,"turns":2.0},{"damage":12,"enemies":"Slime Boss","floor":16,"turns":6},{"damage":6,"enemies":"Chosen","floor":18,"turns":4},{"damage":30,"enemies":"Shell Parasite","floor":19,"turns":4},{"damage":18,"enemies":"Cultist and Chosen","floor":21,"turns":4},{"damage":18,"enemies":"Snake Plant","floor":24,"turns":3},{"damage":41,"enemies":"Book of Stabbing","floor":28,"turns":4},{"damage":0,"enemies":"Shelled Parasite and Fungi","floor":30,"turns":5},{"damage":3,"enemies":"Centurion and Healer","floor":31,"turns":6},{"damage":34,"enemies":"Automaton","floor":33,"turns":10},{"damage":0,"enemies":"3 Darklings","floor":35,"turns":7},{"damage":0,"enemies":"Orb Walker","floor":37,"turns":4},{"damage":11,"enemies":"4 Shapes","floor":39,"turns":4},{"damage":12,"enemies":"Reptomancer","floor":41,"turns":5},{"damage":0,"enemies":"Giant Head","floor":47,"turns":8},{"damage":37,"enemies":"Awakened One","floor":50,"turns":7}],"seed_played":"6853351158224143970","potions_obtained":[{"floor":5.0,"key":"AttackPotion"},{"floor":7.0,"key":"Swift Potion"},{"floor":10.0,"key":"AttackPotion"},{"floor":11.0,"key":"FocusPotion"},{"floor":21,"key":"PowerPotion"},{"floor":28,"key":"AttackPotion"},{"floor":30,"key":"FairyPotion"},{"floor":41,"key":"FearPotion"}],"is_trial":false,"path_per_floor":["M","M","M","$","M","R","E","R","T","M","E","R","?","$","R","B",null,"M","M","?","M","T","R","M","R","T","R","E","?","M","M","R","B",null,"M","?","M","$","M","R","E","R","T","R","$","?","E","$","R"],"character_chosen":"DEFECT","items_purchased":["Static Discharge","DataDisk","Turbo"],"campfire_rested":3,"item_purchase_floors":[4,38,45],"current_hp_per_floor":[67,55,54,54,41,41,11,33,33,17,16,38,38,38,38,26,63,57,27,27,9,9,21,3,15,15,49,8,8,8,5,20,3,29,29,29,29,29,18,33,28,37,37,37,37,37,37,37,37,0],"gold":84,"neow_bonus":"ONE_RANDOM_RARE_CARD","is_prod":false,"is_daily":false,"chose_seed":false,"campfire_upgraded":9,"win_rate":0,"timestamp":1540024010,"path_taken":["M","M","M","$","M","R","E","R","T","M","E","R","?","$","R","BOSS","M","M","?","?","?","R","M","R","T","R","E","?","M","M","R","BOSS","M","?","M","$","M","R","E","R","T","R","$","?","E","?","R","BOSS"],"build_version":"2018-10-18","purchased_purges":3,"victory":false,"max_hp_per_floor":[75,75,75,75,75,75,75,75,75,75,75,75,75,75,75,75,75,75,75,75,75,75,75,75,75,75,75,75,37,37,37,37,37,37,37,37,37,37,37,37,37,37,37,37,37,37,37,37,37,37],"card_choices":[{"not_picked":["Turbo","Hologram"],"picked":"Rebound","floor":1.0},{"not_picked":["Gash","Reinforced Body"],"picked":"Melter","floor":2.0},{"not_picked":["Stack","Coolheaded","Cold Snap"],"picked":"SKIP","floor":3.0},{"not_picked":["Beam Cell","Stack"],"picked":"Barrage","floor":5.0},{"not_picked":["Amplify","Barrage"],"picked":"Consume","floor":7.0},{"not_picked":["BootSequence","Scrape"],"picked":"Tempest","floor":10.0},{"not_picked":["Echo Form","Turbo"],"picked":"Static Discharge","floor":11.0},{"not_picked":["Machine Learning","Hyperbeam"],"picked":"Buffer","floor":16},{"not_picked":["Stack","Redo"],"picked":"Defragment","floor":18},{"not_picked":["Streamline","Rip and Tear"],"picked":"Lockon","floor":19},{"not_picked":["Leap","Barrage"],"picked":"Hologram","floor":21},{"not_picked":["Sunder","Double Energy"],"picked":"Tempest","floor":24},{"not_picked":["Streamline","Glacier+1"],"picked":"Reprogram","floor":28},{"not_picked":["Cold Snap","Undo","Beam Cell"],"picked":"SKIP","floor":30},{"not_picked":["Auto Shields","Barrage","Gash"],"picked":"SKIP","floor":31},{"not_picked":["Creative AI","Core Surge"],"picked":"Fission","floor":33},{"not_picked":["Sunder+1","Beam Cell","Cold Snap"],"picked":"SKIP","floor":35},{"not_picked":["Hologram","Beam Cell","Scrape"],"picked":"SKIP","floor":37},{"not_picked":["Leap","Storm"],"picked":"Self Repair","floor":39},{"not_picked":["Conserve Battery","Turbo"],"picked":"Lockon+1","floor":41},{"not_picked":["Melter","Sunder"],"picked":"Creative AI","floor":47}],"player_experience":897794,"relics_obtained":[{"floor":7.0,"key":"Happy Flower"},{"floor":9.0,"key":"Orichalcum"},{"floor":11.0,"key":"Bottled Lightning"},{"floor":22,"key":"War Paint"},{"floor":26,"key":"Dream Catcher"},{"floor":28,"key":"Letter Opener"},{"floor":41,"key":"Pen Nib"},{"floor":43,"key":"Darkstone Periapt"},{"floor":47,"key":"Lantern"}],"event_choices":[{"damage_healed":0,"gold_gain":0,"player_choice":"Searched \u00271\u0027 times","damage_taken":0,"max_hp_gain":0,"max_hp_loss":0,"event_name":"Dead Adventurer","floor":13,"gold_loss":0},{"cards_removed":["Defend_B"],"damage_healed":0,"gold_gain":0,"player_choice":"Upgrade and Remove","damage_taken":0,"max_hp_gain":0,"max_hp_loss":0,"event_name":"Designer","floor":20,"gold_loss":90,"cards_upgraded":["Defragment"]},{"damage_healed":0,"gold_gain":0,"player_choice":"Became a Ghost","damage_taken":0,"max_hp_gain":0,"max_hp_loss":38,"event_name":"Ghosts","floor":29,"gold_loss":0,"cards_obtained":["Ghostly","Ghostly","Ghostly","Ghostly","Ghostly"]},{"damage_healed":0,"gold_gain":0,"player_choice":"Ignored","damage_taken":0,"max_hp_gain":0,"max_hp_loss":0,"event_name":"Tomb of Lord Red Mask","floor":36,"gold_loss":0},{"damage_healed":0,"gold_gain":0,"player_choice":"Forge","damage_taken":0,"max_hp_gain":0,"max_hp_loss":0,"event_name":"Accursed Blacksmith","floor":46,"gold_loss":0,"cards_upgraded":["Turbo"]}],"is_beta":false,"boss_relics":[{"not_picked":["Tiny House","White Beast Statue"],"picked":"Eternal Feather"},{"not_picked":["Black Star","FrozenCore"],"picked":"Empty Cage"}],"items_purged_floors":[4,14,38],"is_endless":false,"potions_floor_spawned":[5,7,10,11,21,28,30,41],"killed_by":"Awakened One","ascension_level":12}