{"gold_per_floor":[116,116,31,44,98,132,142,92,92,92,92,92,131,81,81,81],"floor_reached":16,"playtime":841,"items_purged":["Regret","Defend_G","Injury"],"score":148,"play_id":"d9131c07-6f67-4ee4-9b13-8f7b6579c12a","local_time":"20181113142856","is_ascension_mode":true,"campfire_choices":[{"floor":12,"key":"REST"},{"floor":15,"key":"REST"}],"neow_cost":"NONE","seed_source_timestamp":61256175012328,"circlet_count":0,"master_deck":["Defend_G","Defend_G","Defend_G","Defend_G","Strike_G","Strike_G","Strike_G","Strike_G","Strike_G","Survivor","Neutralize","Night Terror","Dagger Throw","Reflex+1","Concentrate","Expertise","Distraction","Unload"],"relics":["Ring of the Snake","Smiling Mask","Dream Catcher","Happy Flower","Mercury Hourglass","Golden Idol","Centennial Puzzle"],"potions_floor_usage":[6,16],"damage_taken":[{"damage":2,"enemies":"Small Slimes","floor":1,"turns":5},{"damage":0,"enemies":"Jaw Worm","floor":4,"turns":5},{"damage":48,"enemies":"Lagavulin","floor":6,"turns":9},{"damage":0,"enemies":"Cultist","floor":7,"turns":4},{"damage":23,"enemies":"Gremlin Nob","floor":13,"turns":4},{"damage":33,"enemies":"The Guardian","floor":16,"turns":4}],"seed_played":"-1335913231670326072","potions_obtained":[{"floor":4,"key":"Swift Potion"},{"floor":7,"key":"SteroidPotion"}],"is_trial":false,"path_per_floor":["M","?","$","M","T","E","M","$","T","?","?","R","E","$","R","B"],"character_chosen":"THE_SILENT","items_purchased":["Reflex"],"campfire_rested":2,"item_purchase_floors":[3],"current_hp_per_floor":[61,61,61,61,61,13,13,13,13,13,13,34,11,11,32,0],"gold":81,"neow_bonus":"ONE_RANDOM_RARE_CARD","is_prod":false,"is_daily":false,"chose_seed":false,"campfire_upgraded":0,"win_rate":0,"timestamp":1542148136,"path_taken":["M","?","$","M","?","E","?","$","T","?","?","R","E","$","R","BOSS"],"build_version":"2018-11-08","purchased_purges":3,"victory":false,"max_hp_per_floor":[70,70,70,70,70,70,70,70,70,70,70,70,70,70,70,70],"card_choices":[{"not_picked":["Cloak And Dagger","Dodge and Roll"],"picked":"Dagger Throw","floor":1},{"not_picked":["Acrobatics","PiercingWail"],"picked":"Concentrate","floor":4},{"not_picked":["Cloak And Dagger","Blur","Terror"],"picked":"SKIP","floor":6},{"not_picked":["Dodge and Roll","Quick Slash"],"picked":"Expertise","floor":7},{"not_picked":["Blur","Dash"],"picked":"Distraction","floor":12},{"not_picked":["Masterful Stab","Dash","Flying Knee"],"picked":"SKIP","floor":13},{"not_picked":["Choke","Dodge and Roll"],"picked":"Unload","floor":15}],"player_experience":979675,"relics_obtained":[{"floor":5,"key":"Dream Catcher"},{"floor":6,"key":"Happy Flower"},{"floor":9,"key":"Mercury Hourglass"},{"floor":13,"key":"Centennial Puzzle"}],"event_choices":[{"damage_healed":0,"gold_gain":0,"player_choice":"Box","damage_taken":0,"relics_obtained":["Smiling Mask"],"max_hp_gain":0,"max_hp_loss":0,"event_name":"Big Fish","floor":2,"gold_loss":0,"cards_obtained":["Regret"]},{"damage_healed":0,"gold_gain":0,"player_choice":"Take Wound","damage_taken":0,"relics_obtained":["Golden Idol"],"max_hp_gain":0,"max_hp_loss":0,"event_name":"Golden Idol","floor":10,"gold_loss":0,"cards_obtained":["Injury"]},{"damage_healed":0,"gold_gain":0,"player_choice":"Upgraded","damage_taken":0,"max_hp_gain":0,"max_hp_loss":0,"event_name":"Upgrade Shrine","floor":11,"gold_loss":0,"cards_upgraded":["Reflex"]}],"is_beta":false,"boss_relics":[],"items_purged_floors":[3,8,14],"is_endless":false,"potions_floor_spawned":[4,7],"killed_by":"The Guardian","ascension_level":8}