{"gold_per_floor":[112,37,50,63,79,79,96,115,115,115,115,135,152,181,193,283,295,321,333,358,416,428,440,452,464,499,511,523,550,35,35,35,109,109,128,128,147,167,185,185,213,213,213,213,4,34,34,84,84,84],"floor_reached":51,"playtime":3293,"items_purged":["Zap","Writhe","Pain"],"score":1172,"play_id":"62bb8452-87b8-450d-916e-c55212cc3d52","local_time":"20181104010853","is_ascension_mode":true,"campfire_choices":[{"data":"Darkness","floor":6.0,"key":"SMITH"},{"floor":11.0,"key":"REST"},{"floor":15.0,"key":"REST"},{"floor":23.0,"key":"REST"},{"data":"Loop","floor":25.0,"key":"SMITH"},{"data":"Darkness","floor":28.0,"key":"SMITH"},{"data":"Apotheosis","floor":32.0,"key":"SMITH"},{"floor":40,"key":"REST"},{"floor":42,"key":"REST"},{"floor":44,"key":"REST"},{"floor":49,"key":"REST"}],"neow_cost":"PERCENT_DAMAGE","seed_source_timestamp":0,"circlet_count":0,"master_deck":["AscendersBane","Strike_B+1","Strike_B+1","Defend_B+1","Defend_B+1","Defend_B+1","Dualcast+1","Darkness+1","Capacitor+1","Consume+1","Rebound+1","Conserve Battery+1","Darkness+1","Redo+1","Seek+1","Auto Shields+1","Seek+1","Redo+1","Loop+1","Self Repair+1","Stack+1","Loop+1","Apotheosis+1","All For One+1","Redo+1","Force Field+1","Hologram+1","Flash of Steel+1","Auto Shields+1","Normality"],"special_seed":0,"relics":["Cracked Core","Bag of Preparation","MawBank","Cursed Key","Orichalcum","Oddly Smooth Stone","Lee\u0027s Waffle","Fusion Hammer","Regal Pillow","Happy Flower","Gremlin Horn","Mark of the Bloom","Bronze Scales"],"potions_floor_usage":[45,50],"damage_taken":[{"damage":1.0,"enemies":"Cultist","floor":1.0,"turns":3.0},{"damage":8.0,"enemies":"Small Slimes","floor":3.0,"turns":4.0},{"damage":4.0,"enemies":"Jaw Worm","floor":4.0,"turns":3.0},{"damage":6.0,"enemies":"Looter","floor":5.0,"turns":4.0},{"damage":1.0,"enemies":"2 Fungi Beasts","floor":7.0,"turns":3.0},{"damage":4.0,"enemies":"3 Louse","floor":8.0,"turns":5.0},{"damage":18.0,"enemies":"Gremlin Gang","floor":12.0,"turns":4.0},{"damage":12.0,"enemies":"Exordium Wildlife","floor":13.0,"turns":3.0},{"damage":13.0,"enemies":"3 Sentries","floor":14.0,"turns":5.0},{"damage":17.0,"enemies":"Slime Boss","floor":16.0,"turns":8.0},{"damage":17.0,"enemies":"2 Thieves","floor":18.0,"turns":4.0},{"damage":19.0,"enemies":"Spheric Guardian","floor":20.0,"turns":4.0},{"damage":15.0,"enemies":"Cultist and Chosen","floor":29.0,"turns":6.0},{"damage":15.0,"enemies":"Automaton","floor":33.0,"turns":6.0},{"damage":5,"enemies":"Orb Walker","floor":35,"turns":4},{"damage":32,"enemies":"3 Darklings","floor":37,"turns":3},{"damage":46,"enemies":"Writhing Mass","floor":38,"turns":5},{"damage":0,"enemies":"Transient","floor":39,"turns":5},{"damage":38,"enemies":"Giant Head","floor":41,"turns":6},{"damage":14,"enemies":"Nemesis","floor":46,"turns":5},{"damage":80,"enemies":"Awakened One","floor":50,"turns":8}],"seed_played":"-1160905955463115562","potions_obtained":[{"floor":3.0,"key":"FearPotion"},{"floor":4.0,"key":"Block Potion"},{"floor":5.0,"key":"SkillPotion"},{"floor":8.0,"key":"Fruit Juice"},{"floor":13.0,"key":"Weak Potion"},{"floor":29.0,"key":"Ancient Potion"},{"floor":38,"key":"SkillPotion"},{"floor":41,"key":"Fruit Juice"}],"is_trial":false,"path_per_floor":["M","$","M","M","M","R","M","M","T","?","R","M","M","E","R","B",null,"M","?","M","T","?","R","?","R","T","?","R","M","$","?","R","B",null,"M","?","M","M","M","R","E","R","T","R","$","E","?","T","R","B",null],"character_chosen":"DEFECT","items_purchased":["Loop","Lee\u0027s Waffle","Apotheosis","Flash of Steel"],"campfire_rested":7,"item_purchase_floors":[30,30,30,45],"current_hp_per_floor":[49,49,41,37,31,31,30,31,31,31,55,37,25,12,36,19,65,48,48,29,29,14,39,39,39,39,39,39,31,92,92,92,87,91,92,92,70,34,44,71,43,85,85,92,97,93,93,93,93,13],"gold":84,"neow_bonus":"TRANSFORM_TWO_CARDS","is_prod":false,"is_daily":false,"chose_seed":false,"campfire_upgraded":4,"win_rate":0,"timestamp":1541318933,"path_taken":["M","$","M","M","M","R","?","?","T","?","R","M","M","E","R","BOSS","M","?","M","?","?","R","?","R","T","?","R","M","$","?","R","BOSS","M","?","M","?","M","R","E","R","T","R","$","E","?","?","R","BOSS"],"build_version":"2018-11-01","purchased_purges":3,"victory":true,"max_hp_per_floor":[75,75,75,75,75,75,75,80,80,80,80,80,80,80,80,80,80,80,80,80,80,85,85,85,85,85,85,85,85,92,92,92,92,92,92,92,92,92,92,92,92,92,92,92,97,97,97,97,97,97],"card_choices":[{"not_picked":["Hologram","Streamline"],"picked":"Consume","floor":1.0},{"not_picked":["Scrape","Leap"],"picked":"Rebound","floor":3.0},{"not_picked":["Cold Snap","Barrage"],"picked":"Conserve Battery","floor":4.0},{"not_picked":["Undo","Sweeping Beam"],"picked":"Darkness","floor":5.0},{"not_picked":["Sweeping Beam","Coolheaded"],"picked":"Redo","floor":7.0},{"not_picked":["Beam Cell","Streamline"],"picked":"Seek","floor":8.0},{"not_picked":["Steam","Double Energy","Chaos"],"picked":"SKIP","floor":12.0},{"not_picked":["Conserve Battery","Coolheaded"],"picked":"Auto Shields","floor":13.0},{"not_picked":["Meteor Strike","Heatsinks","Sunder"],"picked":"SKIP","floor":14.0},{"not_picked":["Reboot","Hyperbeam"],"picked":"Seek","floor":16.0},{"not_picked":["Double Energy","Reinforced Body"],"picked":"Redo+1","floor":18.0},{"not_picked":["Auto Shields","Reinforced Body"],"picked":"Self Repair","floor":20.0},{"not_picked":["Tempest","Coolheaded"],"picked":"Stack","floor":29.0},{"not_picked":["Core Surge","Echo Form"],"picked":"All For One","floor":33.0},{"not_picked":["Barrage","Rebound"],"picked":"Redo","floor":35},{"not_picked":["Conserve Battery","Turbo"],"picked":"Force Field+1","floor":37},{"not_picked":["Undo+1","Leap"],"picked":"Hologram","floor":38},{"not_picked":["Compile Driver","Electrodynamics","Cold Snap"],"picked":"SKIP","floor":39},{"not_picked":["Compile Driver","Cold Snap","Conserve Battery"],"picked":"SKIP","floor":41},{"not_picked":["Go for the Eyes+1","Cold Snap+1"],"picked":"Auto Shields+1","floor":46}],"player_experience":930745,"relics_obtained":[{"floor":9.0,"key":"Bag of Preparation"},{"floor":14.0,"key":"MawBank"},{"floor":21.0,"key":"Orichalcum"},{"floor":26.0,"key":"Oddly Smooth Stone"},{"floor":41,"key":"Regal Pillow"},{"floor":43,"key":"Happy Flower"},{"floor":46,"key":"Gremlin Horn"},{"floor":48,"key":"Bronze Scales"}],"event_choices":[{"cards_removed":["Strike_B"],"damage_healed":0.0,"max_hp_gain":0.0,"max_hp_loss":0.0,"gold_gain":0.0,"event_name":"Living Wall","player_choice":"Forget","floor":10.0,"gold_loss":0.0,"damage_taken":0.0},{"damage_healed":0.0,"max_hp_gain":0.0,"max_hp_loss":0.0,"gold_gain":0.0,"event_name":"The Library","player_choice":"Read","floor":19.0,"gold_loss":0.0,"damage_taken":0.0,"cards_obtained":["Loop"]},{"damage_healed":0.0,"max_hp_gain":5.0,"max_hp_loss":0.0,"gold_gain":0.0,"event_name":"Forgotten Altar","player_choice":"Shed Blood","floor":22.0,"gold_loss":0.0,"damage_taken":20.0},{"damage_healed":0.0,"max_hp_gain":0.0,"max_hp_loss":0.0,"gold_gain":0.0,"event_name":"Vampires","player_choice":"Ignored","floor":24.0,"gold_loss":0.0,"damage_taken":0.0},{"cards_removed":["Normality"],"damage_healed":0.0,"max_hp_gain":0.0,"max_hp_loss":0.0,"gold_gain":0.0,"event_name":"Back to Basics","player_choice":"Elegance","floor":27.0,"gold_loss":0.0,"damage_taken":0.0},{"damage_healed":0,"gold_gain":0,"player_choice":"Ignored","damage_taken":0,"max_hp_gain":0,"max_hp_loss":0,"event_name":"SecretPortal","floor":36,"gold_loss":0},{"damage_healed":0,"gold_gain":0,"player_choice":"Upgrade","damage_taken":0,"relics_obtained":["Mark of the Bloom"],"max_hp_gain":0,"max_hp_loss":0,"event_name":"MindBloom","floor":47,"gold_loss":0,"cards_upgraded":["Strike_B","Strike_B","Defend_B","Defend_B","Defend_B","Dualcast","Capacitor","Consume","Rebound","Conserve Battery","Redo","Seek","Auto Shields","Seek","Self Repair","Stack","Loop","All For One","Redo","Hologram","Flash of Steel"]}],"is_beta":false,"boss_relics":[{"not_picked":["Lizard Tail","Eternal Feather"],"picked":"Cursed Key"},{"not_picked":["Inserter","Pandora\u0027s Box"],"picked":"Fusion Hammer"}],"items_purged_floors":[2,30,45],"is_endless":false,"potions_floor_spawned":[3,4,5,8,13,16,29,38,41],"ascension_level":13}