{"gold_per_floor":[213,230,32,46,11,38,38,64,64,139,171,171,182,195,195,274,274,292,141,141,153,171,203,203,232,232,260,274,274,274,22,22,99,99,113,130,147,147,166,166,199,199,199,229,329,346,373,392,392,392,392],"floor_reached":52,"playtime":5393,"items_purged":["Strike_B","Strike_B"],"score":2340,"play_id":"89f8fcf0-da27-44b9-9b45-a80c20ffbb87","local_time":"20190810151938","is_ascension_mode":true,"campfire_choices":[{"data":"White Noise","floor":7.0,"key":"SMITH"},{"data":"Rip and Tear","floor":12.0,"key":"SMITH"},{"data":"Leap","floor":15.0,"key":"SMITH"},{"data":"White Noise","floor":24.0,"key":"SMITH"},{"data":"Leap","floor":29.0,"key":"SMITH"},{"data":"Dualcast","floor":32.0,"key":"SMITH"},{"data":"Steam Power","floor":40,"key":"SMITH"},{"data":"Ghostly","floor":42,"key":"SMITH"},{"data":"Ghostly","floor":49,"key":"SMITH"}],"neow_cost":"NONE","seed_source_timestamp":1004771062530323,"circlet_count":0,"master_deck":["AscendersBane","Strike_B+1","Strike_B","Defend_B","Defend_B","Defend_B","Defend_B+1","Zap+1","Dualcast+1","Compile Driver+1","White Noise+1","Rip and Tear+1","Ball Lightning","Cold Snap","Leap+1","Self Repair+1","Conserve Battery","Electrodynamics+1","Tempest+1","Electrodynamics+1","White Noise+1","Leap+1","White Noise+1","Loop+1","Hologram+1","Ghostly+1","Ghostly+1","Ghostly","Defragment+1","Reboot","Echo Form+1","White Noise+1","Machine Learning+1","Auto Shields","Defragment+1","Steam Power+1","Capacitor+1","Undo+1","Conserve Battery+1","Undo+1","BootSequence","Echo Form+1"],"special_seed":0,"relics":["Cracked Core","War Paint","Bag of Marbles","Pocketwatch","Frozen Egg 2","Black Star","Bag of Preparation","DataDisk","Boot","Omamori","Prayer Wheel","Letter Opener","Matryoshka","Sozu","Dodecahedron","Whetstone","Kunai","Meat on the Bone","Incense Burner","Art of War","Ginger","Unceasing Top","Darkstone Periapt"],"potions_floor_usage":[],"damage_taken":[{"damage":7.0,"enemies":"2 Louse","floor":1.0,"turns":4.0},{"damage":3.0,"enemies":"Small Slimes","floor":2.0,"turns":4.0},{"damage":2.0,"enemies":"Jaw Worm","floor":4.0,"turns":3.0},{"damage":6.0,"enemies":"Gremlin Nob","floor":6.0,"turns":3.0},{"damage":13.0,"enemies":"Lagavulin","floor":8.0,"turns":5.0},{"damage":23.0,"enemies":"Gremlin Nob","floor":11.0,"turns":4.0},{"damage":2.0,"enemies":"3 Louse","floor":13.0,"turns":2.0},{"damage":12.0,"enemies":"Gremlin Gang","floor":14.0,"turns":4.0},{"damage":1.0,"enemies":"The Guardian","floor":16.0,"turns":10.0},{"damage":16.0,"enemies":"Chosen","floor":18.0,"turns":5.0},{"damage":0.0,"enemies":"Spheric Guardian","floor":21.0,"turns":3.0},{"damage":4.0,"enemies":"Snecko","floor":22.0,"turns":4.0},{"damage":34.0,"enemies":"Slavers","floor":23.0,"turns":4.0},{"damage":0.0,"enemies":"Gremlin Leader","floor":25.0,"turns":4.0},{"damage":16.0,"enemies":"Book of Stabbing","floor":27.0,"turns":4.0},{"damage":0.0,"enemies":"3 Cultists","floor":28.0,"turns":2.0},{"damage":0.0,"enemies":"Champ","floor":33.0,"turns":9.0},{"damage":5.0,"enemies":"Orb Walker","floor":35.0,"turns":4.0},{"damage":0.0,"enemies":"3 Darklings","floor":36.0,"turns":1.0},{"damage":0,"enemies":"4 Shapes","floor":37,"turns":2},{"damage":25,"enemies":"Writhing Mass","floor":39,"turns":5},{"damage":0,"enemies":"Giant Head","floor":41,"turns":7},{"damage":2,"enemies":"Nemesis","floor":44,"turns":7},{"damage":0,"enemies":"Mind Bloom Boss Battle","floor":45,"turns":4},{"damage":1,"enemies":"Maw","floor":46,"turns":4},{"damage":0,"enemies":"Giant Head","floor":47,"turns":6},{"damage":0,"enemies":"Spire Growth","floor":48,"turns":3},{"damage":0,"enemies":"Awakened One","floor":50,"turns":8},{"damage":6,"enemies":"Donu and Deca","floor":51,"turns":7}],"seed_played":"508953672117988782","potions_obtained":[{"floor":4.0,"key":"SkillPotion"},{"floor":6.0,"key":"Regen Potion"},{"floor":16.0,"key":"Fire Potion"},{"floor":18.0,"key":"Strength Potion"},{"floor":28.0,"key":"PowerPotion"},{"floor":33.0,"key":"Fire Potion"}],"is_trial":false,"path_per_floor":["M","M","$","M","?","E","R","E","T","?","E","R","M","M","R","B",null,"M","$","?","M","M","E","R","E","T","E","M","R","?","$","R","B",null,"M","M","M","?","M","R","E","R","T","E","?","M","E","M","R","B","B",null],"character_chosen":"DEFECT","items_purchased":["War Paint","Rip and Tear","Electrodynamics+1","Defragment+1","Reboot"],"campfire_rested":0,"item_purchase_floors":[3,3,19,31,31],"current_hp_per_floor":[57,54,54,52,69,63,63,50,50,39,28,28,36,34,34,43,64,58,58,58,68,71,47,47,57,57,51,51,51,35,35,35,35,35,35,35,35,35,20,20,30,30,30,35,35,35,35,35,35,35,35],"gold":392,"neow_bonus":"HUNDRED_GOLD","is_prod":false,"is_daily":false,"chose_seed":false,"campfire_upgraded":9,"win_rate":0,"timestamp":1565464778,"path_taken":["M","M","$","M","?","E","R","E","T","?","E","R","M","M","R","BOSS","M","$","?","M","M","E","R","E","T","E","M","R","?","?","R","BOSS","M","M","M","?","?","R","E","R","T","E","?","M","E","M","R","BOSS","BOSS"],"build_version":"2019-07-17","purchased_purges":2,"victory":true,"max_hp_per_floor":[71,71,71,71,71,71,71,71,71,71,71,71,71,71,71,71,71,71,71,71,71,71,71,71,71,71,71,71,71,35,35,35,35,35,35,35,35,35,35,35,35,35,35,35,35,35,35,35,35,35,35],"card_choices":[{"not_picked":["Coolheaded","Fusion"],"picked":"Compile Driver","floor":1.0},{"not_picked":["Skim","Rebound"],"picked":"White Noise","floor":2.0},{"not_picked":["Chaos","Steam"],"picked":"Ball Lightning","floor":4.0},{"not_picked":["Rebound","Conserve Battery"],"picked":"Cold Snap","floor":6.0},{"not_picked":["Beam Cell","Redo"],"picked":"Leap","floor":8.0},{"not_picked":["Compile Driver","Force Field"],"picked":"Self Repair","floor":11.0},{"not_picked":["Multi-Cast","Stack"],"picked":"Conserve Battery","floor":13.0},{"not_picked":["Sweeping Beam","Hologram","Fusion"],"picked":"SKIP","floor":14.0},{"not_picked":["Meteor Strike","Multi-Cast"],"picked":"Electrodynamics+1","floor":16.0},{"not_picked":["Reprogram","Steam+1"],"picked":"Tempest+1","floor":18.0},{"not_picked":["Cold Snap","Scrape"],"picked":"Leap","floor":21.0},{"not_picked":["Streamline","Rebound","Aggregate"],"picked":"SKIP","floor":22.0},{"not_picked":["Storm+1","Darkness","Scrape"],"picked":"SKIP","floor":23.0},{"not_picked":["Storm+1","Darkness","Scrape"],"picked":"SKIP","floor":23.0},{"not_picked":["Redo","Recycle"],"picked":"White Noise+1","floor":25.0},{"not_picked":["Sweeping Beam+1","Redo","Rebound"],"picked":"SKIP","floor":27.0},{"not_picked":["Double Energy","Go for the Eyes"],"picked":"Loop+1","floor":28.0},{"not_picked":["Consume+1","Ball Lightning"],"picked":"Hologram+1","floor":28.0},{"not_picked":["Fission","Machine Learning+1"],"picked":"Echo Form+1","floor":33.0},{"not_picked":["Beam Cell+1","Heatsinks+1"],"picked":"White Noise","floor":35.0},{"not_picked":["Gash+1","Compile Driver+1","Streamline"],"picked":"SKIP","floor":35.0},{"not_picked":["Doom and Gloom","Leap"],"picked":"Machine Learning+1","floor":36},{"not_picked":["Rebound+1","Compile Driver","Streamline+1"],"picked":"SKIP","floor":36},{"not_picked":["Conserve Battery","Steam+1"],"picked":"Auto Shields","floor":37},{"not_picked":["Gash","Beam Cell","Sweeping Beam"],"picked":"SKIP","floor":37},{"not_picked":["Force Field","Stack"],"picked":"Defragment+1","floor":39},{"not_picked":["Turbo","Sunder"],"picked":"Steam Power","floor":39},{"not_picked":["Recycle","Darkness"],"picked":"Capacitor+1","floor":41},{"not_picked":["White Noise","Sweeping Beam+1"],"picked":"Undo+1","floor":44},{"not_picked":["Sweeping Beam","Melter"],"picked":"Conserve Battery+1","floor":45},{"not_picked":["Reprogram","Redo"],"picked":"Undo+1","floor":46},{"not_picked":["Sweeping Beam","Stack","Gash"],"picked":"SKIP","floor":46},{"not_picked":["Steam","Ball Lightning","Cold Snap"],"picked":"SKIP","floor":47},{"not_picked":["Doom and Gloom","Barrage"],"picked":"BootSequence","floor":48},{"not_picked":["Leap+1","Go for the Eyes+1"],"picked":"Echo Form+1","floor":48}],"player_experience":448014,"relics_obtained":[{"floor":6.0,"key":"Bag of Marbles"},{"floor":8.0,"key":"Pocketwatch"},{"floor":11.0,"key":"Frozen Egg 2"},{"floor":23.0,"key":"Bag of Preparation"},{"floor":23.0,"key":"DataDisk"},{"floor":25.0,"key":"Boot"},{"floor":25.0,"key":"Omamori"},{"floor":26.0,"key":"Prayer Wheel"},{"floor":27.0,"key":"Letter Opener"},{"floor":27.0,"key":"Matryoshka"},{"floor":41,"key":"Dodecahedron"},{"floor":41,"key":"Whetstone"},{"floor":43,"key":"Kunai"},{"floor":43,"key":"Meat on the Bone"},{"floor":44,"key":"Incense Burner"},{"floor":44,"key":"Art of War"},{"floor":45,"key":"Ginger"},{"floor":47,"key":"Unceasing Top"},{"floor":47,"key":"Darkstone Periapt"}],"event_choices":[{"damage_healed":17.0,"max_hp_gain":0.0,"max_hp_loss":0.0,"gold_gain":0.0,"event_name":"The Cleric","player_choice":"Healed","floor":5.0,"gold_loss":35.0,"damage_taken":0.0},{"damage_healed":0.0,"max_hp_gain":0.0,"max_hp_loss":0.0,"gold_gain":75.0,"event_name":"World of Goop","player_choice":"Gather Gold","floor":10.0,"gold_loss":0.0,"damage_taken":11.0},{"damage_healed":0.0,"max_hp_gain":0.0,"max_hp_loss":0.0,"gold_gain":0.0,"event_name":"The Library","player_choice":"Read","floor":20.0,"gold_loss":0.0,"damage_taken":0.0,"cards_obtained":["White Noise"]},{"damage_healed":0.0,"max_hp_gain":0.0,"max_hp_loss":36.0,"gold_gain":0.0,"event_name":"Ghosts","player_choice":"Became a Ghost","floor":30.0,"gold_loss":0.0,"damage_taken":0.0,"cards_obtained":["Ghostly","Ghostly","Ghostly"]},{"damage_healed":0,"gold_gain":0,"player_choice":"Upgraded","damage_taken":0,"max_hp_gain":0,"max_hp_loss":0,"event_name":"Upgrade Shrine","floor":38,"gold_loss":0,"cards_upgraded":["White Noise"]},{"damage_healed":0,"gold_gain":0,"player_choice":"Fight","damage_taken":0,"max_hp_gain":0,"max_hp_loss":0,"event_name":"MindBloom","floor":45,"gold_loss":0}],"is_beta":false,"boss_relics":[{"not_picked":["FrozenCore","Ectoplasm"],"picked":"Black Star"},{"not_picked":["Coffee Dripper","Pandora\u0027s Box"],"picked":"Sozu"}],"items_purged_floors":[19,31],"is_endless":false,"potions_floor_spawned":[4,6,16,18,25,28,33,36,37,44,48],"ascension_level":20}