{"gold_per_floor":[115,115,138,138,153,153,173,173,173,206,11,11,30,12,12,141,141,161,177,276,296,36,36,36,36,36,36,36,48,59,59,59,59],"floor_reached":33,"playtime":2244,"items_purged":["Strike_B"],"score":245,"play_id":"1f66a5b2-439e-4a84-9321-ba4c52a35ed8","local_time":"20190814110022","is_ascension_mode":false,"campfire_choices":[{"data":"Lockon","floor":6,"key":"SMITH"},{"data":"Gash","floor":8,"key":"SMITH"},{"data":"Creative AI","floor":12,"key":"SMITH"},{"data":"Go for the Eyes","floor":15,"key":"SMITH"},{"floor":23,"key":"REST"},{"data":"Redo","floor":28,"key":"SMITH"},{"floor":32,"key":"REST"}],"neow_cost":"NONE","seed_source_timestamp":622485602400,"circlet_count":0,"master_deck":["Strike_B","Strike_B","Strike_B","Defend_B","Defend_B","Defend_B","Defend_B","Zap","Dualcast","Ball Lightning","Redo+1","Lockon+1","Gash+1","Creative AI+1","Magnetism","Streamline","Barrage","Go for the Eyes+1","Seek","Self Repair+1","Turbo","Skim","Conserve Battery+1","BootSequence","Heatsinks+1"],"relics":["Cracked Core","Bloody Idol","The Courier","Darkstone Periapt","Question Card","Nuclear Battery","Mercury Hourglass","StoneCalendar","Frozen Egg 2"],"potions_floor_usage":[16,16,16,16,18,33],"damage_taken":[{"damage":1,"enemies":"Small Slimes","floor":1,"turns":3},{"damage":0,"enemies":"Cultist","floor":3,"turns":3},{"damage":6,"enemies":"Jaw Worm","floor":5,"turns":3},{"damage":8,"enemies":"3 Louse","floor":7,"turns":2},{"damage":16,"enemies":"Gremlin Nob","floor":10,"turns":3},{"damage":13,"enemies":"Large Slime","floor":13,"turns":4},{"damage":24,"enemies":"Hexaghost","floor":16,"turns":9},{"damage":46,"enemies":"3 Byrds","floor":18,"turns":5},{"damage":0,"enemies":"Chosen","floor":19,"turns":4},{"damage":24,"enemies":"Snecko","floor":21,"turns":5},{"damage":12,"enemies":"Snake Plant","floor":29,"turns":4},{"damage":29,"enemies":"Shelled Parasite and Fungi","floor":30,"turns":6},{"damage":61,"enemies":"Collector","floor":33,"turns":6}],"seed_played":"5239857338287760898","potions_obtained":[{"floor":1,"key":"Swift Potion"},{"floor":13,"key":"EntropicBrew"},{"floor":16,"key":"SpeedPotion"},{"floor":29,"key":"SpeedPotion"},{"floor":30,"key":"SkillPotion"}],"is_trial":false,"path_per_floor":["M","?","M","?","M","R","M","R","T","E","$","R","M","$","R","B",null,"M","M","?","M","$","R","?","?","T","?","R","M","M","?","R","B"],"character_chosen":"DEFECT","items_purchased":["Magnetism","Streamline","Go for the Eyes","Mercury Hourglass"],"campfire_rested":2,"item_purchase_floors":[11,11,14,22],"current_hp_per_floor":[81,76,76,76,70,70,62,62,62,46,46,46,33,33,33,9,76,30,37,37,20,20,42,42,42,42,42,42,45,31,31,53,0],"gold":59,"neow_bonus":"TEN_PERCENT_HP_BONUS","is_prod":false,"is_daily":false,"chose_seed":false,"campfire_upgraded":5,"win_rate":0.0,"timestamp":1565751622,"path_taken":["M","?","M","?","M","R","M","R","T","E","$","R","?","?","R","BOSS","M","M","?","M","$","R","?","?","T","?","R","M","?","?","R","BOSS"],"build_version":"2019-07-17","purchased_purges":1,"victory":false,"max_hp_per_floor":[82,76,76,76,76,76,76,76,76,76,76,76,76,76,76,76,76,76,76,76,76,76,76,76,76,76,76,76,76,76,76,76,76],"card_choices":[{"not_picked":["Defragment","Conserve Battery"],"picked":"Ball Lightning","floor":1},{"not_picked":["Blizzard","Gash"],"picked":"Redo","floor":3},{"not_picked":["Conserve Battery","Compile Driver"],"picked":"Lockon","floor":5},{"not_picked":["Compile Driver","Cold Snap"],"picked":"Gash","floor":7},{"not_picked":["Cold Snap","Beam Cell"],"picked":"Creative AI","floor":10},{"not_picked":["Hello World","Fusion","Chaos"],"picked":"Barrage","floor":13},{"not_picked":["Hyperbeam","Creative AI","Fission"],"picked":"Seek","floor":16},{"not_picked":["Leap","Defragment","Auto Shields"],"picked":"Self Repair","floor":18},{"not_picked":["Hologram+1","Sweeping Beam+1","Go for the Eyes"],"picked":"Turbo","floor":19},{"not_picked":["Redo+1","Rebound","Ball Lightning+1"],"picked":"Skim","floor":21},{"not_picked":["Steam","BootSequence+1","FTL"],"picked":"Conserve Battery+1","floor":29},{"not_picked":["Aggregate","White Noise","Beam Cell"],"picked":"BootSequence","floor":30}],"player_experience":115904,"relics_obtained":[{"floor":9,"key":"Darkstone Periapt"},{"floor":10,"key":"Question Card"},{"floor":26,"key":"Frozen Egg 2"}],"event_choices":[{"damage_healed":0,"gold_gain":0,"player_choice":"Lose Max HP","damage_taken":0,"relics_obtained":["Golden Idol"],"max_hp_gain":0,"max_hp_loss":6,"event_name":"Golden Idol","floor":2,"gold_loss":0},{"damage_healed":0,"gold_gain":0,"player_choice":"Gave Potion","damage_taken":0,"relics_obtained":["The Courier"],"max_hp_gain":0,"max_hp_loss":0,"event_name":"WeMeetAgain","floor":4,"gold_loss":0},{"damage_healed":0,"gold_gain":99,"player_choice":"Stole From Cult","damage_taken":0,"max_hp_gain":0,"max_hp_loss":0,"event_name":"Nest","floor":20,"gold_loss":0},{"damage_healed":0,"gold_gain":0,"player_choice":"Opened","damage_taken":0,"relics_obtained":["StoneCalendar"],"max_hp_gain":0,"max_hp_loss":0,"event_name":"The Mausoleum","floor":24,"gold_loss":0},{"damage_healed":0,"gold_gain":0,"player_choice":"Gave Idol","damage_taken":0,"relics_obtained":["Bloody Idol"],"max_hp_gain":0,"max_hp_loss":0,"event_name":"Forgotten Altar","floor":25,"relics_lost":["Golden Idol"],"gold_loss":0},{"damage_healed":0,"gold_gain":0,"player_choice":"Upgraded","damage_taken":0,"max_hp_gain":0,"max_hp_loss":0,"event_name":"Upgrade Shrine","floor":27,"gold_loss":0,"cards_upgraded":["Self Repair"]},{"damage_healed":0,"gold_gain":0,"player_choice":"Read","damage_taken":0,"max_hp_gain":0,"max_hp_loss":0,"event_name":"The Library","floor":31,"gold_loss":0,"cards_obtained":["Heatsinks"]}],"is_beta":false,"boss_relics":[{"not_picked":["White Beast Statue","Black Star"],"picked":"Nuclear Battery"}],"items_purged_floors":[22],"is_endless":false,"potions_floor_spawned":[1,13,16,29,30],"killed_by":"Collector","ascension_level":0}