{"gold_per_floor":[117,117,42,55,66,66,84,141,164,184,184,200,218,248,248,353,353,372,399,418,433,82,82,115,115,115,131,142,155,155,174,174,276,276,289,339,355,139,139,139,47,47,47,77,77,94,108,124,124,124],"floor_reached":50,"playtime":3566,"items_purged":["Strike_B","Defend_B","Pain"],"score":783,"play_id":"7d391c11-b932-404e-be75-063d9b422eb4","local_time":"20180901193913","is_ascension_mode":true,"campfire_choices":[{"data":"Go for the Eyes","floor":6,"key":"SMITH"},{"floor":11,"key":"REST"},{"data":"Beam Cell","floor":15,"key":"SMITH"},{"floor":23,"key":"REST"},{"data":"Strike_B","floor":25,"key":"SMITH"},{"floor":30,"key":"REST"},{"data":"Zap","floor":32,"key":"SMITH"},{"data":"Reboot","floor":40,"key":"SMITH"},{"data":"Turbo","floor":42,"key":"SMITH"},{"data":"FTL","floor":49,"key":"SMITH"}],"neow_cost":"TEN_PERCENT_HP_LOSS","seed_source_timestamp":467245070872802,"circlet_count":0,"master_deck":["Strike_B","Strike_B","Strike_B+1","Defend_B","Defend_B","Defend_B","Zap+1","Dualcast","All For One","Go for the Eyes+1","Gash","Beam Cell","Beam Cell+1","Rebound","All For One","Gash","Streamline+1","Streamline","Hologram+1","Gash","Turbo+1","Clumsy","Shame","FTL+1","Reboot+1","Flash of Steel","Steam","Turbo+1","Rebound","Turbo+1","Gash+1"],"relics":["Cracked Core","Tiny Chest","Regal Pillow","Bag of Preparation","Eternal Feather","Potion Belt","Shuriken","Centennial Puzzle","Cables","Calling Bell","Ginger","Anchor","Meat on the Bone","Calipers","Thread and Needle","The Courier","Darkstone Periapt"],"potions_floor_usage":[7,8,33,33,50,50],"damage_taken":[{"damage":10,"enemies":"Small Slimes","floor":1,"turns":2},{"damage":2,"enemies":"Jaw Worm","floor":4,"turns":3},{"damage":0,"enemies":"Cultist","floor":5,"turns":3},{"damage":12,"enemies":"Lots of Slimes","floor":7,"turns":3},{"damage":24,"enemies":"3 Sentries","floor":8,"turns":7},{"damage":1,"enemies":"3 Louse","floor":10,"turns":3},{"damage":0,"enemies":"Large Slime","floor":12,"turns":4},{"damage":3,"enemies":"Gremlin Gang","floor":13,"turns":4},{"damage":28,"enemies":"The Guardian","floor":16,"turns":8},{"damage":24,"enemies":"Spheric Guardian","floor":18,"turns":4},{"damage":5,"enemies":"3 Byrds","floor":20,"turns":3},{"damage":19,"enemies":"Cultist and Chosen","floor":21,"turns":6},{"damage":0,"enemies":"Gremlin Leader","floor":24,"turns":3},{"damage":24,"enemies":"Snake Plant","floor":27,"turns":2},{"damage":14,"enemies":"Centurion and Healer","floor":28,"turns":3},{"damage":20,"enemies":"Shelled Parasite and Fungi","floor":29,"turns":2},{"damage":12,"enemies":"Cultist and Chosen","floor":31,"turns":2},{"damage":41,"enemies":"Collector","floor":33,"turns":7},{"damage":16,"enemies":"3 Shapes","floor":35,"turns":5},{"damage":8,"enemies":"Mysterious Sphere","floor":36,"turns":2},{"damage":29,"enemies":"3 Darklings","floor":37,"turns":3},{"damage":0,"enemies":"Mind Bloom Boss Battle","floor":39,"turns":2},{"damage":6,"enemies":"Nemesis","floor":44,"turns":5},{"damage":14,"enemies":"Maw","floor":46,"turns":3},{"damage":3,"enemies":"Spire Growth","floor":47,"turns":3},{"damage":7,"enemies":"Sphere and 2 Shapes","floor":48,"turns":5},{"damage":71,"enemies":"Awakened One","floor":50,"turns":8}],"seed_played":"-4766507298564025835","potions_obtained":[{"floor":4,"key":"Swift Potion"},{"floor":5,"key":"Poison Potion"},{"floor":10,"key":"FearPotion"},{"floor":12,"key":"EssenceOfSteel"},{"floor":20,"key":"SpeedPotion"},{"floor":21,"key":"Strength Potion"},{"floor":28,"key":"FairyPotion"},{"floor":31,"key":"Block Potion"},{"floor":35,"key":"FocusPotion"},{"floor":39,"key":"SkillPotion"},{"floor":44,"key":"SteroidPotion"},{"floor":45,"key":"Strength Potion"},{"floor":45,"key":"EntropicBrew"}],"is_trial":false,"path_per_floor":["M","?","$","M","M","R","M","E","T","M","R","M","M","?","R","B",null,"M","T","M","M","$","R","E","R","T","M","M","M","R","M","R","B",null,"M","?","M","$","?","R","$","R","T","E","?","M","M","M","R"],"character_chosen":"DEFECT","items_purchased":["Shuriken","Flash of Steel","Turbo","Rebound"],"campfire_rested":3,"item_purchase_floors":[22,38,41,41],"current_hp_per_floor":[58,58,58,56,56,56,44,20,20,19,54,54,51,51,51,23,57,33,33,28,9,9,53,53,62,62,38,24,4,51,39,51,10,54,38,42,25,25,37,52,52,67,67,61,61,47,44,37,55,0],"gold":124,"neow_bonus":"THREE_RARE_CARDS","is_prod":false,"is_daily":false,"chose_seed":false,"campfire_upgraded":7,"win_rate":0,"timestamp":1535855953,"path_taken":["M","?","$","M","M","R","M","E","T","M","R","M","?","?","R","BOSS","M","?","?","M","$","R","E","R","T","?","M","M","R","M","R","BOSS","M","?","M","$","?","R","$","R","T","E","?","M","M","M","R","BOSS"],"build_version":"2018-08-30","purchased_purges":3,"victory":false,"max_hp_per_floor":[68,68,68,68,68,68,68,68,68,68,68,68,68,68,68,68,68,68,68,68,68,68,68,68,68,68,68,68,68,68,68,68,68,68,68,68,68,68,68,68,68,68,68,68,68,68,68,68,68,68],"card_choices":[{"not_picked":["Fission","Multi-Cast"],"picked":"All For One","floor":0},{"not_picked":["Redo","Self Repair"],"picked":"Go for the Eyes","floor":1},{"not_picked":["Conserve Battery","Auto Shields","Fusion"],"picked":"SKIP","floor":4},{"not_picked":["Beam Cell","Darkness"],"picked":"Gash","floor":5},{"not_picked":["Stack","Streamline"],"picked":"Beam Cell","floor":7},{"not_picked":["Redo","Genetic Algorithm"],"picked":"Beam Cell","floor":8},{"not_picked":["Consume","Fission","Sunder"],"picked":"SKIP","floor":10},{"not_picked":["Coolheaded","Stack"],"picked":"Rebound","floor":12},{"not_picked":["Coolheaded","Consume","Stack"],"picked":"SKIP","floor":13},{"not_picked":["Rainbow","Echo Form"],"picked":"All For One","floor":16},{"not_picked":["Leap+1","Redo","Darkness+1"],"picked":"SKIP","floor":18},{"not_picked":["Hello World","Redo"],"picked":"Gash","floor":20},{"not_picked":["White Noise+1","Stack"],"picked":"Streamline+1","floor":21},{"not_picked":["Lockon","Creative AI"],"picked":"Streamline","floor":24},{"not_picked":["Leap+1","Streamline"],"picked":"Hologram+1","floor":27},{"not_picked":["Tempest","Leap"],"picked":"Gash","floor":28},{"not_picked":["Reinforced Body+1","Conserve Battery","Cold Snap"],"picked":"SKIP","floor":29},{"not_picked":["Rainbow","Coolheaded"],"picked":"Turbo+1","floor":31},{"not_picked":["Sunder","Ball Lightning","Coolheaded"],"picked":"SKIP","floor":35},{"not_picked":["Leap","Streamline"],"picked":"FTL","floor":36},{"not_picked":["Ball Lightning","Cold Snap"],"picked":"Reboot","floor":37},{"not_picked":["Skim+1","Rebound"],"picked":"Steam","floor":39},{"not_picked":["Rebound+1","Genetic Algorithm+1","Aggregate+1"],"picked":"SKIP","floor":44},{"not_picked":["Redo","Conserve Battery"],"picked":"Turbo+1","floor":46},{"not_picked":["Barrage","Heatsinks"],"picked":"Gash+1","floor":47},{"not_picked":["Ball Lightning+1","Stack+1","Barrage+1"],"picked":"SKIP","floor":48}],"player_experience":748465,"relics_obtained":[{"floor":8,"key":"Tiny Chest"},{"floor":9,"key":"Regal Pillow"},{"floor":19,"key":"Potion Belt"},{"floor":24,"key":"Centennial Puzzle"},{"floor":26,"key":"Cables"},{"floor":34,"key":"Ginger"},{"floor":34,"key":"Anchor"},{"floor":34,"key":"Meat on the Bone"},{"floor":36,"key":"Calipers"},{"floor":39,"key":"Thread and Needle"},{"floor":43,"key":"The Courier"},{"floor":44,"key":"Darkstone Periapt"}],"event_choices":[{"event_name":"Golden Idol","player_choice":"Ignored","floor":2,"damage_taken":0},{"event_name":"Dead Adventurer","player_choice":"Searched \u00272\u0027 times","floor":14,"damage_taken":0},{"event_name":"Mysterious Sphere","player_choice":"Fight","floor":36,"damage_taken":0},{"event_name":"MindBloom","player_choice":"Fight","floor":39,"damage_taken":0},{"event_name":"The Lab","player_choice":"Got Potions","floor":45,"damage_taken":0}],"is_beta":false,"boss_relics":[{"not_picked":["Pandora\u0027s Box","Philosopher\u0027s Stone"],"picked":"Eternal Feather"},{"not_picked":["Runic Pyramid","Lizard Tail"],"picked":"Calling Bell"}],"items_purged_floors":[3,22,38],"is_endless":false,"potions_floor_spawned":[4,5,10,12,20,21,28,31,35,39,44,47],"killed_by":"Awakened One","ascension_level":9}