{"gold_per_floor":[99,99,24,24,24,24,0,0,0,0,0,0,0,0,0,0,0,0,0,0,0,0,0,0,0,0,0,0,0,0,0,0,0,0,0,0,0,0,0,0,0,0,0,0,0,0,0,0,0,0],"floor_reached":50,"playtime":7468,"items_purged":["Defend_G"],"score":642,"play_id":"e0b0dd7b-0b70-4a4e-bb43-0e1c232b3d6e","local_time":"20180721105755","is_ascension_mode":true,"campfire_choices":[{"data":"Acrobatics","floor":6,"key":"SMITH"},{"floor":11,"key":"REST"},{"data":"Concentrate","floor":15,"key":"SMITH"},{"data":"Acrobatics","floor":23,"key":"SMITH"},{"floor":25,"key":"REST"},{"data":"Reflex","floor":32,"key":"SMITH"},{"data":"Prepared","floor":40,"key":"SMITH"},{"floor":47,"key":"REST"},{"floor":49,"key":"REST"}],"neow_cost":"NONE","seed_source_timestamp":185908997260144,"circlet_count":0,"master_deck":["Defend_G","Defend_G","Defend_G","Defend_G","Strike_G","Strike_G","Strike_G","Strike_G+1","Strike_G","Survivor","Acrobatics+1","Dagger Throw+1","Acrobatics","Dagger Throw+1","All Out Attack+1","Concentrate+1","Terror","Venomology","Dagger Throw+1","Acrobatics+1","Prepared+1","Acrobatics+1","Reflex+1","Eviscerate+1","Writhe","Expertise+1","Reflex+1","Burst","Underhanded Strike+1","Bandage Up","Choke+1","Calculated Gamble","Acrobatics","Tactician+1"],"relics":["Ectoplasm","Girya","Molten Egg 2","Juzu Bracelet","Pantograph","Kunai","Orrery","Strawberry","Lantern","Dead Branch","Bottled Lightning","Meat on the Bone","Philosopher\u0027s Stone","Gambling Chip","Whetstone","Regal Pillow","Dream Catcher"],"potions_floor_usage":[2,10,18,19,19,20,24,27,27,27,33,35,36,41,44,50,50,50,50],"damage_taken":[{"damage":0,"enemies":"Small Slimes","floor":1,"turns":5},{"damage":1,"enemies":"Cultist","floor":2,"turns":3},{"damage":0,"enemies":"2 Louse","floor":5,"turns":2},{"damage":0,"enemies":"Looter","floor":7,"turns":3},{"damage":14,"enemies":"3 Sentries","floor":8,"turns":8},{"damage":27,"enemies":"Lagavulin","floor":10,"turns":7},{"damage":3,"enemies":"3 Sentries","floor":12,"turns":4},{"damage":9,"enemies":"Gremlin Nob","floor":14,"turns":4},{"damage":20,"enemies":"Slime Boss","floor":16,"turns":8},{"damage":14,"enemies":"2 Thieves","floor":18,"turns":4},{"damage":18,"enemies":"Spheric Guardian","floor":19,"turns":4},{"damage":5,"enemies":"Snake Plant","floor":20,"turns":2},{"damage":38,"enemies":"Slavers","floor":24,"turns":5},{"damage":0,"enemies":"Book of Stabbing","floor":27,"turns":4},{"damage":1,"enemies":"Chosen and Byrds","floor":29,"turns":3},{"damage":12,"enemies":"3 Cultists","floor":30,"turns":3},{"damage":17,"enemies":"Snecko","floor":31,"turns":4},{"damage":45,"enemies":"Automaton","floor":33,"turns":8},{"damage":2,"enemies":"Orb Walker","floor":35,"turns":2},{"damage":0,"floor":36,"turns":3},{"damage":0,"enemies":"Nemesis","floor":41,"turns":1},{"damage":34,"enemies":"Flame Bruiser 1 Orb","floor":44,"turns":3},{"damage":29,"enemies":"3 Darklings","floor":46,"turns":5},{"damage":57,"enemies":"Maw","floor":48,"turns":5},{"damage":104,"enemies":"Awakened One","floor":50,"turns":6}],"seed_played":"-8751592292058897920","potions_obtained":[{"floor":1,"key":"AttackPotion"},{"floor":8,"key":"SkillPotion"},{"floor":10,"key":"Block Potion"},{"floor":14,"key":"PowerPotion"},{"floor":18,"key":"SneckoOil"},{"floor":19,"key":"EssenceOfSteel"},{"floor":24,"key":"Weak Potion"},{"floor":33,"key":"AttackPotion"}],"is_trial":false,"path_per_floor":["M","M","$","?","M","R","M","E","T","E","R","E","?","E","R","B",null,"M","M","M","?","?","R","E","R","T","E","T","M","M","M","R","B",null,"M","?","?","T","?","R","E","$","T","M","$","M","R","M","R"],"character_chosen":"THE_SILENT","items_purchased":[],"campfire_rested":4,"item_purchase_floors":[],"current_hp_per_floor":[70,69,69,69,69,69,69,55,55,28,49,46,46,37,37,42,70,56,38,33,33,40,40,2,25,25,34,34,45,45,40,40,32,77,75,75,75,75,75,75,75,75,75,41,41,28,66,25,63,0],"gold":0,"neow_bonus":"BOSS_RELIC","is_prod":false,"is_daily":false,"chose_seed":false,"campfire_upgraded":5,"win_rate":0,"timestamp":1532195875,"path_taken":["M","M","$","?","M","R","?","E","T","E","R","E","?","E","R","BOSS","M","M","M","?","?","R","E","R","T","E","?","M","M","M","R","BOSS","M","?","?","?","?","R","E","$","T","M","?","M","R","M","R","BOSS"],"build_version":"2018-07-19v2","purchased_purges":1,"victory":false,"max_hp_per_floor":[70,70,70,70,70,70,70,70,70,70,70,70,70,70,70,70,70,70,70,70,70,77,77,77,77,77,77,77,77,77,77,77,77,77,77,77,77,77,77,77,77,77,77,77,77,77,77,77,77,77],"card_choices":[{"not_picked":["Predator","Deflect"],"picked":"Acrobatics","floor":1},{"not_picked":["Dagger Spray","Bane"],"picked":"Dagger Throw","floor":2},{"not_picked":["Sucker Punch","Accuracy","Backflip"],"picked":"SKIP","floor":5},{"not_picked":["Cloak And Dagger","Deflect"],"picked":"Acrobatics","floor":7},{"not_picked":["Backstab","Blur"],"picked":"Dagger Throw","floor":8},{"not_picked":["A Thousand Cuts","Escape Plan"],"picked":"All Out Attack+1","floor":10},{"not_picked":["Dodge and Roll","Acrobatics"],"picked":"Concentrate","floor":12},{"not_picked":["Cloak And Dagger","Wraith Form v2"],"picked":"Terror","floor":14},{"not_picked":["Phantasmal Killer","Envenom"],"picked":"Venomology","floor":16},{"not_picked":["Noxious Fumes","Setup"],"picked":"Dagger Throw+1","floor":17},{"not_picked":["Bane+1","Leg Sweep"],"picked":"Acrobatics","floor":17},{"not_picked":["Sucker Punch+1","Flying Knee+1"],"picked":"Prepared","floor":17},{"not_picked":["Dash+1","Endless Agony+1"],"picked":"Acrobatics","floor":17},{"not_picked":["Quick Slash+1","Night Terror"],"picked":"Reflex+1","floor":18},{"not_picked":["Bane+1","Quick Slash+1"],"picked":"Eviscerate+1","floor":19},{"not_picked":["Sucker Punch+1","Bane+1","Riddle With Holes+1"],"picked":"SKIP","floor":20},{"not_picked":["Outmaneuver","Predator+1"],"picked":"Expertise+1","floor":24},{"not_picked":["Choke+1","Predator+1"],"picked":"Reflex","floor":27},{"not_picked":["Dodge and Roll","Deflect","Blur"],"picked":"SKIP","floor":29},{"not_picked":["Cloak And Dagger+1","Skewer+1","Poisoned Stab+1"],"picked":"SKIP","floor":30},{"not_picked":["Backflip","Catalyst+1","Escape Plan+1"],"picked":"SKIP","floor":31},{"not_picked":["Glass Knife+1","After Image"],"picked":"Burst","floor":33},{"not_picked":["Deflect","Escape Plan","Deadly Poison"],"picked":"SKIP","floor":35},{"not_picked":["Dagger Throw+1","Catalyst"],"picked":"Underhanded Strike+1","floor":36},{"not_picked":["Panacea","Blind"],"picked":"Bandage Up","floor":39},{"not_picked":["Quick Slash+1","Outmaneuver+1","Dash+1"],"picked":"SKIP","floor":41},{"not_picked":["Footwork","Backstab+1"],"picked":"Choke+1","floor":44},{"not_picked":["Outmaneuver+1","Bane+1"],"picked":"Calculated Gamble","floor":46},{"not_picked":["Slice+1","Accuracy"],"picked":"Acrobatics","floor":48},{"not_picked":["Deadly Poison","Terror"],"picked":"Tactician+1","floor":49}],"player_experience":511469,"relics_obtained":[{"floor":8,"key":"Girya"},{"floor":9,"key":"Molten Egg 2"},{"floor":10,"key":"Juzu Bracelet"},{"floor":12,"key":"Pantograph"},{"floor":14,"key":"Kunai"},{"floor":24,"key":"Lantern"},{"floor":26,"key":"Dead Branch"},{"floor":27,"key":"Bottled Lightning"},{"floor":28,"key":"Meat on the Bone"},{"floor":36,"key":"Gambling Chip"},{"floor":38,"key":"Whetstone"},{"floor":41,"key":"Regal Pillow"},{"floor":43,"key":"Dream Catcher"}],"event_choices":[{"event_name":"Upgrade Shrine","player_choice":"Upgraded","floor":4,"damage_taken":0},{"event_name":"The Cleric","player_choice":"Leave","floor":13,"damage_taken":0},{"event_name":"Accursed Blacksmith","player_choice":"Forge","floor":21,"damage_taken":0},{"event_name":"The Mausoleum","player_choice":"Yes","floor":22,"damage_taken":0},{"event_name":"Mysterious Sphere","player_choice":"Fight","floor":36,"damage_taken":0},{"event_name":"Falling","player_choice":"Removed Attack","floor":37,"damage_taken":0},{"event_name":"SensoryStone","player_choice":"Memory 1","floor":39,"damage_taken":0}],"is_beta":false,"boss_relics":[{"not_picked":["Eternal Feather","Sozu"],"picked":"Orrery"},{"not_picked":["White Beast Statue","Velvet Choker"],"picked":"Philosopher\u0027s Stone"}],"items_purged_floors":[3],"is_endless":false,"potions_floor_spawned":[1,8,10,14,18,19,24,33,35,46,48],"killed_by":"Awakened One","ascension_level":1}