{"gold_per_floor":[117,117,137,147,46,79,79,109,109,109,124,140,140,166,166,166],"floor_reached":16,"playtime":1177,"items_purged":["Defend_B"],"score":371,"play_id":"0e14f0cd-d9bb-4a51-99ed-fb66e8c0ec9f","local_time":"20190502235857","is_ascension_mode":true,"campfire_choices":[{"floor":7,"key":"REST"},{"data":"Hyperbeam","floor":10,"key":"SMITH"},{"floor":13,"key":"REST"},{"floor":15,"key":"REST"}],"neow_cost":"NONE","seed_source_timestamp":156366772830892,"circlet_count":0,"master_deck":["AscendersBane","Strike_B","Strike_B","Strike_B","Defend_B","Defend_B","Defend_B","Zap","Dualcast","Hyperbeam+1","Steam Power","FTL","Beam Cell","Genetic Algorithm","Gash","Gash","Rebound","Turbo"],"relics":["Cracked Core","Frozen Egg 2","DataDisk","Mercury Hourglass","Molten Egg 2"],"potions_floor_usage":[6,14,16,16],"damage_taken":[{"damage":2,"enemies":"Jaw Worm","floor":1,"turns":2},{"damage":6,"enemies":"Cultist","floor":3,"turns":4},{"damage":0,"enemies":"2 Louse","floor":4,"turns":1},{"damage":25,"enemies":"Lagavulin","floor":6,"turns":4},{"damage":32,"enemies":"Gremlin Nob","floor":8,"turns":4},{"damage":0,"enemies":"Looter","floor":11,"turns":1},{"damage":12,"enemies":"Exordium Wildlife","floor":12,"turns":3},{"damage":0,"enemies":"Lagavulin","floor":14,"turns":3}],"seed_played":"-2806864021271526687","potions_obtained":[{"floor":1,"key":"Explosive Potion"},{"floor":3,"key":"Swift Potion"},{"floor":12,"key":"PowerPotion"},{"floor":14,"key":"Poison Potion"}],"is_trial":false,"path_per_floor":["M","?","M","M","$","E","R","E","T","R","M","M","R","E","R","B"],"character_chosen":"DEFECT","items_purchased":["Beam Cell"],"campfire_rested":3,"item_purchase_floors":[5],"current_hp_per_floor":[62,55,49,49,49,24,45,13,13,13,13,1,22,22,43,0],"gold":166,"neow_bonus":"ONE_RANDOM_RARE_CARD","is_prod":false,"is_daily":false,"chose_seed":false,"campfire_upgraded":1,"win_rate":0,"timestamp":1556866737,"path_taken":["M","?","M","M","$","E","R","E","T","R","M","M","R","E","R","BOSS"],"build_version":"2019-01-23","purchased_purges":1,"victory":false,"max_hp_per_floor":[71,71,71,71,71,71,71,71,71,71,71,71,71,71,71,71],"card_choices":[{"not_picked":["Melter","Reinforced Body"],"picked":"Steam Power","floor":1},{"not_picked":["Sweeping Beam","Barrage"],"picked":"FTL","floor":3},{"not_picked":["Stack","Ball Lightning","Defragment"],"picked":"SKIP","floor":4},{"not_picked":["Conserve Battery","Coolheaded"],"picked":"Genetic Algorithm","floor":6},{"not_picked":["Echo Form+1","Cold Snap"],"picked":"Gash","floor":8},{"not_picked":["Coolheaded","White Noise"],"picked":"Gash","floor":11},{"not_picked":["Turbo","Stack"],"picked":"Rebound","floor":12},{"not_picked":["Sweeping Beam","Barrage"],"picked":"Turbo","floor":14}],"player_experience":1323340,"relics_obtained":[{"floor":6,"key":"Frozen Egg 2"},{"floor":8,"key":"DataDisk"},{"floor":9,"key":"Mercury Hourglass"},{"floor":14,"key":"Molten Egg 2"}],"event_choices":[{"cards_removed":["Strike_B"],"damage_healed":0,"gold_gain":0,"player_choice":"Card Removal","damage_taken":7,"max_hp_gain":0,"max_hp_loss":0,"event_name":"Golden Wing","floor":2,"gold_loss":0}],"is_beta":false,"boss_relics":[],"items_purged_floors":[5],"is_endless":false,"potions_floor_spawned":[1,3,12,14],"killed_by":"The Guardian","ascension_level":18}