{"gold_per_floor":[111,123,143,68,68,103,103,103,129,129,145,165,178,178,178,178],"floor_reached":16,"playtime":232,"items_purged":["Defend_B"],"score":102,"play_id":"fbbbfe9a-42f3-4212-aa3a-a406f7e6fb83","local_time":"20190425205103","is_ascension_mode":false,"campfire_choices":[{"data":"Beam Cell","floor":7,"key":"SMITH"},{"data":"Streamline","floor":10,"key":"SMITH"},{"floor":15,"key":"REST"}],"neow_cost":"NONE","seed_source_timestamp":1118176677725106,"circlet_count":0,"master_deck":["Strike_B","Strike_B","Strike_B","Strike_B","Defend_B","Defend_B","Defend_B","Zap+1","Dualcast","Ball Lightning+1","Compile Driver","Beam Cell+1","Streamline+1","Gash","Gash"],"relics":["Cracked Core","NeowsBlessing","Dodecahedron","Boot","Lantern"],"potions_floor_usage":[],"damage_taken":[{"damage":0,"enemies":"Cultist","floor":1,"turns":1},{"damage":0,"enemies":"2 Louse","floor":2,"turns":1},{"damage":0,"enemies":"Jaw Worm","floor":3,"turns":1},{"damage":25,"enemies":"Gremlin Nob","floor":6,"turns":4},{"damage":13,"enemies":"Lots of Slimes","floor":11,"turns":2},{"damage":8,"enemies":"Exordium Wildlife","floor":12,"turns":3},{"damage":6,"enemies":"3 Louse","floor":13,"turns":2},{"damage":0,"enemies":"Hexaghost","floor":16,"turns":1}],"seed_played":"7992796209539409786","potions_obtained":[{"floor":3,"key":"LiquidBronze"},{"floor":11,"key":"Swift Potion"},{"floor":12,"key":"FearPotion"}],"is_trial":false,"path_per_floor":["M","M","M","$","?","E","R","T","T","R","M","M","M","?","R","B"],"character_chosen":"DEFECT","items_purchased":[],"campfire_rested":1,"item_purchase_floors":[],"current_hp_per_floor":[75,75,75,75,75,50,50,50,50,50,37,29,23,8,30,30],"gold":178,"neow_bonus":"THREE_ENEMY_KILL","is_prod":false,"is_daily":false,"chose_seed":false,"campfire_upgraded":2,"win_rate":0,"timestamp":1556250663,"path_taken":["M","?","?","$","?","E","R","?","T","R","M","M","?","?","R","BOSS"],"build_version":"2019-01-23","purchased_purges":1,"victory":false,"max_hp_per_floor":[75,75,75,75,75,75,75,75,75,75,75,75,75,75,75,75],"card_choices":[{"not_picked":["Turbo","Double Energy"],"picked":"Ball Lightning","floor":1},{"not_picked":["Leap","Melter"],"picked":"Compile Driver","floor":2},{"not_picked":["Cold Snap","Coolheaded"],"picked":"Beam Cell","floor":3},{"not_picked":["Undo","Loop"],"picked":"Streamline","floor":6},{"not_picked":["Lockon","Steam"],"picked":"Gash","floor":11},{"not_picked":["Glacier","Defragment","Reprogram"],"picked":"SKIP","floor":12},{"not_picked":["Tempest","Chill"],"picked":"Gash","floor":13}],"player_experience":1302481,"relics_obtained":[{"floor":6,"key":"Dodecahedron"},{"floor":8,"key":"Boot"},{"floor":9,"key":"Lantern"}],"event_choices":[{"damage_healed":0,"gold_gain":0,"player_choice":"Ignored","damage_taken":0,"max_hp_gain":0,"max_hp_loss":0,"event_name":"Liars Game","floor":5,"gold_loss":0},{"damage_healed":0,"gold_gain":0,"player_choice":"Entered Light","damage_taken":15,"max_hp_gain":0,"max_hp_loss":0,"event_name":"Shining Light","floor":14,"gold_loss":0,"cards_upgraded":["Ball Lightning","Zap"]}],"is_beta":false,"boss_relics":[],"items_purged_floors":[4],"is_endless":false,"potions_floor_spawned":[3,11,12],"killed_by":"Hexaghost","ascension_level":0}