{"gold_per_floor":[110,2,77,77,77,109,109,109,134,149,149,187,187,187,187,187],"floor_reached":16,"playtime":557,"items_purged":["Defend_B"],"score":151,"play_id":"e90c3bda-e5c7-44d3-940d-783e7f8e57ef","local_time":"20180827124216","is_ascension_mode":true,"campfire_choices":[{"floor":8,"key":"REST"},{"data":"Seek","floor":13,"key":"SMITH"},{"floor":15,"key":"REST"}],"neow_cost":"NONE","seed_source_timestamp":0,"circlet_count":0,"master_deck":["Strike_B","Strike_B","Strike_B","Strike_B","Defend_B","Defend_B","Defend_B","Zap+1","Dualcast","Leap","Melter","Normality","Stack","Injury","Sweeping Beam+1","Seek+1","White Noise"],"special_seed":0,"relics":["Cracked Core","Juzu Bracelet","Bag of Marbles","Dodecahedron","Calipers","Golden Idol","Bronze Scales","Blue Candle"],"potions_floor_usage":[12,16],"damage_taken":[{"damage":7.0,"enemies":"2 Louse","floor":1.0,"turns":2.0},{"damage":26,"enemies":"Lagavulin","floor":6,"turns":6},{"damage":0,"enemies":"Cultist","floor":10,"turns":3},{"damage":24,"enemies":"3 Sentries","floor":12,"turns":6},{"damage":38,"enemies":"Slime Boss","floor":16,"turns":6}],"seed_played":"-4965868387204941853","potions_obtained":[{"floor":6,"key":"Poison Potion"},{"floor":12,"key":"SteroidPotion"}],"is_trial":false,"path_per_floor":["M","$","?","?","T","E","?","R","T","M","?","E","R","?","R"],"character_chosen":"DEFECT","items_purchased":["Melter"],"campfire_rested":2,"item_purchase_floors":[2],"current_hp_per_floor":[61,61,54,54,54,28,28,50,50,50,50,26,26,11,33,0],"gold":187,"neow_bonus":"RANDOM_COMMON_RELIC","is_prod":false,"is_daily":false,"chose_seed":false,"campfire_upgraded":1,"win_rate":0,"timestamp":1535398936,"path_taken":["M","$","?","?","?","E","?","R","T","M","?","E","R","?","R","BOSS"],"build_version":"2018-08-23v2","purchased_purges":1,"victory":false,"max_hp_per_floor":[75,75,75,75,75,75,75,75,75,75,75,75,75,75,75,75],"card_choices":[{"not_picked":["Steam","Skim"],"picked":"Leap","floor":1.0},{"not_picked":["Go for the Eyes","Recycle"],"picked":"Stack","floor":6},{"not_picked":["Streamline","Gash"],"picked":"Sweeping Beam","floor":10},{"not_picked":["Capacitor","Auto Shields"],"picked":"White Noise","floor":12}],"player_experience":722154,"relics_obtained":[{"floor":5,"key":"Dodecahedron"},{"floor":6,"key":"Calipers"},{"floor":9,"key":"Bronze Scales"},{"floor":12,"key":"Blue Candle"}],"event_choices":[{"event_name":"FaceTrader","player_choice":"Touch","floor":3,"damage_taken":0},{"event_name":"Accursed Blacksmith","player_choice":"Rummage","floor":4,"damage_taken":0},{"event_name":"Golden Idol","player_choice":"Take Wound","floor":7,"damage_taken":0},{"event_name":"Match and Keep!","player_choice":"1 cards matched","floor":11,"damage_taken":0},{"event_name":"Shining Light","player_choice":"Entered Light","floor":14,"damage_taken":0}],"is_beta":false,"boss_relics":[],"items_purged_floors":[2],"is_endless":false,"potions_floor_spawned":[6,12],"killed_by":"Slime Boss","ascension_level":9}