{"gold_per_floor":[20,31,31,43,43,43,70,70,70,70,80,99,99,119,119,119],"floor_reached":16,"playtime":830,"items_purged":[],"score":204,"play_id":"8330c627-736a-4737-a5b4-f3d50266aabc","local_time":"20190706114946","is_ascension_mode":true,"campfire_choices":[{"data":"Offering","floor":6,"key":"SMITH"},{"data":"Strike_R","floor":8,"key":"PURGE"},{"data":"Defend_R","floor":10,"key":"PURGE"},{"data":"Strike_R","floor":13,"key":"PURGE"},{"floor":15,"key":"REST"}],"neow_cost":"NO_GOLD","seed_source_timestamp":1022739862680731,"circlet_count":0,"master_deck":["AscendersBane","Strike_R","Strike_R","Defend_R","Defend_R","Defend_R","Bash","Wild Strike","Wild Strike","Offering+1","Shrug It Off","Burning Pact","True Grit","Shrug It Off"],"relics":["Burning Blood","Bird Faced Urn","Peace Pipe","Champion Belt"],"potions_floor_usage":[7,7,16],"damage_taken":[{"damage":4,"enemies":"Small Slimes","floor":1,"turns":5},{"damage":5,"enemies":"2 Louse","floor":2,"turns":3},{"damage":12,"enemies":"Jaw Worm","floor":4,"turns":2},{"damage":33,"enemies":"Lagavulin","floor":7,"turns":6},{"damage":17,"enemies":"Looter","floor":11,"turns":2},{"damage":6,"enemies":"Blue Slaver","floor":12,"turns":3},{"damage":11,"enemies":"Red Slaver","floor":14,"turns":2},{"damage":44,"enemies":"Hexaghost","floor":16,"turns":10}],"seed_played":"-4783428228737394334","potions_obtained":[{"floor":1,"key":"Block Potion"},{"floor":2,"key":"EssenceOfSteel"},{"floor":4,"key":"Fire Potion"},{"floor":14,"key":"SpeedPotion"}],"is_trial":false,"path_per_floor":["M","M","?","M","?","R","E","R","T","R","M","M","R","M","R","B"],"character_chosen":"IRONCLAD","items_purchased":[],"campfire_rested":1,"item_purchase_floors":[],"current_hp_per_floor":[70,71,71,65,65,65,38,38,38,38,27,27,27,22,44,0],"gold":119,"neow_bonus":"ONE_RARE_RELIC","is_prod":false,"is_daily":false,"chose_seed":false,"campfire_upgraded":1,"win_rate":0,"timestamp":1562438986,"path_taken":["M","M","?","M","?","R","E","R","T","R","M","M","R","M","R","BOSS"],"build_version":"2019-07-05","purchased_purges":0,"victory":false,"max_hp_per_floor":[75,75,75,75,75,75,75,75,75,75,75,75,75,75,75,75],"card_choices":[{"not_picked":["Disarm","Shockwave"],"picked":"Wild Strike","floor":1},{"not_picked":["Intimidate","Iron Wave"],"picked":"Wild Strike","floor":2},{"not_picked":["Burning Pact","Inflame"],"picked":"Shrug It Off","floor":4},{"not_picked":["Spot Weakness","Clothesline"],"picked":"Burning Pact","floor":7},{"not_picked":["Perfected Strike","Havoc","Flame Barrier"],"picked":"SKIP","floor":11},{"not_picked":["Dual Wield","Dropkick"],"picked":"True Grit","floor":12},{"not_picked":["Heavy Blade","Seeing Red"],"picked":"Shrug It Off","floor":14}],"player_experience":1423838,"relics_obtained":[{"floor":7,"key":"Peace Pipe"},{"floor":9,"key":"Champion Belt"}],"event_choices":[{"damage_healed":0,"gold_gain":0,"cards_transformed":["Strike_R"],"player_choice":"Change","damage_taken":0,"max_hp_gain":0,"max_hp_loss":0,"event_name":"Living Wall","floor":3,"gold_loss":0,"cards_obtained":["Offering"]},{"damage_healed":0,"gold_gain":0,"player_choice":"Ignored","damage_taken":0,"max_hp_gain":0,"max_hp_loss":0,"event_name":"Liars Game","floor":5,"gold_loss":0}],"is_beta":false,"boss_relics":[],"items_purged_floors":[],"is_endless":false,"potions_floor_spawned":[1,2,4,14],"killed_by":"Hexaghost","ascension_level":20}