{"gold_per_floor":[115,132,147,147,165,165,201,201,201,201,224,224,248,273,273,273],"floor_reached":16,"playtime":1251,"items_purged":[],"score":182,"play_id":"5be1839b-4b91-43ee-8944-a90786ea610d","local_time":"20181224230508","is_ascension_mode":true,"campfire_choices":[{"data":"Coolheaded","floor":6,"key":"SMITH"},{"data":"Defragment","floor":8,"key":"SMITH"},{"data":"Coolheaded","floor":10,"key":"SMITH"},{"floor":12,"key":"REST"},{"data":"Capacitor","floor":15,"key":"SMITH"}],"neow_cost":"NONE","seed_source_timestamp":626917313090335,"circlet_count":0,"master_deck":["AscendersBane","Strike_B","Strike_B","Strike_B","Strike_B","Defend_B","Defend_B","Defend_B","Defend_B","Zap","Dualcast","Chill","Heatsinks","Coolheaded+1","Injury","Coolheaded+1","Defragment+1","Chill","Glacier","Capacitor+1"],"relics":["Sozu","Golden Idol","Omamori","Vajra"],"potions_floor_usage":[],"damage_taken":[{"damage":0,"enemies":"2 Louse","floor":1,"turns":2},{"damage":3,"enemies":"Small Slimes","floor":2,"turns":4},{"damage":5,"enemies":"Jaw Worm","floor":3,"turns":3},{"damage":13,"enemies":"Large Slime","floor":5,"turns":8},{"damage":14,"enemies":"3 Sentries","floor":7,"turns":11},{"damage":8,"enemies":"Lots of Slimes","floor":11,"turns":6},{"damage":2,"enemies":"Red Slaver","floor":13,"turns":5},{"damage":0,"enemies":"2 Fungi Beasts","floor":14,"turns":4},{"damage":43,"enemies":"Hexaghost","floor":16,"turns":16}],"seed_played":"8198366122544654007","potions_obtained":[],"is_trial":false,"path_per_floor":["M","M","M","?","M","R","E","R","T","R","M","R","M","M","R","B"],"character_chosen":"DEFECT","items_purchased":[],"campfire_rested":1,"item_purchase_floors":[],"current_hp_per_floor":[64,61,56,56,43,43,29,29,29,29,21,42,40,40,40,0],"gold":273,"neow_bonus":"BOSS_RELIC","is_prod":false,"is_daily":false,"chose_seed":false,"campfire_upgraded":4,"win_rate":0,"timestamp":1545721508,"path_taken":["M","M","M","?","M","R","E","R","T","R","M","R","M","M","R","BOSS"],"build_version":"2018-12-20","purchased_purges":0,"victory":false,"max_hp_per_floor":[71,71,71,71,71,71,71,71,71,71,71,71,71,71,71,71],"card_choices":[{"not_picked":["Go for the Eyes","Compile Driver"],"picked":"Chill","floor":1},{"not_picked":["Steam","Ball Lightning"],"picked":"Heatsinks","floor":2},{"not_picked":["Conserve Battery","Hologram"],"picked":"Coolheaded","floor":3},{"not_picked":["Redo","Rebound"],"picked":"Coolheaded","floor":5},{"not_picked":["Stack","Fusion"],"picked":"Defragment","floor":7},{"not_picked":["Chaos","Stack"],"picked":"Chill","floor":11},{"not_picked":["Streamline","Go for the Eyes"],"picked":"Glacier","floor":13},{"not_picked":["Redo","Streamline"],"picked":"Capacitor","floor":14}],"player_experience":1065568,"relics_obtained":[{"floor":7,"key":"Omamori"},{"floor":9,"key":"Vajra"}],"event_choices":[{"damage_healed":0,"gold_gain":0,"player_choice":"Take Wound","damage_taken":0,"relics_obtained":["Golden Idol"],"max_hp_gain":0,"max_hp_loss":0,"event_name":"Golden Idol","floor":4,"gold_loss":0,"cards_obtained":["Injury"]}],"is_beta":false,"boss_relics":[],"items_purged_floors":[],"is_endless":false,"potions_floor_spawned":[2,3,11],"killed_by":"Hexaghost","ascension_level":15}