{"gold_per_floor":[114,114,128,146,146,175,175,188,241,241,256,272,292,308,308,308],"floor_reached":16,"playtime":1044,"items_purged":[],"score":170,"play_id":"488c76ec-6f77-4241-954b-671574c3fbf2","local_time":"20181011002235","is_ascension_mode":true,"campfire_choices":[{"floor":7,"key":"REST"},{"floor":10,"key":"REST"},{"floor":15,"key":"REST"}],"neow_cost":"NONE","seed_source_timestamp":0,"circlet_count":0,"master_deck":["Strike_B","Strike_B","Strike_B","Strike_B","Defend_B","Defend_B","Defend_B","Zap","Dualcast","AscendersBane","Sweeping Beam","Gash","Reprogram","Reboot","Reprogram","Streamline","Turbo"],"special_seed":0,"relics":["Fusion Hammer","Blue Candle","Oddly Smooth Stone","Anchor"],"potions_floor_usage":[6,6,16,16],"damage_taken":[{"damage":1.0,"enemies":"2 Louse","floor":1.0,"turns":4.0},{"damage":7.0,"enemies":"Jaw Worm","floor":3.0,"turns":2.0},{"damage":4.0,"enemies":"Small Slimes","floor":4.0,"turns":3.0},{"damage":36,"enemies":"Gremlin Nob","floor":6,"turns":5},{"damage":31,"enemies":"Exordium Wildlife","floor":8,"turns":5},{"damage":4,"enemies":"Exordium Thugs","floor":11,"turns":4},{"damage":8,"enemies":"3 Louse","floor":12,"turns":3},{"damage":4,"enemies":"Blue Slaver","floor":13,"turns":3},{"damage":6,"enemies":"Lots of Slimes","floor":14,"turns":3},{"damage":37,"enemies":"Slime Boss","floor":16,"turns":7}],"seed_played":"3473439718704099474","potions_obtained":[{"floor":1.0,"key":"PowerPotion"},{"floor":4.0,"key":"Swift Potion"},{"floor":12,"key":"Weak Potion"},{"floor":14,"key":"SkillPotion"}],"is_trial":false,"path_per_floor":["M","?","M","M","T","E","R","M","T","R","M","M","M","M","R"],"character_chosen":"DEFECT","items_purchased":[],"campfire_rested":3,"item_purchase_floors":[],"current_hp_per_floor":[67,60,53,49,49,13,35,4,4,26,22,14,10,4,26,0],"gold":308,"neow_bonus":"BOSS_RELIC","is_prod":false,"is_daily":false,"chose_seed":false,"campfire_upgraded":0,"win_rate":0,"timestamp":1539242555,"path_taken":["M","?","?","?","?","E","R","?","T","R","?","M","M","M","R","BOSS"],"build_version":"2018-10-04v2","purchased_purges":0,"victory":false,"max_hp_per_floor":[75,75,75,75,75,75,75,75,75,75,75,75,75,75,75,75],"card_choices":[{"not_picked":["Conserve Battery","Beam Cell"],"picked":"Sweeping Beam","floor":1.0},{"not_picked":["Coolheaded","Sweeping Beam"],"picked":"Gash","floor":3.0},{"not_picked":["Cold Snap","Reinforced Body"],"picked":"Reprogram","floor":4.0},{"not_picked":["Leap","White Noise"],"picked":"Reboot","floor":6},{"not_picked":["Hello World","Static Discharge"],"picked":"Reprogram","floor":8},{"not_picked":["Chaos","Aggregate"],"picked":"Streamline","floor":11},{"not_picked":["Coolheaded","Hello World","Cold Snap"],"picked":"SKIP","floor":12},{"not_picked":["Redo","Leap","Conserve Battery"],"picked":"SKIP","floor":13},{"not_picked":["Chill","Ball Lightning"],"picked":"Turbo","floor":14}],"player_experience":871136,"relics_obtained":[{"floor":5.0,"key":"Blue Candle"},{"floor":6,"key":"Oddly Smooth Stone"},{"floor":9,"key":"Anchor"}],"event_choices":[{"event_name":"Golden Wing","player_choice":"Card Removal","floor":2.0,"damage_taken":0.0}],"is_beta":false,"boss_relics":[],"items_purged_floors":[],"is_endless":false,"potions_floor_spawned":[1,4,12,14],"killed_by":"Slime Boss","ascension_level":12}