{"gold_per_floor":[117,127,139,154,173,207,207,240,240,37,55,72,90,104,104,200,200,125],"floor_reached":18,"playtime":1309,"items_purged":[],"score":205,"play_id":"c026dbf3-b256-4b93-8e90-c795ad24e866","local_time":"20190303211308","is_ascension_mode":true,"campfire_choices":[{"data":"Perfected Strike","floor":7,"key":"SMITH"},{"floor":15,"key":"REST"}],"neow_cost":"PERCENT_DAMAGE","seed_source_timestamp":74396999201184,"circlet_count":0,"master_deck":["Strike_R","Strike_R","Strike_R","Strike_R","Strike_R","Defend_R","Defend_R","Defend_R","Defend_R","Bash","Pommel Strike","Wild Strike","Disarm","Clash","Perfected Strike+1","Sentinel","Shrug It Off","Spot Weakness","Shrug It Off","Heavy Blade","Exhume"],"relics":["Burning Blood","Ginger","Incense Burner","Dodecahedron","Bird Faced Urn","MealTicket","Mark of Pain"],"potions_floor_usage":[4,6,16,18],"damage_taken":[{"damage":1,"enemies":"Cultist","floor":1,"turns":3},{"damage":1,"enemies":"2 Louse","floor":2,"turns":2},{"damage":4,"enemies":"Jaw Worm","floor":3,"turns":4},{"damage":17,"enemies":"Exordium Thugs","floor":4,"turns":5},{"damage":4,"enemies":"2 Fungi Beasts","floor":5,"turns":3},{"damage":45,"enemies":"Lagavulin","floor":6,"turns":7},{"damage":14,"enemies":"Gremlin Nob","floor":8,"turns":3},{"damage":6,"enemies":"Blue Slaver","floor":11,"turns":3},{"damage":1,"enemies":"Looter","floor":12,"turns":3},{"damage":13,"enemies":"3 Louse","floor":13,"turns":3},{"damage":0,"enemies":"2 Fungi Beasts","floor":14,"turns":2},{"damage":32,"enemies":"Hexaghost","floor":16,"turns":10},{"damage":30,"enemies":"2 Thieves","floor":18,"turns":3}],"seed_played":"8078732720699028197","potions_obtained":[{"floor":3,"key":"SteroidPotion"},{"floor":5,"key":"BloodPotion"},{"floor":12,"key":"Ancient Potion"},{"floor":14,"key":"PowerPotion"},{"floor":16,"key":"Regen Potion"}],"is_trial":false,"path_per_floor":["M","M","M","M","M","E","R","E","T","$","M","M","M","M","R","B",null,"M"],"character_chosen":"IRONCLAD","items_purchased":["MealTicket"],"campfire_rested":1,"item_purchase_floors":[10],"current_hp_per_floor":[61,66,68,57,59,28,28,20,20,20,20,25,18,24,48,24,80,59],"gold":125,"neow_bonus":"ONE_RARE_RELIC","is_prod":false,"is_daily":false,"chose_seed":false,"campfire_upgraded":1,"win_rate":0,"timestamp":1551643988,"path_taken":["M","M","?","M","M","E","R","E","T","$","M","M","M","?","R","BOSS","M"],"build_version":"2019-02-06","purchased_purges":0,"victory":false,"max_hp_per_floor":[80,80,80,80,80,80,80,80,80,80,80,80,80,80,80,80,80,80],"card_choices":[{"not_picked":["Body Slam","Shockwave"],"picked":"Pommel Strike","floor":1},{"not_picked":["Heavy Blade","Clash"],"picked":"Wild Strike","floor":2},{"not_picked":["Thunderclap","Flex","Warcry"],"picked":"SKIP","floor":3},{"not_picked":["Intimidate","Anger"],"picked":"Disarm","floor":4},{"not_picked":["Clothesline","Sword Boomerang"],"picked":"Clash","floor":5},{"not_picked":["Twin Strike","Thunderclap"],"picked":"Perfected Strike","floor":6},{"not_picked":["Fiend Fire","Combust"],"picked":"Sentinel","floor":8},{"not_picked":["Combust","Clothesline"],"picked":"Shrug It Off","floor":11},{"not_picked":["Havoc","Iron Wave"],"picked":"Spot Weakness","floor":12},{"not_picked":["Body Slam","Ghostly Armor"],"picked":"Shrug It Off","floor":13},{"not_picked":["Clash","Clothesline"],"picked":"Heavy Blade","floor":14},{"not_picked":["Impervious","Bludgeon"],"picked":"Exhume","floor":16}],"player_experience":206732,"relics_obtained":[{"floor":6,"key":"Incense Burner"},{"floor":8,"key":"Dodecahedron"},{"floor":9,"key":"Bird Faced Urn"}],"event_choices":[],"is_beta":true,"boss_relics":[{"not_picked":["Cursed Key","Eternal Feather"],"picked":"Mark of Pain"}],"items_purged_floors":[],"is_endless":false,"potions_floor_spawned":[3,5,12,14,16],"killed_by":"2 Thieves","ascension_level":3}