{"gold_per_floor":[110,59,59,25,35,48,78,78,78,78,88,88,101,114,114,211,211,225,205,224,9,23,23,23],"floor_reached":24,"playtime":2768,"items_purged":["Bash"],"score":200,"play_id":"42189f85-7e7b-44f4-89ee-bfdd3e97f9df","local_time":"20190810093846","is_ascension_mode":false,"campfire_choices":[{"data":"Armaments","floor":8.0,"key":"SMITH"},{"data":"Armaments","floor":12.0,"key":"SMITH"},{"data":"Rage","floor":15.0,"key":"SMITH"},{"floor":23,"key":"REST"}],"neow_cost":"NONE","seed_source_timestamp":0,"circlet_count":0,"master_deck":["Strike_R","Strike_R","Strike_R+1","Strike_R","Strike_R","Defend_R","Defend_R+1","Defend_R","Defend_R","Iron Wave","Rage+1","Armaments+1","Inflame","Armaments+1","Flex","Hemokinesis","Dramatic Entrance","Berserk","Shrug It Off","Sever Soul","Entrench","Impervious","Sever Soul","True Grit+1","Anger+1","Body Slam","Shrug It Off","Armaments","Shrug It Off"],"special_seed":0,"relics":["Burning Blood","Charon\u0027s Ashes","Pantograph","Lizard Tail"],"potions_floor_usage":[19,20],"damage_taken":[{"damage":9.0,"enemies":"2 Louse","floor":1.0,"turns":3.0},{"damage":0.0,"enemies":"Cultist","floor":5.0,"turns":3.0},{"damage":0.0,"enemies":"Jaw Worm","floor":6.0,"turns":5.0},{"damage":9.0,"enemies":"3 Sentries","floor":7.0,"turns":11.0},{"damage":2.0,"enemies":"Blue Slaver","floor":11.0,"turns":4.0},{"damage":0.0,"enemies":"2 Fungi Beasts","floor":13.0,"turns":3.0},{"damage":3.0,"enemies":"Large Slime","floor":14.0,"turns":4.0},{"damage":35.0,"enemies":"Slime Boss","floor":16.0,"turns":10.0},{"damage":23,"enemies":"3 Byrds","floor":18,"turns":6},{"damage":12,"enemies":"2 Thieves","floor":19,"turns":4},{"damage":41,"enemies":"Centurion and Healer","floor":20,"turns":12},{"damage":39,"enemies":"Snake Plant","floor":22,"turns":9},{"damage":56,"enemies":"Cultist and Chosen","floor":24,"turns":6}],"seed_played":"-8400086693942627022","potions_obtained":[{"floor":1.0,"key":"GamblersBrew"},{"floor":7.0,"key":"Poison Potion"},{"floor":13.0,"key":"LiquidBronze"},{"floor":20,"key":"Swift Potion"}],"is_trial":false,"path_per_floor":["M","$","?","$","M","M","E","R","T","?","M","R","M","M","R","B",null,"M","M","M","$","M","R","M"],"character_chosen":"IRONCLAD","items_purchased":["Armaments","Inflame","Body Slam","Shrug It Off","Armaments"],"campfire_rested":1,"item_purchase_floors":[2,4,21,21,21],"current_hp_per_floor":[77,77,61,61,67,73,70,70,70,70,74,74,80,80,80,51,80,63,57,22,22,29,53,0],"gold":23,"neow_bonus":"THREE_CARDS","is_prod":false,"is_daily":false,"chose_seed":false,"campfire_upgraded":3,"win_rate":0.0,"timestamp":1565401126,"path_taken":["M","$","?","$","M","M","E","R","T","?","M","R","M","M","R","BOSS","M","M","?","$","M","R","M"],"build_version":"2019-07-17","purchased_purges":1,"victory":false,"max_hp_per_floor":[80,80,80,80,80,80,80,80,80,80,80,80,80,80,80,80,80,80,80,80,80,80,80,80],"card_choices":[{"not_picked":["Metallicize","Clothesline"],"picked":"Iron Wave","floor":0.0},{"not_picked":["Twin Strike","Intimidate"],"picked":"Rage","floor":1.0},{"not_picked":["Pommel Strike","Power Through"],"picked":"Armaments","floor":5.0},{"not_picked":["Power Through","Carnage"],"picked":"Flex","floor":6.0},{"not_picked":["Clash","Bludgeon"],"picked":"Hemokinesis","floor":7.0},{"not_picked":["Flex","Metallicize"],"picked":"Shrug It Off","floor":11.0},{"not_picked":["Cleave","Blood for Blood"],"picked":"Sever Soul","floor":13.0},{"not_picked":["Flex","Heavy Blade"],"picked":"Entrench","floor":14.0},{"not_picked":["Bludgeon","Berserk"],"picked":"Impervious","floor":16.0},{"not_picked":["Cleave","Burning Pact+1"],"picked":"Sever Soul","floor":18},{"not_picked":["Blood for Blood","Flex"],"picked":"True Grit+1","floor":19},{"not_picked":["Armaments","Pommel Strike+1"],"picked":"Anger+1","floor":20},{"not_picked":["Inflame","Combust"],"picked":"Shrug It Off","floor":22}],"player_experience":15869,"relics_obtained":[{"floor":7.0,"key":"Charon\u0027s Ashes"},{"floor":9.0,"key":"Pantograph"}],"event_choices":[{"damage_healed":0.0,"max_hp_gain":0.0,"max_hp_loss":0.0,"gold_gain":0.0,"event_name":"Shining Light","player_choice":"Entered Light","floor":3.0,"gold_loss":0.0,"damage_taken":16.0,"cards_upgraded":["Defend_R","Strike_R"]},{"damage_healed":0.0,"max_hp_gain":0.0,"max_hp_loss":0.0,"gold_gain":0.0,"event_name":"Match and Keep!","player_choice":"2 cards matched","floor":10.0,"gold_loss":0.0,"damage_taken":0.0,"cards_obtained":["Dramatic Entrance","Berserk"]}],"is_beta":false,"boss_relics":[{"not_picked":["White Beast Statue","Black Star"],"picked":"Lizard Tail"}],"items_purged_floors":[21],"is_endless":false,"potions_floor_spawned":[1,7,13,20],"killed_by":"Cultist and Chosen","ascension_level":0}