{"gold_per_floor":[110,35,35,35,35,35,46,46,46,81,101,116,134,144,144,243,243,256,271,271,286,301,332,332,361,433,433,157,172,92,106,106,208,208,227,244,258,133,143,143,172,190,190,190,203,203,1,20,20,20],"floor_reached":51,"playtime":3426,"items_purged":["Strike_G","Night Terror","Strike_G","Strike_G"],"score":798,"play_id":"3086b043-7509-4753-b2f7-2a1095c00145","local_time":"20190814032325","is_ascension_mode":false,"campfire_choices":[{"data":"Dagger Spray","floor":6,"key":"SMITH"},{"data":"Survivor","floor":8,"key":"SMITH"},{"floor":15,"key":"DIG"},{"floor":24,"key":"DIG"},{"data":"Dash","floor":27,"key":"SMITH"},{"floor":32,"key":"REST"},{"floor":40,"key":"REST"},{"floor":44,"key":"REST"},{"floor":46,"key":"REST"},{"floor":49,"key":"REST"}],"neow_cost":"NONE","seed_source_timestamp":613232341150200,"circlet_count":0,"master_deck":["Strike_G","Strike_G+1","Defend_G","Defend_G","Defend_G","Defend_G","Survivor+1","Neutralize+1","Dagger Spray+1","Quick Slash","Bullet Time","Predator","Backflip","Dash+1","Terror","Apotheosis","Blade Dance","Phantasmal Killer","Choke+1","Dash+1"],"relics":["Ring of the Snake","NeowsBlessing","PreservedInsect","Shovel","Calipers","Snecko Eye","Molten Egg 2","Centennial Puzzle","Ornamental Fan","Singing Bowl","Question Card","Empty Cage","Sundial","Letter Opener"],"potions_floor_usage":[29,33,33,33,42,42,42,50,50],"damage_taken":[{"damage":0,"enemies":"2 Louse","floor":1,"turns":1},{"damage":0,"enemies":"Jaw Worm","floor":7,"turns":1},{"damage":0,"enemies":"Gremlin Nob","floor":10,"turns":1},{"damage":0,"enemies":"Small Slimes","floor":11,"turns":2},{"damage":5,"enemies":"Gremlin Gang","floor":12,"turns":4},{"damage":3,"enemies":"Lots of Slimes","floor":13,"turns":3},{"damage":0,"enemies":"Looter","floor":14,"turns":3},{"damage":29,"enemies":"Hexaghost","floor":16,"turns":12},{"damage":0,"enemies":"Chosen","floor":18,"turns":4},{"damage":0,"enemies":"Shell Parasite","floor":19,"turns":4},{"damage":0,"enemies":"Snecko","floor":21,"turns":4},{"damage":8,"enemies":"Snake Plant","floor":22,"turns":5},{"damage":20,"enemies":"Slavers","floor":23,"turns":5},{"damage":0,"enemies":"Book of Stabbing","floor":25,"turns":3},{"damage":4,"enemies":"Centurion and Healer","floor":29,"turns":5},{"damage":6,"enemies":"Chosen and Byrds","floor":31,"turns":4},{"damage":0,"enemies":"Collector","floor":33,"turns":8},{"damage":7,"enemies":"3 Darklings","floor":35,"turns":5},{"damage":0,"enemies":"3 Shapes","floor":36,"turns":3},{"damage":0,"enemies":"Transient","floor":37,"turns":5},{"damage":31,"enemies":"3 Darklings","floor":39,"turns":3},{"damage":16,"enemies":"Reptomancer","floor":41,"turns":3},{"damage":33,"enemies":"4 Shapes","floor":42,"turns":4},{"damage":6,"enemies":"Sphere and 2 Shapes","floor":45,"turns":4},{"damage":0,"enemies":"Maw","floor":48,"turns":4},{"damage":1,"enemies":"Awakened One","floor":50,"turns":13}],"seed_played":"-5734659248505932242","potions_obtained":[{"floor":12,"key":"LiquidBronze"},{"floor":14,"key":"AttackPotion"},{"floor":16,"key":"Poison Potion"},{"floor":19,"key":"Poison Potion"},{"floor":23,"key":"Swift Potion"},{"floor":29,"key":"AttackPotion"},{"floor":35,"key":"SpeedPotion"},{"floor":37,"key":"Dexterity Potion"},{"floor":41,"key":"Fire Potion"},{"floor":45,"key":"GhostInAJar"}],"is_trial":false,"path_per_floor":["M","$","?","?","$","R","M","R","T","E","M","M","M","M","R","B",null,"M","M","?","M","M","E","R","E","T","R","$","M","?","M","R","B",null,"M","M","M","$","M","R","E","M","T","R","M","R","$","M","R","B",null],"character_chosen":"THE_SILENT","items_purchased":["Apotheosis","Weak Potion"],"campfire_rested":5,"item_purchase_floors":[28,47],"current_hp_per_floor":[70,70,70,56,56,56,56,56,56,56,56,51,48,48,48,19,70,70,70,70,70,62,42,42,42,42,42,42,38,38,34,55,55,72,65,67,69,69,38,60,46,15,15,39,35,59,59,61,84,83],"gold":20,"neow_bonus":"THREE_ENEMY_KILL","is_prod":false,"is_daily":false,"chose_seed":false,"campfire_upgraded":3,"win_rate":0.0,"timestamp":1565717005,"path_taken":["M","$","?","?","?","R","M","R","T","E","M","M","M","M","R","BOSS","M","M","?","M","M","E","R","E","T","R","$","M","?","M","R","BOSS","M","?","M","$","M","R","E","M","T","R","M","R","?","M","R","BOSS"],"build_version":"2019-07-17","purchased_purges":4,"victory":true,"max_hp_per_floor":[70,70,70,70,70,70,70,70,70,70,70,70,70,70,70,70,70,70,70,70,70,70,70,70,70,70,70,70,70,70,72,72,72,72,72,74,76,76,76,76,78,80,80,80,82,82,82,84,84,84],"card_choices":[{"not_picked":["Slice","Masterful Stab"],"picked":"Dagger Spray","floor":1},{"not_picked":["Dagger Spray","Prepared"],"picked":"Quick Slash","floor":7},{"not_picked":["Backflip","Tactician"],"picked":"Bullet Time","floor":10},{"not_picked":["Prepared","Sucker Punch"],"picked":"Predator","floor":11},{"not_picked":["Flying Knee","Slice"],"picked":"Backflip","floor":12},{"not_picked":["Leg Sweep","Outmaneuver"],"picked":"Dash","floor":13},{"not_picked":["Heel Hook","Leg Sweep","Riddle With Holes"],"picked":"SKIP","floor":14},{"not_picked":["Tools of the Trade","Die Die Die"],"picked":"Night Terror","floor":16},{"not_picked":["Deadly Poison+1","Prepared"],"picked":"Calculated Gamble","floor":18},{"not_picked":["Skewer+1","Dodge and Roll","Dagger Spray"],"picked":"SKIP","floor":19},{"not_picked":["Outmaneuver","Dagger Throw+1","Deflect"],"picked":"SKIP","floor":21},{"not_picked":["All Out Attack","Slice+1"],"picked":"Terror","floor":22},{"not_picked":["Malaise","Flying Knee","Escape Plan"],"picked":"SKIP","floor":23},{"not_picked":["Dagger Throw+1","Underhanded Strike+1","Flying Knee+1"],"picked":"SKIP","floor":25},{"not_picked":["Prepared","Slice+1"],"picked":"Blade Dance","floor":29},{"not_picked":["Infinite Blades+1","Endless Agony+1","Dodge and Roll+1","Acrobatics+1"],"picked":"Singing Bowl","floor":31},{"not_picked":["Night Terror","Adrenaline","Venomology"],"picked":"Phantasmal Killer","floor":33},{"not_picked":["Backflip","Underhanded Strike+1","PiercingWail+1"],"picked":"Choke+1","floor":35},{"not_picked":["Dagger Throw+1","Outmaneuver","Flying Knee+1","Dodge and Roll+1"],"picked":"Singing Bowl","floor":36},{"not_picked":["Well Laid Plans+1","Bouncing Flask","Poisoned Stab+1","Terror"],"picked":"Singing Bowl","floor":37},{"not_picked":["Quick Slash+1","Bouncing Flask","Blade Dance"],"picked":"Dash+1","floor":39},{"not_picked":["Deadly Poison+1","Adrenaline","Noxious Fumes","Deflect"],"picked":"Singing Bowl","floor":41},{"not_picked":["Poisoned Stab+1","Prepared","Backflip+1","Underhanded Strike+1"],"picked":"Singing Bowl","floor":42},{"not_picked":["Poisoned Stab+1","Slice+1","Blade Dance","Bouncing Flask+1"],"picked":"Singing Bowl","floor":45},{"not_picked":["Quick Slash+1","Outmaneuver","Flying Knee+1","Deadly Poison+1"],"picked":"Singing Bowl","floor":48}],"player_experience":29517,"relics_obtained":[{"floor":9,"key":"PreservedInsect"},{"floor":10,"key":"Shovel"},{"floor":15,"key":"Calipers"},{"floor":23,"key":"Molten Egg 2"},{"floor":24,"key":"Centennial Puzzle"},{"floor":25,"key":"Ornamental Fan"},{"floor":26,"key":"Singing Bowl"},{"floor":41,"key":"Sundial"},{"floor":43,"key":"Letter Opener"}],"event_choices":[{"damage_healed":0,"gold_gain":0,"player_choice":"Leave","damage_taken":0,"max_hp_gain":0,"max_hp_loss":0,"event_name":"The Cleric","floor":3,"gold_loss":0},{"damage_healed":0,"gold_gain":0,"player_choice":"Entered Light","damage_taken":14,"max_hp_gain":0,"max_hp_loss":0,"event_name":"Shining Light","floor":4,"gold_loss":0,"cards_upgraded":["Strike_G","Neutralize"]},{"damage_healed":0,"gold_gain":0,"player_choice":"Ignored","damage_taken":0,"max_hp_gain":0,"max_hp_loss":0,"event_name":"Cursed Tome","floor":20,"gold_loss":0},{"damage_healed":0,"gold_gain":0,"player_choice":"Paid Gold","damage_taken":0,"relics_obtained":["Question Card"],"max_hp_gain":0,"max_hp_loss":0,"event_name":"WeMeetAgain","floor":30,"gold_loss":80}],"is_beta":false,"boss_relics":[{"not_picked":["Eternal Feather","Black Star"],"picked":"Snecko Eye"},{"not_picked":["Cursed Key","White Beast Statue"],"picked":"Empty Cage"}],"items_purged_floors":[2,28,38,47],"is_endless":false,"potions_floor_spawned":[12,14,16,19,23,29,35,37,41,45],"ascension_level":0}