{"gold_per_floor":[12,12,23,43,59,59,84,84,109,109,119,69,94,110,110,183,183,165,184,201,218,62,62,77,77,103,103,137,148,148],"floor_reached":30,"playtime":1420,"items_purged":["Strike_G","Strike_G"],"score":461,"play_id":"b7fedbef-5ec2-4b65-bb30-1a3b98c95625","local_time":"20190421125237","is_ascension_mode":true,"campfire_choices":[{"data":"Noxious Fumes","floor":6,"key":"SMITH"},{"data":"Corpse Explosion","floor":8,"key":"SMITH"},{"floor":10,"key":"REST"},{"data":"Catalyst","floor":15,"key":"SMITH"},{"floor":23,"key":"REST"},{"floor":25,"key":"REST"}],"neow_cost":"NO_GOLD","seed_source_timestamp":839450431446608,"circlet_count":0,"master_deck":["AscendersBane","Defend_G","Defend_G","Defend_G","Defend_G","Defend_G","Strike_G","Strike_G","Strike_G","Survivor","Neutralize","Noxious Fumes+1","Dagger Spray","Dodge and Roll","Corpse Explosion+1","Bane","Catalyst+1","Poisoned Stab","Bullet Time","Backflip","Noxious Fumes","Envenom","Distraction","Distraction","Dodge and Roll","Catalyst","Footwork","Deflect","Footwork","Blur","Dash+1","PiercingWail","Deadly Poison"],"relics":["Strawberry","Smiling Mask","Bag of Preparation","Turnip","Orrery","Centennial Puzzle","Nloth\u0027s Gift","Oddly Smooth Stone"],"potions_floor_usage":[16,20,21,28],"damage_taken":[{"damage":0,"enemies":"Small Slimes","floor":1,"turns":3},{"damage":0,"enemies":"Cultist","floor":3,"turns":5},{"damage":3,"enemies":"2 Louse","floor":4,"turns":3},{"damage":17,"enemies":"Exordium Thugs","floor":5,"turns":6},{"damage":30,"enemies":"3 Sentries","floor":7,"turns":7},{"damage":0,"enemies":"Large Slime","floor":11,"turns":5},{"damage":17,"enemies":"Lagavulin","floor":13,"turns":6},{"damage":5,"enemies":"Blue Slaver","floor":14,"turns":3},{"damage":33,"enemies":"Slime Boss","floor":16,"turns":4},{"damage":5,"enemies":"2 Thieves","floor":18,"turns":4},{"damage":21,"enemies":"Chosen","floor":19,"turns":6},{"damage":21,"enemies":"Snake Plant","floor":20,"turns":7},{"damage":18,"enemies":"Sentry and Sphere","floor":21,"turns":5},{"damage":29,"enemies":"3 Cultists","floor":24,"turns":4},{"damage":19,"enemies":"Slavers","floor":28,"turns":3},{"damage":5,"enemies":"Centurion and Healer","floor":29,"turns":3},{"damage":13,"enemies":"Gremlin Leader","floor":30,"turns":8}],"seed_played":"-4616560713231641494","potions_obtained":[{"floor":3,"key":"SpeedPotion"},{"floor":4,"key":"Fire Potion"},{"floor":16,"key":"GhostInAJar"},{"floor":18,"key":"GhostInAJar"},{"floor":24,"key":"GhostInAJar"},{"floor":29,"key":"Weak Potion"}],"is_trial":false,"path_per_floor":["M","?","M","M","M","R","E","R","T","R","M","$","E","M","R","B",null,"M","M","M","M","$","R","M","R","T","?","E","M","E"],"character_chosen":"THE_SILENT","items_purchased":["Footwork","Blur"],"campfire_rested":3,"item_purchase_floors":[22,22],"current_hp_per_floor":[77,84,84,81,64,64,34,34,34,61,61,61,44,39,39,6,70,65,44,23,5,5,32,3,30,30,30,11,6,0],"gold":148,"neow_bonus":"TWENTY_PERCENT_HP_BONUS","is_prod":false,"is_daily":false,"chose_seed":false,"campfire_upgraded":3,"win_rate":0,"timestamp":1555876357,"path_taken":["M","?","M","M","M","R","E","R","T","R","M","$","E","?","R","BOSS","M","M","M","M","$","R","M","R","T","?","E","M","E"],"build_version":"2019-01-23","purchased_purges":2,"victory":false,"max_hp_per_floor":[84,91,91,91,91,91,91,91,91,91,91,91,91,91,91,91,91,91,91,91,91,91,91,91,91,91,91,91,91,91],"card_choices":[{"not_picked":["Deadly Poison","Outmaneuver"],"picked":"Quick Slash","floor":1},{"not_picked":["Blade Dance","Dodge and Roll"],"picked":"Noxious Fumes","floor":3},{"not_picked":["Slice","Masterful Stab"],"picked":"Dagger Spray","floor":4},{"not_picked":["Well Laid Plans","Wraith Form v2"],"picked":"Dodge and Roll","floor":5},{"not_picked":["Leg Sweep","Endless Agony"],"picked":"Corpse Explosion","floor":7},{"not_picked":["PiercingWail","All Out Attack"],"picked":"Bane","floor":11},{"not_picked":["Infinite Blades","Backflip"],"picked":"Catalyst","floor":13},{"not_picked":["Outmaneuver","Sucker Punch"],"picked":"Poisoned Stab","floor":14},{"not_picked":["Unload","Envenom"],"picked":"Bullet Time","floor":16},{"not_picked":["Outmaneuver","Cloak And Dagger"],"picked":"Backflip","floor":17},{"not_picked":["Slice","Infinite Blades"],"picked":"Noxious Fumes","floor":17},{"not_picked":["Skewer","Dagger Throw"],"picked":"Envenom","floor":17},{"not_picked":["Blade Dance","Calculated Gamble"],"picked":"Distraction","floor":17},{"not_picked":["Dagger Spray","Cloak And Dagger"],"picked":"Distraction","floor":17},{"not_picked":["Dagger Throw","Quick Slash"],"picked":"Dodge and Roll","floor":18},{"not_picked":["Prepared","Flying Knee"],"picked":"Catalyst","floor":19},{"not_picked":["Outmaneuver+1","Bane+1"],"picked":"Footwork","floor":20},{"not_picked":["Corpse Explosion","Dash+1"],"picked":"Deflect","floor":21},{"not_picked":["Deadly Poison","Deflect"],"picked":"Dash+1","floor":24},{"not_picked":["Blade Dance","Storm of Steel"],"picked":"PiercingWail","floor":28},{"not_picked":["Quick Slash+1","Storm of Steel"],"picked":"Deadly Poison","floor":29}],"player_experience":1292575,"relics_obtained":[{"floor":7,"key":"Smiling Mask"},{"floor":9,"key":"Bag of Preparation"},{"floor":13,"key":"Turnip"},{"floor":26,"key":"Centennial Puzzle"},{"floor":28,"key":"Oddly Smooth Stone"}],"event_choices":[{"cards_removed":["Quick Slash"],"damage_healed":0,"gold_gain":0,"player_choice":"Gave Card","damage_taken":0,"relics_obtained":["Strawberry"],"max_hp_gain":0,"max_hp_loss":0,"event_name":"WeMeetAgain","floor":2,"gold_loss":0},{"damage_healed":0,"gold_gain":0,"player_choice":"Traded Relic","damage_taken":0,"relics_obtained":["Nloth\u0027s Gift"],"max_hp_gain":0,"max_hp_loss":0,"event_name":"N\u0027loth","floor":27,"relics_lost":["Ring of the Snake"],"gold_loss":0}],"is_beta":false,"boss_relics":[{"not_picked":["Eternal Feather","Tiny House"],"picked":"Orrery"}],"items_purged_floors":[12,22],"is_endless":false,"potions_floor_spawned":[3,4,11,14,16,18,19,24,29],"killed_by":"Gremlin Leader","ascension_level":13}