{"gold_per_floor":[117,42,57,33,63,96,96,126,149,183,183,196,196,9,9,110,110,126,137,137,137,12,38,49,49,76,76,40,60,60,73,73,177,177,194,294,294,314,326,326,359,359,359,89,106,135,135,135,135,135],"floor_reached":51,"playtime":4177,"items_purged":["Defend_B","Defend_B","Loop","Strike_B"],"score":907,"play_id":"2325a950-a2c7-4fd8-8591-26b597b079d7","local_time":"20190604112137","is_ascension_mode":true,"campfire_choices":[{"data":"Leap","floor":7.0,"key":"SMITH"},{"data":"Loop","floor":11.0,"key":"SMITH"},{"data":"Go for the Eyes","floor":15.0,"key":"SMITH"},{"floor":25.0,"key":"REST"},{"data":"Buffer","floor":27.0,"key":"SMITH"},{"floor":30.0,"key":"REST"},{"data":"Doom and Gloom","floor":32.0,"key":"SMITH"},{"data":"Buffer","floor":40.0,"key":"SMITH"},{"data":"Zap","floor":42.0,"key":"SMITH"},{"data":"Redo","floor":47.0,"key":"SMITH"},{"data":"Hologram","floor":49,"key":"SMITH"}],"neow_cost":"PERCENT_DAMAGE","seed_source_timestamp":0,"circlet_count":0,"master_deck":["Defend_B","Defend_B","Dualcast","Ball Lightning","Leap+1","Buffer+1","Loop+1","Capacitor","Go for the Eyes+1","Biased Cognition","Sunder+1","Necronomicurse","Doom and Gloom+1","Self Repair","Leap+1","Reprogram","Buffer+1","Conserve Battery+1","Undo+1","Steam Power","Conserve Battery+1","Redo+1","Hologram+1","Sweeping Beam","Sunder+1","Steam Power+1"],"special_seed":0,"relics":["Cracked Core","Tiny Chest","Symbiotic Virus","Mango","PreservedInsect","Boot","Inserter","Necronomicon","WingedGreaves","Regal Pillow","Eternal Feather","Torii","Kunai","Bronze Scales","Smiling Mask"],"potions_floor_usage":[50,50],"damage_taken":[{"damage":1.0,"enemies":"Jaw Worm","floor":1.0,"turns":4.0},{"damage":1.0,"enemies":"Cultist","floor":3.0,"turns":4.0},{"damage":25.0,"enemies":"3 Sentries","floor":6.0,"turns":6.0},{"damage":6.0,"enemies":"Gremlin Nob","floor":8.0,"turns":3.0},{"damage":0.0,"enemies":"3 Sentries","floor":10.0,"turns":5.0},{"damage":1.0,"enemies":"2 Louse","floor":12.0,"turns":4.0},{"damage":0.0,"enemies":"Hexaghost","floor":16.0,"turns":6.0},{"damage":14.0,"enemies":"2 Thieves","floor":18.0,"turns":3.0},{"damage":21.0,"enemies":"3 Byrds","floor":19.0,"turns":4.0},{"damage":18.0,"enemies":"Slavers","floor":23.0,"turns":4.0},{"damage":16.0,"enemies":"Centurion and Healer","floor":24.0,"turns":4.0},{"damage":7.0,"enemies":"Chosen and Byrds","floor":29.0,"turns":4.0},{"damage":3.0,"enemies":"Shelled Parasite and Fungi","floor":31.0,"turns":4.0},{"damage":14.0,"enemies":"Automaton","floor":33.0,"turns":8.0},{"damage":8.0,"enemies":"3 Shapes","floor":35.0,"turns":3.0},{"damage":44.0,"enemies":"Mind Bloom Boss Battle","floor":36.0,"turns":8.0},{"damage":6.0,"enemies":"Orb Walker","floor":38.0,"turns":4.0},{"damage":30.0,"enemies":"Spire Growth","floor":39.0,"turns":6.0},{"damage":25.0,"enemies":"Reptomancer","floor":41.0,"turns":5.0},{"damage":12.0,"enemies":"Jaw Worm Horde","floor":45.0,"turns":4.0},{"damage":1.0,"enemies":"Giant Head","floor":46.0,"turns":8.0},{"damage":69,"enemies":"Awakened One","floor":50,"turns":12}],"seed_played":"8869749739656051906","potions_obtained":[{"floor":1.0,"key":"Weak Potion"},{"floor":6.0,"key":"Poison Potion"},{"floor":8.0,"key":"Poison Potion"},{"floor":18.0,"key":"EssenceOfSteel"},{"floor":29.0,"key":"SteroidPotion"},{"floor":33.0,"key":"Regen Potion"},{"floor":35.0,"key":"Energy Potion"},{"floor":38.0,"key":"Regen Potion"},{"floor":41.0,"key":"GamblersBrew"},{"floor":45.0,"key":"SteroidPotion"},{"floor":46.0,"key":"SteroidPotion"}],"is_trial":false,"path_per_floor":["M","$","M","?","?","E","R","E","T","E","R","M","?","$","R","B",null,"M","M","?","?","$","E","M","R","T","R","$","M","R","M","R","B",null,"M","?","?","M","M","R","E","R","T","$","M","E","R","?","R","B",null],"character_chosen":"DEFECT","items_purchased":["Loop","Go for the Eyes","Self Repair","Redo","Hologram","Sweeping Beam"],"campfire_rested":2,"item_purchase_floors":[14,14,28,44,44,44],"current_hp_per_floor":[53,53,52,52,52,27,27,35,35,35,35,34,27,27,27,27,89,75,54,38,38,38,20,4,30,30,30,30,23,64,61,61,47,89,81,44,44,45,37,49,31,43,43,43,50,56,71,71,86,24],"gold":135,"neow_bonus":"REMOVE_TWO","is_prod":false,"is_daily":false,"chose_seed":false,"campfire_upgraded":9,"win_rate":0,"timestamp":1559640097,"path_taken":["M","$","M","?","?","E","R","E","T","E","R","?","?","$","R","BOSS","M","M","?","?","$","E","?","R","T","R","$","M","R","M","R","BOSS","M","?","?","M","M","R","E","R","T","$","M","E","R","?","R","BOSS"],"build_version":"2019-06-02","purchased_purges":4,"victory":true,"max_hp_per_floor":[75,75,75,75,75,75,75,89,89,89,89,89,89,89,89,89,89,89,89,89,89,89,89,89,89,89,89,89,89,89,89,89,89,89,89,89,89,89,89,89,89,89,89,89,89,89,89,89,89,89],"card_choices":[{"not_picked":["Aggregate","Rebound","Compile Driver"],"picked":"SKIP","floor":1.0},{"not_picked":["Beam Cell","White Noise"],"picked":"Ball Lightning","floor":3.0},{"not_picked":["Chill","Sweeping Beam"],"picked":"Leap","floor":6.0},{"not_picked":["Leap","Defragment"],"picked":"Buffer","floor":8.0},{"not_picked":["Consume","Amplify"],"picked":"Loop","floor":10.0},{"not_picked":["Doom and Gloom","Beam Cell"],"picked":"Capacitor","floor":12.0},{"not_picked":["All For One","Core Surge"],"picked":"Biased Cognition","floor":16.0},{"not_picked":["Ball Lightning+1","Beam Cell+1"],"picked":"Sunder+1","floor":18.0},{"not_picked":["Darkness+1","Conserve Battery","Ball Lightning"],"picked":"SKIP","floor":19.0},{"not_picked":["Compile Driver","Fusion"],"picked":"Doom and Gloom","floor":23.0},{"not_picked":["Doom and Gloom","Rebound","Sweeping Beam"],"picked":"SKIP","floor":24.0},{"not_picked":["Undo","Steam"],"picked":"Leap+1","floor":29.0},{"not_picked":["Leap","Double Energy"],"picked":"Reprogram","floor":31.0},{"not_picked":["Reboot","Seek"],"picked":"Buffer","floor":33.0},{"not_picked":["Sweeping Beam","FTL"],"picked":"Conserve Battery+1","floor":35.0},{"not_picked":["FTL","Tempest"],"picked":"Undo+1","floor":36.0},{"not_picked":["Sweeping Beam","Storm+1"],"picked":"Steam Power","floor":38.0},{"not_picked":["Beam Cell","Steam+1"],"picked":"Conserve Battery+1","floor":39.0},{"not_picked":["Leap","Static Discharge","Creative AI"],"picked":"SKIP","floor":41.0},{"not_picked":["Ball Lightning+1","Coolheaded"],"picked":"Sunder+1","floor":45.0},{"not_picked":["Aggregate","Hologram"],"picked":"Steam Power+1","floor":46.0}],"player_experience":423606,"relics_obtained":[{"floor":5.0,"key":"Tiny Chest"},{"floor":6.0,"key":"Symbiotic Virus"},{"floor":8.0,"key":"Mango"},{"floor":9.0,"key":"PreservedInsect"},{"floor":10.0,"key":"Boot"},{"floor":20.0,"key":"Necronomicon"},{"floor":23.0,"key":"WingedGreaves"},{"floor":26.0,"key":"Regal Pillow"},{"floor":36.0,"key":"Torii"},{"floor":41.0,"key":"Kunai"},{"floor":43.0,"key":"Bronze Scales"},{"floor":46.0,"key":"Smiling Mask"}],"event_choices":[{"damage_healed":0.0,"max_hp_gain":0.0,"max_hp_loss":0.0,"gold_gain":0.0,"event_name":"World of Goop","player_choice":"Left Gold","floor":4.0,"gold_loss":24.0,"damage_taken":0.0},{"damage_healed":0.0,"max_hp_gain":0.0,"max_hp_loss":0.0,"gold_gain":0.0,"event_name":"Wheel of Change","player_choice":"Relic","floor":5.0,"gold_loss":0.0,"damage_taken":0.0},{"cards_removed":["Strike_B"],"damage_healed":0.0,"max_hp_gain":0.0,"max_hp_loss":0.0,"gold_gain":0.0,"event_name":"Golden Wing","player_choice":"Card Removal","floor":13.0,"gold_loss":0.0,"damage_taken":7.0},{"damage_healed":0.0,"max_hp_gain":0.0,"max_hp_loss":0.0,"gold_gain":0.0,"event_name":"Cursed Tome","player_choice":"Obtained Book","floor":20.0,"gold_loss":0.0,"damage_taken":16.0},{"damage_healed":0.0,"max_hp_gain":0.0,"max_hp_loss":0.0,"gold_gain":0.0,"event_name":"WeMeetAgain","player_choice":"Ignored","floor":21.0,"gold_loss":0.0,"damage_taken":0.0},{"damage_healed":0.0,"max_hp_gain":0.0,"max_hp_loss":0.0,"gold_gain":0.0,"event_name":"MindBloom","player_choice":"Fight","floor":36.0,"gold_loss":0.0,"damage_taken":0.0},{"damage_healed":0.0,"max_hp_gain":0.0,"max_hp_loss":0.0,"gold_gain":0.0,"event_name":"The Moai Head","player_choice":"Ignored","floor":37.0,"gold_loss":0.0,"damage_taken":0.0},{"cards_removed":["Zap"],"damage_healed":0.0,"max_hp_gain":0.0,"max_hp_loss":0.0,"gold_gain":0.0,"event_name":"Falling","player_choice":"Removed Skill","floor":48.0,"gold_loss":0.0,"damage_taken":0.0}],"is_beta":true,"boss_relics":[{"not_picked":["Snecko Eye","Pandora\u0027s Box"],"picked":"Inserter"},{"not_picked":["Fusion Hammer","FrozenCore"],"picked":"Eternal Feather"}],"items_purged_floors":[2,14,22,44],"is_endless":false,"potions_floor_spawned":[1,6,8,18,29,33,35,38,41,45,46],"ascension_level":3}