{"gold_per_floor":[112,112,112,27,46,46,79,79,79,105,105,105,105,148,148,148],"floor_reached":16,"playtime":1320,"items_purged":[],"score":217,"play_id":"5ae635cc-d1de-44f3-aa5b-f5f7243c9809","local_time":"20190814213628","is_ascension_mode":true,"campfire_choices":[{"data":"Neutralize","floor":6.0,"key":"SMITH"},{"floor":8.0,"key":"REST"},{"floor":13.0,"key":"REST"},{"floor":15.0,"key":"REST"}],"neow_cost":"NONE","seed_source_timestamp":1377142545267050,"circlet_count":0,"master_deck":["AscendersBane","Strike_G","Strike_G","Strike_G","Strike_G","Defend_G","Defend_G","Defend_G","Defend_G","Defend_G","Survivor","Neutralize+1","Sucker Punch","Backstab","Quick Slash","Doppelganger","Dodge and Roll","Injury","Masterful Stab"],"special_seed":0,"relics":["Ring of the Snake","WingedGreaves","Orichalcum","Kunai","Sundial","Golden Idol","Ginger"],"potions_floor_usage":[16],"damage_taken":[{"damage":11.0,"enemies":"Jaw Worm","floor":1.0,"turns":6.0},{"damage":0.0,"enemies":"2 Louse","floor":5.0,"turns":4.0},{"damage":33.0,"enemies":"3 Sentries","floor":7.0,"turns":14.0},{"damage":21.0,"enemies":"Lagavulin","floor":10.0,"turns":8.0},{"damage":17.0,"enemies":"3 Sentries","floor":14.0,"turns":13.0},{"damage":27,"enemies":"Hexaghost","floor":16,"turns":14}],"seed_played":"-7651822791504406613","potions_obtained":[{"floor":0.0,"key":"Block Potion"},{"floor":0.0,"key":"Dexterity Potion"},{"floor":1.0,"key":"GhostInAJar"},{"floor":14.0,"key":"Strength Potion"}],"is_trial":false,"path_per_floor":["M","?","?","$","M","R","E","R","T","E","?","?","R","E","R","B"],"character_chosen":"THE_SILENT","items_purchased":["Backstab"],"campfire_rested":3,"item_purchase_floors":[4],"current_hp_per_floor":[48,43,36,36,36,36,3,22,22,1,1,1,20,3,22,0],"gold":148,"neow_bonus":"THREE_SMALL_POTIONS","is_prod":false,"is_daily":false,"chose_seed":false,"campfire_upgraded":1,"win_rate":0,"timestamp":1565832988,"path_taken":["M","?","?","?","M","R","E","R","T","E","?","?","R","E","R","BOSS"],"build_version":"2019-07-17","purchased_purges":0,"victory":false,"max_hp_per_floor":[66,66,66,66,66,66,66,66,66,66,66,66,66,66,66,66],"card_choices":[{"not_picked":["Catalyst","Outmaneuver"],"picked":"Sucker Punch","floor":1.0},{"not_picked":["Crippling Poison","Dodge and Roll"],"picked":"Quick Slash","floor":5.0},{"not_picked":["Predator","Blur"],"picked":"Doppelganger","floor":7.0},{"not_picked":["Setup","Underhanded Strike"],"picked":"Dodge and Roll","floor":10.0},{"not_picked":["Underhanded Strike","Catalyst"],"picked":"Masterful Stab","floor":14.0}],"player_experience":526731,"relics_obtained":[{"floor":7.0,"key":"Orichalcum"},{"floor":9.0,"key":"Kunai"},{"floor":10.0,"key":"Sundial"},{"floor":14.0,"key":"Ginger"}],"event_choices":[{"damage_healed":0.0,"max_hp_gain":0.0,"max_hp_loss":0.0,"gold_gain":0.0,"event_name":"Scrap Ooze","player_choice":"Success","floor":2.0,"gold_loss":0.0,"damage_taken":5.0,"relics_obtained":["WingedGreaves"]},{"cards_removed":["Strike_G"],"damage_healed":0.0,"max_hp_gain":0.0,"max_hp_loss":0.0,"gold_gain":0.0,"event_name":"Golden Wing","player_choice":"Card Removal","floor":3.0,"gold_loss":0.0,"damage_taken":7.0},{"damage_healed":0.0,"max_hp_gain":0.0,"max_hp_loss":0.0,"gold_gain":0.0,"event_name":"Golden Idol","player_choice":"Take Wound","floor":11.0,"gold_loss":0.0,"damage_taken":0.0,"relics_obtained":["Golden Idol"],"cards_obtained":["Injury"]},{"damage_healed":0.0,"max_hp_gain":0.0,"max_hp_loss":0.0,"gold_gain":0.0,"event_name":"Liars Game","player_choice":"Ignored","floor":12.0,"gold_loss":0.0,"damage_taken":0.0}],"is_beta":false,"boss_relics":[],"items_purged_floors":[],"is_endless":false,"potions_floor_spawned":[1,14],"killed_by":"Hexaghost","ascension_level":18}