{"gold_per_floor":[119,119,119,131,144,144,157,184,208,228,228,255,255,271,271,372,372,387,413,413,25,40,40,58,58,58,58,58,71,71,85,85,85],"floor_reached":33,"playtime":3613,"items_purged":["Pain"],"score":247,"play_id":"5423c612-aba8-4a80-93fc-d911b78f614f","local_time":"20190812162333","is_ascension_mode":false,"campfire_choices":[{"data":"Neutralize","floor":6,"key":"SMITH"},{"data":"Noxious Fumes","floor":11,"key":"SMITH"},{"data":"Acrobatics","floor":13,"key":"SMITH"},{"data":"Well Laid Plans","floor":15,"key":"SMITH"},{"data":"Envenom","floor":23,"key":"SMITH"},{"data":"Mayhem","floor":25,"key":"SMITH"},{"floor":32,"key":"REST"}],"neow_cost":"NONE","seed_source_timestamp":1659246772900,"circlet_count":0,"master_deck":["Strike_G","Strike_G","Strike_G","Strike_G","Defend_G","Defend_G","Defend_G","Defend_G","Defend_G","Survivor+1","Neutralize+1","Escape Plan","Poisoned Stab","Dash","Backflip","Noxious Fumes+1","Well Laid Plans+1","Acrobatics+1","Malaise+1","Envenom+1","Parasite","Shame","Cloak And Dagger","Mayhem+1","Adrenaline","Acrobatics+1","Cloak And Dagger","Shame","Distraction+1","Blur"],"relics":["Ring of the Snake","Snake Skull","Centennial Puzzle","Juzu Bracelet","Calling Bell","Pen Nib","Paper Crane","Shovel","War Paint","Question Card","Smiling Mask","Calipers"],"potions_floor_usage":[8,16,29,31,33,33],"damage_taken":[{"damage":2,"enemies":"Small Slimes","floor":1,"turns":5},{"damage":0,"enemies":"Jaw Worm","floor":4,"turns":3},{"damage":0,"enemies":"Cultist","floor":5,"turns":3},{"damage":0,"enemies":"Exordium Thugs","floor":7,"turns":6},{"damage":5,"enemies":"3 Sentries","floor":8,"turns":8},{"damage":0,"enemies":"Red Slaver","floor":10,"turns":4},{"damage":4,"enemies":"Lots of Slimes","floor":14,"turns":6},{"damage":31,"enemies":"The Guardian","floor":16,"turns":9},{"damage":6,"enemies":"Chosen","floor":18,"turns":6},{"damage":8,"enemies":"Spheric Guardian","floor":22,"turns":6},{"damage":10,"enemies":"Snake Plant","floor":24,"turns":6},{"damage":22,"enemies":"Cultist and Chosen","floor":29,"turns":7},{"damage":5,"enemies":"Chosen and Byrds","floor":31,"turns":5},{"damage":54,"enemies":"Champ","floor":33,"turns":12}],"seed_played":"-5675100723613869091","potions_obtained":[{"floor":4,"key":"SteroidPotion"},{"floor":5,"key":"SpeedPotion"},{"floor":8,"key":"Weak Potion"},{"floor":16,"key":"Poison Potion"},{"floor":18,"key":"Explosive Potion"},{"floor":24,"key":"PowerPotion"},{"floor":29,"key":"AttackPotion"}],"is_trial":false,"path_per_floor":["M","?","?","M","M","R","M","E","T","M","R","T","R","M","R","B",null,"M","T","?","$","M","R","M","R","T","$","?","M","T","M","R","B"],"character_chosen":"THE_SILENT","items_purchased":["Mayhem","Adrenaline"],"campfire_rested":1,"item_purchase_floors":[21,21],"current_hp_per_floor":[68,73,73,73,73,73,73,68,68,68,68,68,68,64,64,33,75,69,69,69,69,61,61,51,51,51,51,51,29,29,24,46,0],"gold":85,"neow_bonus":"THREE_CARDS","is_prod":false,"is_daily":false,"chose_seed":false,"campfire_upgraded":6,"win_rate":0,"timestamp":1565598213,"path_taken":["M","?","?","M","M","R","M","E","T","?","R","?","R","M","R","BOSS","M","?","?","$","M","R","M","R","T","$","?","M","?","M","R","BOSS"],"build_version":"2019-07-17","purchased_purges":1,"victory":false,"max_hp_per_floor":[70,75,75,75,75,75,75,75,75,75,75,75,75,75,75,75,75,75,75,75,75,75,75,75,75,75,75,75,75,75,75,75,75],"card_choices":[{"not_picked":["Deflect","Dagger Spray"],"picked":"Escape Plan","floor":0},{"not_picked":["Acrobatics","Bane"],"picked":"Poisoned Stab","floor":1},{"not_picked":["All Out Attack","Dagger Spray"],"picked":"Dash","floor":4},{"not_picked":["Flying Knee","Dodge and Roll"],"picked":"Backflip","floor":5},{"not_picked":["Slice","Dagger Spray"],"picked":"Noxious Fumes","floor":7},{"not_picked":["Deflect","Backflip"],"picked":"Well Laid Plans","floor":8},{"not_picked":["Eviscerate","Infinite Blades"],"picked":"Acrobatics","floor":10},{"not_picked":["Eviscerate","Flying Knee"],"picked":"Malaise","floor":14},{"not_picked":["A Thousand Cuts","Unload"],"picked":"Envenom","floor":16},{"not_picked":["Masterful Stab","Flying Knee+1"],"picked":"Cloak And Dagger","floor":18},{"not_picked":["Choke+1","Dagger Throw"],"picked":"Acrobatics+1","floor":22},{"not_picked":["Sucker Punch+1","Dash"],"picked":"Cloak And Dagger","floor":24},{"not_picked":["Expertise","Night Terror","Poisoned Stab"],"picked":"Distraction+1","floor":29},{"not_picked":["Dagger Throw","Riddle With Holes","Deflect"],"picked":"Blur","floor":31}],"player_experience":80414,"relics_obtained":[{"floor":8,"key":"Snake Skull"},{"floor":9,"key":"Centennial Puzzle"},{"floor":12,"key":"Juzu Bracelet"},{"floor":17,"key":"Pen Nib"},{"floor":17,"key":"Paper Crane"},{"floor":17,"key":"Shovel"},{"floor":19,"key":"War Paint"},{"floor":26,"key":"Question Card"},{"floor":30,"key":"Calipers"}],"event_choices":[{"damage_healed":0,"gold_gain":0,"player_choice":"Donut","damage_taken":0,"max_hp_gain":5,"max_hp_loss":0,"event_name":"Big Fish","floor":2,"gold_loss":0},{"cards_removed":["Strike_G"],"damage_healed":0,"gold_gain":0,"player_choice":"Purged","damage_taken":0,"max_hp_gain":0,"max_hp_loss":0,"event_name":"Purifier","floor":3,"gold_loss":0},{"damage_healed":0,"gold_gain":0,"player_choice":"Ignored","damage_taken":0,"max_hp_gain":0,"max_hp_loss":0,"event_name":"NoteForYourself","floor":20,"gold_loss":0},{"damage_healed":0,"gold_gain":0,"player_choice":"Stole Relic","damage_taken":0,"relics_obtained":["Smiling Mask"],"max_hp_gain":0,"max_hp_loss":0,"event_name":"Addict","floor":28,"gold_loss":0,"cards_obtained":["Shame"]}],"is_beta":false,"boss_relics":[{"not_picked":["WristBlade","Lizard Tail"],"picked":"Calling Bell"}],"items_purged_floors":[21],"is_endless":false,"potions_floor_spawned":[4,5,8,16,18,24,29],"killed_by":"Champ","ascension_level":0}