{"gold_per_floor":[114,43,56,56,80,80,106,106,106,124,154,172,172,198,198,296,296,314,314,314,26,26,26,26,26,26,43,59,76,107,32,32,32],"floor_reached":33,"playtime":4008,"items_purged":["Defend_R"],"score":422,"play_id":"23ed9ff8-361f-41f1-9165-20c2f4a20785","local_time":"20180918184643","is_ascension_mode":true,"campfire_choices":[{"data":"Body Slam","floor":6.0,"key":"SMITH"},{"data":"Metallicize","floor":13.0,"key":"SMITH"},{"data":"True Grit","floor":15.0,"key":"SMITH"},{"data":"Bash","floor":23.0,"key":"PURGE"},{"data":"Strike_R","floor":25.0,"key":"PURGE"},{"data":"Strike_R","floor":32,"key":"PURGE"}],"neow_cost":"NONE","seed_source_timestamp":0,"circlet_count":0,"master_deck":["Strike_R","Strike_R","Defend_R","Defend_R","AscendersBane","Metallicize+1","Body Slam+1","True Grit+1","Reaper+1","Flex","Thunderclap+1","Shrug It Off","Dark Embrace+1","Anger+1","Necronomicurse","Clash+1","Dual Wield+1"],"special_seed":0,"relics":["Burning Blood","Bronze Scales","Bag of Marbles","Paper Frog","Molten Egg 2","Unceasing Top","Frozen Egg 2","Cursed Key","Necronomicon","Peace Pipe","Shovel"],"potions_floor_usage":[33],"damage_taken":[{"damage":7.0,"enemies":"Jaw Worm","floor":1.0,"turns":4.0},{"damage":1.0,"enemies":"2 Louse","floor":3.0,"turns":3.0},{"damage":42.0,"enemies":"Lagavulin","floor":7.0,"turns":9.0},{"damage":0.0,"enemies":"Cultist","floor":10.0,"turns":3.0},{"damage":30.0,"enemies":"Gremlin Nob","floor":11.0,"turns":5.0},{"damage":9.0,"enemies":"Lots of Slimes","floor":12.0,"turns":4.0},{"damage":21.0,"enemies":"3 Sentries","floor":14.0,"turns":6.0},{"damage":28.0,"enemies":"Hexaghost","floor":16.0,"turns":12.0},{"damage":7.0,"enemies":"3 Byrds","floor":18.0,"turns":4.0},{"damage":9.0,"enemies":"Spheric Guardian","floor":27.0,"turns":5.0},{"damage":6.0,"enemies":"Centurion and Healer","floor":28.0,"turns":6.0},{"damage":8.0,"enemies":"Chosen and Byrds","floor":29.0,"turns":4.0},{"damage":28.0,"enemies":"Gremlin Leader","floor":30.0,"turns":8.0},{"damage":103,"enemies":"Collector","floor":33,"turns":7}],"seed_played":"1628276078904585363","potions_obtained":[{"floor":3.0,"key":"Swift Potion"},{"floor":12.0,"key":"PowerPotion"},{"floor":14.0,"key":"Swift Potion"},{"floor":16.0,"key":"FearPotion"},{"floor":18.0,"key":"Weak Potion"},{"floor":29.0,"key":"AttackPotion"}],"is_trial":false,"path_per_floor":["M","$","M","?","T","R","E","?","T","M","E","M","R","E","R","B",null,"M","?","?","$","?","R","?","R","T","M","M","M","E","$","R"],"character_chosen":"IRONCLAD","items_purchased":["Metallicize","Peace Pipe"],"campfire_rested":0,"item_purchase_floors":[2,21],"current_hp_per_floor":[71,71,76,69,69,69,33,33,33,39,23,33,33,42,42,28,67,79,79,63,63,63,63,63,63,63,60,80,78,78,78,78,0],"gold":32,"neow_bonus":"RANDOM_COMMON_RELIC","is_prod":false,"is_daily":false,"chose_seed":false,"campfire_upgraded":3,"win_rate":0,"timestamp":1537321603,"path_taken":["M","$","M","?","?","R","E","?","T","M","E","M","R","E","R","BOSS","M","?","?","$","?","R","?","R","T","?","M","?","E","?","R","BOSS"],"build_version":"2018-09-06","purchased_purges":1,"victory":false,"max_hp_per_floor":[80,80,80,80,80,80,80,80,80,80,80,80,80,80,80,80,80,80,80,80,80,80,80,80,80,80,80,80,80,80,80,80,80],"card_choices":[{"not_picked":["Twin Strike","Feel No Pain","Heavy Blade"],"picked":"SKIP","floor":1.0},{"not_picked":["Wild Strike","Iron Wave"],"picked":"Body Slam","floor":3.0},{"not_picked":["Thunderclap","Wild Strike"],"picked":"True Grit","floor":7.0},{"not_picked":["Headbutt+1","Thunderclap+1"],"picked":"Reaper+1","floor":10.0},{"not_picked":["Inflame","Combust"],"picked":"Flex","floor":11.0},{"not_picked":["Sword Boomerang+1","Pummel+1"],"picked":"Thunderclap+1","floor":12.0},{"not_picked":["Rupture","True Grit"],"picked":"Shrug It Off","floor":14.0},{"not_picked":["Demon Form+1","Double Tap"],"picked":"Dark Embrace+1","floor":16.0},{"not_picked":["Pommel Strike+1","Wild Strike+1","Cleave+1"],"picked":"SKIP","floor":18.0},{"not_picked":["Thunderclap+1","True Grit","Carnage+1"],"picked":"SKIP","floor":27.0},{"not_picked":["Pommel Strike+1","Disarm"],"picked":"Clash+1","floor":28.0},{"not_picked":["True Grit","Whirlwind+1","Power Through"],"picked":"SKIP","floor":29.0},{"not_picked":["Pommel Strike+1","Feed+1"],"picked":"Dual Wield+1","floor":30.0}],"player_experience":819711,"relics_obtained":[{"floor":5.0,"key":"Bag of Marbles"},{"floor":7.0,"key":"Paper Frog"},{"floor":9.0,"key":"Molten Egg 2"},{"floor":11.0,"key":"Unceasing Top"},{"floor":14.0,"key":"Frozen Egg 2"},{"floor":20.0,"key":"Necronomicon"},{"floor":30.0,"key":"Shovel"}],"event_choices":[{"event_name":"Golden Wing","player_choice":"Card Removal","floor":4.0,"damage_taken":0.0},{"event_name":"The Woman in Blue","player_choice":"Bought 0 Potions","floor":8.0,"damage_taken":0.0},{"event_name":"The Library","player_choice":"Read","floor":19.0,"damage_taken":0.0},{"event_name":"Cursed Tome","player_choice":"Obtained Book","floor":20.0,"damage_taken":0.0},{"event_name":"Ghosts","player_choice":"Ignored","floor":22.0,"damage_taken":0.0},{"event_name":"Purifier","player_choice":"One Purge","floor":24.0,"damage_taken":0.0}],"is_beta":false,"boss_relics":[{"not_picked":["Velvet Choker","Calling Bell"],"picked":"Cursed Key"}],"items_purged_floors":[31],"is_endless":false,"potions_floor_spawned":[3,12,14,16,18,29],"killed_by":"Collector","ascension_level":10}