{"gold_per_floor":[119,133,34,34,34,34,75,75,98,129,129,144,178,78,78,174,174,194,109,35,56,76,120,140,140,166,199,215,236,259,277,277,373,373,397,397,397,453,578,622,637,22,100,114,135,135,169,185,185,185],"floor_reached":51,"playtime":5207,"items_purged":["Strike_R","Strike_R","Strike_R"],"score":1291,"play_id":"eed6539c-87ce-4c27-b4fc-51a4b2fd45d6","local_time":"20190703011403","is_ascension_mode":true,"campfire_choices":[{"data":"Whirlwind","floor":6.0,"key":"SMITH"},{"data":"Armaments","floor":8.0,"key":"SMITH"},{"data":"Uppercut","floor":15.0,"key":"SMITH"},{"floor":25,"key":"REST"},{"floor":32,"key":"REST"},{"floor":46,"key":"REST"},{"floor":49,"key":"REST"}],"neow_cost":"NONE","seed_source_timestamp":62476459298487,"circlet_count":0,"master_deck":["AscendersBane","Strike_R","Strike_R","Defend_R","Defend_R","Defend_R","Defend_R","Bash","Whirlwind+1","Armaments+1","Shockwave","Uppercut+1","Impervious","Double Tap","Armaments","Flame Barrier","Pommel Strike+1","Reaper","Battle Trance","Spot Weakness+1","Flame Barrier","Impervious","Bandage Up","Carnage+1","Demon Form","Headbutt+1","Master of Strategy","Sword Boomerang+1"],"special_seed":0,"relics":["Burning Blood","NeowsBlessing","Golden Idol","Blood Vial","Lantern","Pantograph","Darkstone Periapt","Fusion Hammer","Self Forming Clay","Orichalcum","Smiling Mask","Red Skull","Happy Flower","Busted Crown","Nunchaku","Pocketwatch","Thread and Needle","Bronze Scales","Strawberry","Ornamental Fan","Regal Pillow"],"potions_floor_usage":[33,38,40,40,47,47,50],"damage_taken":[{"damage":0.0,"enemies":"Cultist","floor":1.0,"turns":1.0},{"damage":0.0,"enemies":"Small Slimes","floor":2.0,"turns":1.0},{"damage":0.0,"enemies":"3 Sentries","floor":7.0,"turns":2.0},{"damage":34.0,"enemies":"Lagavulin","floor":10.0,"turns":6.0},{"damage":2.0,"enemies":"Jaw Worm","floor":12.0,"turns":3.0},{"damage":10.0,"enemies":"3 Sentries","floor":13.0,"turns":4.0},{"damage":26.0,"enemies":"The Guardian","floor":16.0,"turns":15.0},{"damage":8.0,"enemies":"Chosen","floor":18.0,"turns":3.0},{"damage":0.0,"enemies":"3 Byrds","floor":21.0,"turns":2.0},{"damage":9.0,"enemies":"Centurion and Healer","floor":22.0,"turns":6.0},{"damage":71.0,"enemies":"Book of Stabbing","floor":23.0,"turns":8.0},{"damage":0,"enemies":"3 Cultists","floor":24,"turns":3},{"damage":0,"enemies":"Gremlin Leader","floor":27,"turns":4},{"damage":16,"enemies":"Snake Plant","floor":28,"turns":5},{"damage":6,"enemies":"Centurion and Healer","floor":29,"turns":5},{"damage":8,"enemies":"Snecko","floor":30,"turns":5},{"damage":0,"enemies":"3 Cultists","floor":31,"turns":4},{"damage":41,"enemies":"Automaton","floor":33,"turns":9},{"damage":0,"enemies":"3 Shapes","floor":35,"turns":3},{"damage":0,"enemies":"2 Orb Walkers","floor":38,"turns":2},{"damage":22,"enemies":"Mind Bloom Boss Battle","floor":39,"turns":6},{"damage":18,"enemies":"Nemesis","floor":40,"turns":7},{"damage":0,"enemies":"3 Darklings","floor":41,"turns":2},{"damage":0,"enemies":"Maw","floor":44,"turns":5},{"damage":8,"enemies":"Transient","floor":45,"turns":5},{"damage":13,"enemies":"Reptomancer","floor":47,"turns":6},{"damage":14,"enemies":"Sphere and 2 Shapes","floor":48,"turns":4},{"damage":41,"enemies":"Time Eater","floor":50,"turns":8}],"seed_played":"-5222119223197326826","potions_obtained":[{"floor":1.0,"key":"PowerPotion"},{"floor":2.0,"key":"Strength Potion"},{"floor":10.0,"key":"SpeedPotion"},{"floor":21.0,"key":"AttackPotion"},{"floor":27,"key":"PowerPotion"},{"floor":28,"key":"SteroidPotion"},{"floor":33,"key":"SpeedPotion"},{"floor":39,"key":"SpeedPotion"},{"floor":44,"key":"Ancient Potion"},{"floor":47,"key":"SteroidPotion"}],"is_trial":false,"path_per_floor":["M","M","$","?","$","R","E","R","T","E","?","M","E","$","R","B",null,"M","?","?","M","M","E","M","R","T","E","M","M","M","M","R","B",null,"M","?","?","?","?","E","M","$","T","M","M","R","E","M","R","B",null],"character_chosen":"IRONCLAD","items_purchased":["Armaments","Bronze Scales","Master of Strategy","Strawberry","Ancient Potion"],"campfire_rested":4,"item_purchase_floors":[3,42,42,42,42],"current_hp_per_floor":[78,80,80,60,60,60,66,66,66,40,40,46,44,44,44,51,73,73,73,73,80,77,14,22,46,46,54,51,65,77,80,80,45,71,79,69,69,80,76,74,80,87,87,87,85,87,86,79,87,58],"gold":185,"neow_bonus":"THREE_ENEMY_KILL","is_prod":false,"is_daily":false,"chose_seed":false,"campfire_upgraded":3,"win_rate":0,"timestamp":1562130843,"path_taken":["M","M","?","?","?","R","E","R","T","E","?","?","E","?","R","BOSS","M","?","?","M","M","E","M","R","T","E","M","M","M","?","R","BOSS","M","?","?","?","?","E","M","$","T","M","M","R","E","M","R","BOSS"],"build_version":"2019-07-01","purchased_purges":3,"victory":true,"max_hp_per_floor":[80,80,80,80,80,80,80,80,80,80,80,80,80,80,80,80,80,80,80,80,80,80,80,80,80,80,80,80,80,80,80,80,80,80,80,80,80,80,80,80,80,87,87,87,87,87,87,87,87,87],"card_choices":[{"not_picked":["Intimidate","Body Slam","Hemokinesis"],"picked":"SKIP","floor":1.0},{"not_picked":["Hemokinesis","Body Slam"],"picked":"Whirlwind","floor":2.0},{"not_picked":["Burning Pact","Clash","Wild Strike"],"picked":"SKIP","floor":7.0},{"not_picked":["Headbutt","Armaments"],"picked":"Shockwave","floor":10.0},{"not_picked":["Shrug It Off","Clash"],"picked":"Uppercut","floor":12.0},{"not_picked":["Fire Breathing","Infernal Blade"],"picked":"Impervious","floor":13.0},{"not_picked":["Limit Break","Barricade"],"picked":"Double Tap","floor":16.0},{"not_picked":["Iron Wave","True Grit"],"picked":"Armaments","floor":18.0},{"not_picked":["Iron Wave","Fire Breathing"],"picked":"Flame Barrier","floor":21.0},{"not_picked":["Ghostly Armor","Shrug It Off"],"picked":"Pommel Strike+1","floor":22.0},{"not_picked":["Shockwave","Pummel","Bludgeon"],"picked":"SKIP","floor":23.0},{"not_picked":["Twin Strike","Evolve","Anger"],"picked":"SKIP","floor":24},{"not_picked":["Iron Wave","Uppercut"],"picked":"Reaper","floor":27},{"not_picked":["Armaments","Headbutt"],"picked":"Battle Trance","floor":28},{"not_picked":["Fire Breathing+1","Intimidate"],"picked":"Spot Weakness+1","floor":29},{"not_picked":["Cleave","Shrug It Off"],"picked":"Flame Barrier","floor":30},{"not_picked":["Dropkick","Havoc","True Grit"],"picked":"SKIP","floor":31},{"not_picked":["Brutality","Exhume"],"picked":"Impervious","floor":33},{"not_picked":["Fire Breathing"],"picked":"SKIP","floor":35},{"not_picked":[],"picked":"Bandage Up","floor":36},{"not_picked":[],"picked":"Carnage+1","floor":39},{"not_picked":[],"picked":"Demon Form","floor":40},{"not_picked":[],"picked":"Headbutt+1","floor":41},{"not_picked":["Flex"],"picked":"SKIP","floor":44},{"not_picked":[],"picked":"Sword Boomerang+1","floor":45},{"not_picked":["Sword Boomerang"],"picked":"SKIP","floor":47},{"not_picked":["Second Wind"],"picked":"SKIP","floor":48}],"player_experience":181186,"relics_obtained":[{"floor":7.0,"key":"Blood Vial"},{"floor":9.0,"key":"Lantern"},{"floor":10.0,"key":"Pantograph"},{"floor":13.0,"key":"Darkstone Periapt"},{"floor":23.0,"key":"Smiling Mask"},{"floor":26,"key":"Red Skull"},{"floor":27,"key":"Happy Flower"},{"floor":38,"key":"Nunchaku"},{"floor":39,"key":"Pocketwatch"},{"floor":40,"key":"Thread and Needle"},{"floor":43,"key":"Ornamental Fan"},{"floor":47,"key":"Regal Pillow"}],"event_choices":[{"damage_healed":0.0,"max_hp_gain":0.0,"max_hp_loss":0.0,"gold_gain":0.0,"event_name":"Golden Idol","player_choice":"Take Damage","floor":4.0,"gold_loss":0.0,"damage_taken":20.0,"relics_obtained":["Golden Idol"]},{"damage_healed":0.0,"max_hp_gain":0.0,"max_hp_loss":0.0,"gold_gain":0.0,"event_name":"Dead Adventurer","player_choice":"Searched \u00270\u0027 times","floor":11.0,"gold_loss":0.0,"damage_taken":0.0},{"damage_healed":0.0,"max_hp_gain":0.0,"max_hp_loss":0.0,"gold_gain":0.0,"event_name":"Addict","player_choice":"Obtained Relic","floor":19.0,"gold_loss":85.0,"damage_taken":0.0,"relics_obtained":["Self Forming Clay"]},{"damage_healed":0.0,"max_hp_gain":0.0,"max_hp_loss":0.0,"gold_gain":0.0,"event_name":"WeMeetAgain","player_choice":"Paid Gold","floor":20.0,"gold_loss":74.0,"damage_taken":0.0,"relics_obtained":["Orichalcum"]},{"damage_healed":0,"gold_gain":0,"player_choice":"Memory 3","damage_taken":10,"max_hp_gain":0,"max_hp_loss":0,"event_name":"SensoryStone","floor":36,"gold_loss":0},{"damage_healed":0,"gold_gain":0,"player_choice":"Ignored","damage_taken":0,"max_hp_gain":0,"max_hp_loss":0,"event_name":"Tomb of Lord Red Mask","floor":37,"gold_loss":0},{"damage_healed":0,"gold_gain":0,"player_choice":"Fight","damage_taken":0,"max_hp_gain":0,"max_hp_loss":0,"event_name":"Mysterious Sphere","floor":38,"gold_loss":0},{"damage_healed":0,"gold_gain":0,"player_choice":"Fight","damage_taken":0,"max_hp_gain":0,"max_hp_loss":0,"event_name":"MindBloom","floor":39,"gold_loss":0}],"is_beta":false,"boss_relics":[{"not_picked":["Ectoplasm","Empty Cage"],"picked":"Fusion Hammer"},{"not_picked":["Tiny House","Orrery"],"picked":"Busted Crown"}],"items_purged_floors":[3,14,42],"is_endless":false,"potions_floor_spawned":[1,2,7,10,21,27,28,29,30,33,39,44,47],"ascension_level":13}