{"gold_per_floor":[110,126,25,45,63,94,110,139,139,150,174,185,185,195,195,293,293,305,334,189,201,220,220,251,251,251,126,144,144,164,175,175,274,274,289,308,135,152,162,187,187,219,242,268,268,281,23,23,23,23],"floor_reached":51,"playtime":7666,"items_purged":["Shame","Bash","Strike_R"],"score":823,"play_id":"1fb15991-3b70-44fb-847c-efe22bc3505b","local_time":"20190206181353","is_ascension_mode":false,"campfire_choices":[{"data":"Juggernaut","floor":13,"key":"SMITH"},{"data":"Armaments","floor":15,"key":"SMITH"},{"data":"Offering","floor":23,"key":"SMITH"},{"data":"Armaments","floor":25,"key":"SMITH"},{"data":"Rampage","floor":29,"key":"SMITH"},{"data":"True Grit","floor":32,"key":"SMITH"},{"data":"Barricade","floor":41,"key":"SMITH"},{"data":"True Grit","floor":49,"key":"SMITH"}],"neow_cost":"CURSE","seed_source_timestamp":170510324237581,"circlet_count":0,"master_deck":["Strike_R","Strike_R","Strike_R","Defend_R","Defend_R","Defend_R","Defend_R","Ghostly Armor","Iron Wave","Armaments+1","Armaments+1","Rage","Rage","Shrug It Off","Rampage","Headbutt","Juggernaut+1","True Grit+1","Offering+1","Burning Pact+1","Shrug It Off","True Grit+1","Shrug It Off+1","Rampage+1","Headbutt","Warcry+1","Headbutt","Barricade+1","Warcry+1","Intimidate+1","Master of Strategy+1","Pommel Strike+1","Flex+1","Impervious+1","Metallicize+1"],"relics":["Burning Blood","FossilizedHelix","Calipers","Anchor","Question Card","Odd Mushroom","Coffee Dripper","Red Mask","Ornamental Fan","Toxic Egg 2","Runic Pyramid","Bottled Tornado","Regal Pillow","Boot","Oddly Smooth Stone","Letter Opener","Potion Belt"],"potions_floor_usage":[6,6,8,8,16,16,24,33,33,33,44,50,50,50],"damage_taken":[{"damage":0,"enemies":"Cultist","floor":1,"turns":4},{"damage":0,"enemies":"2 Louse","floor":2,"turns":3},{"damage":0,"enemies":"Small Slimes","floor":4,"turns":4},{"damage":0,"enemies":"Blue Slaver","floor":5,"turns":6},{"damage":18,"enemies":"Lagavulin","floor":6,"turns":10},{"damage":10,"enemies":"Lots of Slimes","floor":7,"turns":7},{"damage":17,"enemies":"Gremlin Nob","floor":8,"turns":5},{"damage":0,"enemies":"2 Fungi Beasts","floor":10,"turns":5},{"damage":6,"enemies":"The Mushroom Lair","floor":11,"turns":7},{"damage":0,"enemies":"Blue Slaver","floor":12,"turns":3},{"damage":10,"enemies":"Lots of Slimes","floor":14,"turns":4},{"damage":8,"enemies":"The Guardian","floor":16,"turns":9},{"damage":6,"enemies":"3 Byrds","floor":18,"turns":5},{"damage":34,"enemies":"Masked Bandits","floor":19,"turns":5},{"damage":0,"enemies":"Chosen","floor":21,"turns":4},{"damage":0,"enemies":"Snake Plant","floor":22,"turns":3},{"damage":6,"enemies":"Book of Stabbing","floor":24,"turns":5},{"damage":6,"enemies":"Centurion and Healer","floor":28,"turns":6},{"damage":30,"enemies":"Cultist and Chosen","floor":30,"turns":7},{"damage":0,"enemies":"Snake Plant","floor":31,"turns":4},{"damage":12,"enemies":"Collector","floor":33,"turns":8},{"damage":0,"enemies":"Orb Walker","floor":35,"turns":3},{"damage":0,"enemies":"3 Shapes","floor":36,"turns":5},{"damage":1,"enemies":"Maw","floor":38,"turns":7},{"damage":9,"enemies":"Jaw Worm Horde","floor":39,"turns":4},{"damage":34,"enemies":"Reptomancer","floor":40,"turns":9},{"damage":0,"enemies":"Nemesis","floor":42,"turns":9},{"damage":0,"enemies":"Reptomancer","floor":44,"turns":7},{"damage":10,"enemies":"Writhing Mass","floor":46,"turns":6},{"damage":3,"enemies":"Donu and Deca","floor":50,"turns":9}],"seed_played":"-6205591109786124601","potions_obtained":[{"floor":1,"key":"FearPotion"},{"floor":2,"key":"LiquidBronze"},{"floor":6,"key":"Energy Potion"},{"floor":7,"key":"AttackPotion"},{"floor":11,"key":"Strength Potion"},{"floor":14,"key":"Ancient Potion"},{"floor":16,"key":"Strength Potion"},{"floor":19,"key":"Block Potion"},{"floor":24,"key":"SpeedPotion"},{"floor":28,"key":"Ancient Potion"},{"floor":39,"key":"GamblersBrew"},{"floor":42,"key":"Explosive Potion"},{"floor":44,"key":"Poison Potion"},{"floor":46,"key":"FearPotion"}],"is_trial":false,"path_per_floor":["M","M","$","M","M","E","M","E","T","M","?","M","R","M","R","B",null,"M","?","$","M","M","R","E","R","T","$","M","R","M","M","R","B",null,"M","M","$","M","M","E","R","E","T","E","?","M","$","?","R","B",null],"character_chosen":"IRONCLAD","items_purchased":["Armaments","True Grit","Master of Strategy+1","Letter Opener"],"campfire_rested":0,"item_purchase_floors":[3,20,37,47],"current_hp_per_floor":[80,80,80,80,80,68,64,53,53,59,59,65,65,61,61,59,80,80,52,52,58,64,64,64,64,64,64,64,64,40,46,46,40,80,80,80,80,80,77,49,49,55,55,61,61,57,57,57,57,60],"gold":23,"neow_bonus":"ONE_RARE_RELIC","is_prod":false,"is_daily":false,"chose_seed":false,"campfire_upgraded":8,"win_rate":0,"timestamp":1549473233,"path_taken":["M","M","$","M","M","E","M","E","T","?","?","M","R","M","R","BOSS","M","?","$","M","M","R","E","R","T","$","M","R","M","M","R","BOSS","M","M","$","M","M","E","R","E","T","E","?","M","$","?","R","BOSS"],"build_version":"2019-01-23","purchased_purges":3,"victory":true,"max_hp_per_floor":[80,80,80,80,80,80,80,80,80,80,80,80,80,80,80,80,80,80,80,80,80,80,80,80,80,80,80,80,80,80,80,80,80,80,80,80,80,80,80,80,80,80,80,80,80,80,80,80,80,80],"card_choices":[{"not_picked":["Whirlwind","Rupture"],"picked":"Ghostly Armor","floor":1},{"not_picked":["Cleave","Thunderclap"],"picked":"Iron Wave","floor":2},{"not_picked":["Rampage","Anger"],"picked":"Armaments","floor":4},{"not_picked":["Cleave","Pommel Strike"],"picked":"Rage","floor":5},{"not_picked":["Intimidate","Perfected Strike"],"picked":"Rage","floor":6},{"not_picked":["Cleave","Searing Blow"],"picked":"Shrug It Off","floor":7},{"not_picked":["Disarm","Heavy Blade"],"picked":"Rampage","floor":8},{"not_picked":["Whirlwind","Seeing Red","Pommel Strike","Body Slam"],"picked":"SKIP","floor":10},{"not_picked":["Pommel Strike","Cleave","Anger"],"picked":"Headbutt","floor":11},{"not_picked":["Hemokinesis","Shrug It Off","Whirlwind"],"picked":"Juggernaut","floor":12},{"not_picked":["Shrug It Off","Cleave","Sword Boomerang"],"picked":"True Grit","floor":14},{"not_picked":["Reaper","Berserk","Limit Break"],"picked":"Offering","floor":16},{"not_picked":["Seeing Red","Intimidate+1","Twin Strike+1"],"picked":"Burning Pact+1","floor":18},{"not_picked":["Clash","Thunderclap+1","Anger"],"picked":"Shrug It Off","floor":19},{"not_picked":["Cleave","Hemokinesis+1","Sever Soul+1"],"picked":"Shrug It Off+1","floor":21},{"not_picked":["Shrug It Off","Anger","Infernal Blade"],"picked":"Rampage","floor":22},{"not_picked":["Reckless Charge+1","Limit Break","Armaments"],"picked":"Headbutt","floor":24},{"not_picked":["Dropkick","Combust","Battle Trance+1","Pummel"],"picked":"SKIP","floor":28},{"not_picked":["Clothesline+1","Pommel Strike+1","Heavy Blade"],"picked":"Warcry+1","floor":30},{"not_picked":["Pommel Strike+1","Berserk","Intimidate+1"],"picked":"Headbutt","floor":31},{"not_picked":["Fiend Fire","Juggernaut","Reaper"],"picked":"Barricade","floor":33},{"not_picked":["Twin Strike+1","Pommel Strike","Clash+1"],"picked":"Warcry+1","floor":35},{"not_picked":["Clash+1","Thunderclap","Ghostly Armor+1"],"picked":"Intimidate+1","floor":36},{"not_picked":["Twin Strike+1","Thunderclap+1","Anger+1"],"picked":"Pommel Strike+1","floor":38},{"not_picked":["Clothesline","Armaments+1","Twin Strike"],"picked":"Flex+1","floor":39},{"not_picked":["Ghostly Armor+1","Body Slam+1","Feel No Pain"],"picked":"Impervious+1","floor":40},{"not_picked":["Searing Blow","True Grit+1","Perfected Strike+1","Sword Boomerang"],"picked":"SKIP","floor":42},{"not_picked":["Heavy Blade+1","Whirlwind+1","Reckless Charge+1","Clothesline+1"],"picked":"SKIP","floor":44},{"not_picked":["Burning Pact+1","Anger","Hemokinesis+1"],"picked":"Metallicize+1","floor":46}],"player_experience":48180,"relics_obtained":[{"floor":6,"key":"Calipers"},{"floor":8,"key":"Anchor"},{"floor":9,"key":"Question Card"},{"floor":11,"key":"Odd Mushroom"},{"floor":19,"key":"Red Mask"},{"floor":24,"key":"Ornamental Fan"},{"floor":26,"key":"Toxic Egg 2"},{"floor":40,"key":"Bottled Tornado"},{"floor":42,"key":"Regal Pillow"},{"floor":43,"key":"Boot"},{"floor":44,"key":"Oddly Smooth Stone"},{"floor":48,"key":"Potion Belt"}],"event_choices":[{"damage_healed":0,"gold_gain":0,"player_choice":"Fought Mushrooms","damage_taken":0,"max_hp_gain":0,"max_hp_loss":0,"event_name":"Mushrooms","floor":11,"gold_loss":0},{"damage_healed":0,"gold_gain":0,"player_choice":"Fought Bandits","damage_taken":0,"max_hp_gain":0,"max_hp_loss":0,"event_name":"Masked Bandits","floor":19,"gold_loss":0},{"cards_removed":["Strike_R"],"damage_healed":0,"gold_gain":0,"player_choice":"Removed Attack","damage_taken":0,"max_hp_gain":0,"max_hp_loss":0,"event_name":"Falling","floor":45,"gold_loss":0},{"damage_healed":0,"gold_gain":0,"player_choice":"Relic","damage_taken":0,"max_hp_gain":0,"max_hp_loss":0,"event_name":"Wheel of Change","floor":48,"gold_loss":0}],"is_beta":true,"boss_relics":[{"not_picked":["Orrery","Lizard Tail"],"picked":"Coffee Dripper"},{"not_picked":["Snecko Eye","Velvet Choker"],"picked":"Runic Pyramid"}],"items_purged_floors":[3,20,27],"is_endless":false,"potions_floor_spawned":[1,2,6,7,11,14,16,19,24,28,31,39,42,44,46],"ascension_level":0}