{"gold_per_floor":[110,110,120,139,58,58,92,52,105,121,121,150,50,50,50,153,153,171,143,143,163,163],"floor_reached":22,"playtime":1348,"items_purged":["Strike_R"],"score":194,"play_id":"2a848d07-49c2-4137-92fe-148702fadd66","local_time":"20190815210036","is_ascension_mode":false,"campfire_choices":[{"data":"Barricade","floor":6,"key":"SMITH"},{"floor":11,"key":"REST"},{"data":"Armaments","floor":15,"key":"SMITH"}],"neow_cost":"NONE","seed_source_timestamp":1195253926860503,"circlet_count":0,"master_deck":["Strike_R","Strike_R+1","Strike_R","Defend_R+1","Defend_R","Defend_R","Bash+1","Spot Weakness+1","Barricade+1","Disarm","Shrug It Off","Evolve","Dropkick","Rampage","Armaments+1","Rage","Anger","Metallicize","Demon Form","Pummel+1","Combust","Second Wind"],"relics":["Burning Blood","Whetstone","Tiny Chest","Ancient Tea Set","Runic Pyramid"],"potions_floor_usage":[],"damage_taken":[{"damage":4,"enemies":"2 Louse","floor":1,"turns":3},{"damage":2,"enemies":"Small Slimes","floor":3,"turns":4},{"damage":8,"enemies":"Cultist","floor":4,"turns":6},{"damage":39,"enemies":"3 Sentries","floor":7,"turns":11},{"damage":19,"enemies":"Exordium Wildlife","floor":10,"turns":6},{"damage":11,"enemies":"Lagavulin","floor":12,"turns":7},{"damage":22,"enemies":"Slime Boss","floor":16,"turns":10},{"damage":14,"enemies":"Spheric Guardian","floor":18,"turns":6},{"damage":32,"enemies":"2 Thieves","floor":19,"turns":5},{"damage":16,"enemies":"Snake Plant","floor":21,"turns":5},{"damage":35,"enemies":"3 Cultists","floor":22,"turns":5}],"seed_played":"-1800196634777916787","potions_obtained":[{"floor":3,"key":"Ancient Potion"},{"floor":4,"key":"Weak Potion"},{"floor":7,"key":"SkillPotion"},{"floor":16,"key":"LiquidBronze"}],"is_trial":false,"path_per_floor":["M","?","M","M","$","R","E","$","T","M","R","E","$","?","R","B",null,"M","M","?","M","M"],"character_chosen":"IRONCLAD","items_purchased":["Shrug It Off","Evolve","Rampage","Anger"],"campfire_rested":1,"item_purchase_floors":[5,5,8,13],"current_hp_per_floor":[80,64,68,66,66,66,33,33,33,20,44,39,39,39,39,23,80,72,46,38,28,0],"gold":163,"neow_bonus":"REMOVE_CARD","is_prod":false,"is_daily":false,"chose_seed":false,"campfire_upgraded":2,"win_rate":0,"timestamp":1565895636,"path_taken":["M","?","M","M","$","R","E","$","T","M","R","E","$","?","R","BOSS","M","M","?","?","M"],"build_version":"2019-07-17","purchased_purges":1,"victory":false,"max_hp_per_floor":[80,80,80,80,80,80,80,80,80,80,80,80,80,80,80,80,80,80,80,80,80,80],"card_choices":[{"not_picked":["Clothesline","Heavy Blade"],"picked":"Spot Weakness","floor":1},{"not_picked":["Heavy Blade","Burning Pact"],"picked":"Barricade","floor":3},{"not_picked":["Havoc","Perfected Strike"],"picked":"Disarm","floor":4},{"not_picked":["Rampage","Anger"],"picked":"Dropkick","floor":7},{"not_picked":["Headbutt","Hemokinesis"],"picked":"Armaments","floor":10},{"not_picked":["Carnage","Spot Weakness"],"picked":"Rage","floor":12},{"not_picked":["Impervious","Bludgeon"],"picked":"Demon Form","floor":16},{"not_picked":["Feel No Pain","Thunderclap"],"picked":"Pummel+1","floor":18},{"not_picked":["Twin Strike+1","Warcry+1"],"picked":"Combust","floor":19},{"not_picked":["Shockwave","Thunderclap"],"picked":"Second Wind","floor":21}],"player_experience":317005,"relics_obtained":[{"floor":7,"key":"Whetstone"},{"floor":9,"key":"Tiny Chest"},{"floor":12,"key":"Ancient Tea Set"}],"event_choices":[{"damage_healed":0,"gold_gain":0,"player_choice":"Entered Light","damage_taken":16,"max_hp_gain":0,"max_hp_loss":0,"event_name":"Shining Light","floor":2,"gold_loss":0,"cards_upgraded":["Spot Weakness","Defend_R"]},{"damage_healed":0,"gold_gain":0,"cards_transformed":["Strike_R"],"player_choice":"Change","damage_taken":0,"max_hp_gain":0,"max_hp_loss":0,"event_name":"Living Wall","floor":14,"gold_loss":0,"cards_obtained":["Metallicize"]},{"damage_healed":0,"gold_gain":0,"player_choice":"","damage_taken":8,"max_hp_gain":0,"max_hp_loss":0,"event_name":"Knowing Skull","floor":20,"potions_obtained":[],"gold_loss":0,"cards_obtained":[]}],"is_beta":false,"boss_relics":[{"not_picked":["White Beast Statue","Fusion Hammer"],"picked":"Runic Pyramid"}],"items_purged_floors":[13],"is_endless":false,"potions_floor_spawned":[3,4,7,16,19,21],"killed_by":"3 Cultists","ascension_level":0}