{"gold_per_floor":[118,132,147,48,48,48,79,79,103,113,125,125,193,206,206,206],"floor_reached":16,"playtime":1246,"items_purged":["Grand Finale"],"score":102,"play_id":"8b70032e-b4aa-47ff-95bb-3ba8e0fb3720","local_time":"20181117015002","is_ascension_mode":false,"campfire_choices":[{"data":"Dagger Throw","floor":6,"key":"SMITH"},{"data":"Bane","floor":8,"key":"SMITH"},{"floor":12,"key":"REST"},{"floor":15,"key":"REST"}],"neow_cost":"NONE","seed_source_timestamp":66652510422208,"circlet_count":0,"master_deck":["Defend_G","Defend_G","Defend_G","Defend_G","Strike_G","Strike_G","Strike_G","Strike_G","Strike_G","Survivor","Neutralize","Bane+1","Dagger Throw+1","Sucker Punch","Bane"],"relics":["Ring of the Snake","Boot","Potion Belt","Blue Candle"],"potions_floor_usage":[11],"damage_taken":[{"damage":0,"enemies":"Jaw Worm","floor":1,"turns":6},{"damage":4,"enemies":"Cultist","floor":2,"turns":5},{"damage":9,"enemies":"2 Louse","floor":3,"turns":2},{"damage":23,"enemies":"3 Sentries","floor":7,"turns":9},{"damage":3,"enemies":"Large Slime","floor":10,"turns":6},{"damage":11,"enemies":"Exordium Thugs","floor":11,"turns":4},{"damage":7,"enemies":"Looter","floor":14,"turns":2},{"damage":0,"enemies":"Hexaghost","floor":16,"turns":1}],"seed_played":"6170195041787568490","potions_obtained":[{"floor":7,"key":"LiquidBronze"},{"floor":10,"key":"Strength Potion"},{"floor":14,"key":"Regen Potion"}],"is_trial":false,"path_per_floor":["M","M","M","$","?","R","E","R","T","M","M","R","T","M","R","B"],"character_chosen":"THE_SILENT","items_purchased":["Dagger Throw"],"campfire_rested":2,"item_purchase_floors":[4],"current_hp_per_floor":[70,66,57,57,57,57,34,34,34,31,20,41,41,34,55,55],"gold":206,"neow_bonus":"ONE_RANDOM_RARE_CARD","is_prod":false,"is_daily":false,"chose_seed":false,"campfire_upgraded":2,"win_rate":0,"timestamp":1542448202,"path_taken":["M","M","M","$","?","R","E","R","T","?","?","R","?","M","R","BOSS"],"build_version":"2018-11-15","purchased_purges":1,"victory":false,"max_hp_per_floor":[70,70,70,70,70,70,70,70,70,70,70,70,70,70,70,70],"card_choices":[{"not_picked":["Dodge and Roll","Flying Knee","Cloak And Dagger"],"picked":"SKIP","floor":1},{"not_picked":["Backflip","Dagger Spray","All Out Attack"],"picked":"SKIP","floor":2},{"not_picked":["Heel Hook","Leg Sweep"],"picked":"Bane","floor":3},{"not_picked":["Well Laid Plans","Distraction","Setup"],"picked":"SKIP","floor":7},{"not_picked":["Reflex","PiercingWail"],"picked":"Sucker Punch","floor":10},{"not_picked":["Burst","Deflect","Prepared"],"picked":"SKIP","floor":11},{"not_picked":["Dodge and Roll","Deflect"],"picked":"Bane","floor":14}],"player_experience":991032,"relics_obtained":[{"floor":7,"key":"Boot"},{"floor":9,"key":"Potion Belt"},{"floor":13,"key":"Blue Candle"}],"event_choices":[{"cards_removed":["Defend_G"],"damage_healed":0,"gold_gain":0,"player_choice":"Card Removal","damage_taken":0,"max_hp_gain":0,"max_hp_loss":0,"event_name":"Wheel of Change","floor":5,"gold_loss":0}],"is_beta":false,"boss_relics":[],"items_purged_floors":[4],"is_endless":false,"potions_floor_spawned":[7,10,14],"killed_by":"Hexaghost","ascension_level":0}