{"gold_per_floor":[365,365,384,126,126,126,151,151,178,178,201,224,265,289,289,289],"floor_reached":16,"playtime":883,"items_purged":["Decay"],"score":168,"play_id":"d4dcfad2-6309-4c51-92c0-0fa19287458d","local_time":"20181108191142","is_ascension_mode":true,"campfire_choices":[{"data":"Burning Pact","floor":6,"key":"SMITH"},{"data":"Wild Strike","floor":8,"key":"SMITH"},{"data":"Power Through","floor":10,"key":"SMITH"},{"floor":15,"key":"REST"}],"neow_cost":"CURSE","seed_source_timestamp":21113728522518,"circlet_count":0,"master_deck":["AscendersBane","Strike_R","Strike_R","Strike_R","Strike_R","Strike_R","Defend_R","Defend_R","Defend_R","Bash","Wild Strike+1","Burning Pact+1","Power Through+1","Feel No Pain"],"relics":["Burning Blood","Golden Idol","Membership Card","Bronze Scales","Question Card"],"potions_floor_usage":[13,16,16],"damage_taken":[{"damage":11,"enemies":"Small Slimes","floor":1,"turns":5},{"damage":12,"enemies":"Jaw Worm","floor":3,"turns":2},{"damage":0,"enemies":"Cultist","floor":7,"turns":4},{"damage":8,"enemies":"Blue Slaver","floor":11,"turns":3},{"damage":10,"enemies":"Exordium Wildlife","floor":12,"turns":5},{"damage":16,"enemies":"Gremlin Nob","floor":13,"turns":3},{"damage":1,"enemies":"2 Fungi Beasts","floor":14,"turns":3},{"damage":64,"enemies":"Slime Boss","floor":16,"turns":10}],"seed_played":"3501301979564942613","potions_obtained":[{"floor":1,"key":"SkillPotion"},{"floor":11,"key":"AttackPotion"},{"floor":13,"key":"GamblersBrew"}],"is_trial":false,"path_per_floor":["M","?","M","$","?","R","M","R","T","R","M","M","E","M","R","B"],"character_chosen":"IRONCLAD","items_purchased":["Membership Card","Power Through"],"campfire_rested":1,"item_purchase_floors":[4,4],"current_hp_per_floor":[67,47,41,41,41,41,47,47,47,47,45,41,31,36,60,0],"gold":289,"neow_bonus":"TWO_FIFTY_GOLD","is_prod":false,"is_daily":false,"chose_seed":false,"campfire_upgraded":3,"win_rate":0,"timestamp":1541733102,"path_taken":["M","?","M","$","?","R","M","R","T","R","M","?","E","M","R","BOSS"],"build_version":"2018-11-08","purchased_purges":1,"victory":false,"max_hp_per_floor":[80,80,80,80,80,80,80,80,80,80,80,80,80,80,80,80],"card_choices":[{"not_picked":["Power Through","Pommel Strike"],"picked":"Wild Strike","floor":1},{"not_picked":["Seeing Red","Ghostly Armor"],"picked":"Burning Pact","floor":3},{"not_picked":["Anger","Clash","Body Slam"],"picked":"SKIP","floor":7},{"not_picked":["Rage","Headbutt","Sword Boomerang"],"picked":"SKIP","floor":11},{"not_picked":["Blood for Blood","Clothesline","Combust"],"picked":"SKIP","floor":12},{"not_picked":["Shrug It Off","Armaments"],"picked":"Feel No Pain","floor":13},{"not_picked":["Headbutt","Flex","Clash","Perfected Strike"],"picked":"SKIP","floor":14}],"player_experience":947511,"relics_obtained":[{"floor":9,"key":"Bronze Scales"},{"floor":13,"key":"Question Card"}],"event_choices":[{"damage_healed":0,"gold_gain":0,"player_choice":"Take Damage","damage_taken":20,"relics_obtained":["Golden Idol"],"max_hp_gain":0,"max_hp_loss":0,"event_name":"Golden Idol","floor":2,"gold_loss":0},{"cards_removed":["Defend_R"],"damage_healed":0,"gold_gain":0,"player_choice":"Purged","damage_taken":0,"max_hp_gain":0,"max_hp_loss":0,"event_name":"Purifier","floor":5,"gold_loss":0}],"is_beta":false,"boss_relics":[],"items_purged_floors":[4],"is_endless":false,"potions_floor_spawned":[1,11,12,13],"killed_by":"Slime Boss","ascension_level":13}