{"gold_per_floor":[109,123,138,32,107,107,118,118,186,219,219,219,229,68,68,141,141,151,151,151,163,163,163,1,1,69,80,97,97,97,60,60,138,138,148,158,158,83,83,83,0,0,26,45,45,64,83,99,99,99],"floor_reached":50,"playtime":3918,"items_purged":["Pain"],"score":814,"play_id":"a4c8e46d-13c0-4e32-9776-ec2a4b09bef6","local_time":"20190816184229","is_ascension_mode":true,"campfire_choices":[{"data":"Sunder","floor":6.0,"key":"SMITH"},{"data":"Sweeping Beam","floor":8.0,"key":"SMITH"},{"data":"Zap","floor":12.0,"key":"SMITH"},{"data":"Dualcast","floor":15.0,"key":"SMITH"},{"data":"Echo Form","floor":23.0,"key":"SMITH"},{"data":"Hologram","floor":25.0,"key":"SMITH"},{"data":"Leap","floor":29.0,"key":"SMITH"},{"floor":32.0,"key":"REST"},{"data":"Creative AI","floor":40.0,"key":"SMITH"},{"floor":42.0,"key":"REST"},{"data":"Capacitor","floor":45.0,"key":"SMITH"},{"floor":49.0,"key":"REST"}],"neow_cost":"NONE","seed_source_timestamp":0,"circlet_count":0,"master_deck":["AscendersBane","Strike_B","Strike_B","Defend_B","Defend_B","Zap+1","Dualcast+1","Chill","Sweeping Beam+1","Sunder+1","Leap+1","Cold Snap","Hologram+1","Echo Form+1","Compile Driver","Ball Lightning","Capacitor+1","Blizzard+1","Creative AI+1"],"special_seed":0,"relics":["Cracked Core","Pear","Strawberry","Dream Catcher","Empty Cage","Dodecahedron","DataDisk","Darkstone Periapt","Busted Crown","WarpedTongs","Red Mask","Happy Flower"],"potions_floor_usage":[],"damage_taken":[{"damage":4.0,"enemies":"Jaw Worm","floor":1.0,"turns":4.0},{"damage":1.0,"enemies":"Cultist","floor":2.0,"turns":3.0},{"damage":0.0,"enemies":"2 Louse","floor":3.0,"turns":2.0},{"damage":2.0,"enemies":"Red Slaver","floor":7.0,"turns":3.0},{"damage":21.0,"enemies":"Gremlin Nob","floor":10.0,"turns":4.0},{"damage":0.0,"enemies":"Exordium Thugs","floor":13.0,"turns":3.0},{"damage":4.0,"enemies":"The Guardian","floor":16.0,"turns":12.0},{"damage":9.0,"enemies":"Chosen","floor":18.0,"turns":5.0},{"damage":5.0,"enemies":"3 Byrds","floor":21.0,"turns":4.0},{"damage":23.0,"enemies":"Centurion and Healer","floor":27.0,"turns":8.0},{"damage":27.0,"enemies":"Snake Plant","floor":28.0,"turns":4.0},{"damage":93.0,"enemies":"Collector","floor":33.0,"turns":11.0},{"damage":15.0,"enemies":"3 Shapes","floor":35.0,"turns":5.0},{"damage":22.0,"enemies":"3 Darklings","floor":36.0,"turns":3.0},{"damage":42.0,"enemies":"Spire Growth","floor":44.0,"turns":6.0},{"damage":4.0,"enemies":"4 Shapes","floor":46.0,"turns":6.0},{"damage":4.0,"enemies":"3 Darklings","floor":47.0,"turns":3.0},{"damage":6.0,"enemies":"Sphere and 2 Shapes","floor":48.0,"turns":6.0},{"damage":33,"enemies":"Awakened One","floor":50,"turns":2}],"seed_played":"-5551310075756181424","potions_obtained":[{"floor":2.0,"key":"FairyPotion"},{"floor":7.0,"key":"EssenceOfSteel"},{"floor":16.0,"key":"Fire Potion"},{"floor":18.0,"key":"Regen Potion"},{"floor":28.0,"key":"FairyPotion"},{"floor":46.0,"key":"Fire Potion"},{"floor":47.0,"key":"PowerPotion"},{"floor":48.0,"key":"PowerPotion"}],"is_trial":false,"path_per_floor":["M","M","M","$","?","R","M","R","T","E","?","R","M","$","R","B",null,"M","?","?","M","T","R","$","R","T","M","M","R","?","$","R","B",null,"M","M","?","$","?","R","?","R","T","M","R","M","M","M","R","B"],"character_chosen":"DEFECT","items_purchased":["Sunder","Leap","Dream Catcher","DataDisk","Capacitor"],"campfire_rested":3,"item_purchase_floors":[4,4,14,24,31],"current_hp_per_floor":[60,59,59,59,48,48,46,46,56,42,42,42,42,42,42,38,76,67,67,67,62,62,62,62,62,62,54,27,27,27,27,53,8,68,53,31,37,37,37,37,37,63,63,21,21,17,13,7,33,0],"gold":99,"neow_bonus":"REMOVE_CARD","is_prod":false,"is_daily":false,"chose_seed":false,"campfire_upgraded":9,"win_rate":0,"timestamp":1566006149,"path_taken":["M","M","M","$","?","R","M","R","T","E","?","R","M","$","R","BOSS","M","?","?","?","?","R","$","R","T","?","M","R","?","?","R","BOSS","M","M","?","?","?","R","?","R","T","M","R","M","M","M","R","BOSS"],"build_version":"2019-07-17","purchased_purges":1,"victory":false,"max_hp_per_floor":[71,71,71,71,71,71,71,71,81,88,88,88,88,88,88,88,88,88,88,88,88,88,88,88,88,88,88,88,88,88,88,88,88,88,88,88,94,94,89,89,89,89,89,89,89,89,89,89,89,89],"card_choices":[{"not_picked":["Gash","Rebound","Go for the Eyes"],"picked":"SKIP","floor":1.0},{"not_picked":["Leap","Redo"],"picked":"Chill","floor":2.0},{"not_picked":["Beam Cell","Capacitor"],"picked":"Sweeping Beam","floor":3.0},{"not_picked":["BootSequence","Streamline","Reboot"],"picked":"SKIP","floor":7.0},{"not_picked":["Reboot","Seek"],"picked":"Cold Snap","floor":10.0},{"not_picked":["Steam Power","Beam Cell"],"picked":"Hologram","floor":13.0},{"not_picked":["Amplify","Creative AI"],"picked":"Echo Form","floor":16.0},{"not_picked":["Storm","Redo","Turbo"],"picked":"SKIP","floor":18.0},{"not_picked":["Hologram","Coolheaded"],"picked":"Compile Driver","floor":21.0},{"not_picked":["Blizzard","Turbo"],"picked":"Ball Lightning","floor":27.0},{"not_picked":["Cold Snap","Redo","Steam+1"],"picked":"SKIP","floor":28.0},{"not_picked":["Redo","Hello World"],"picked":"Blizzard+1","floor":32.0},{"not_picked":["Core Surge","Amplify"],"picked":"Creative AI","floor":33.0},{"not_picked":["Streamline"],"picked":"SKIP","floor":35.0},{"not_picked":["Lockon"],"picked":"SKIP","floor":36.0},{"not_picked":["Rip and Tear"],"picked":"SKIP","floor":44.0},{"not_picked":["Streamline"],"picked":"SKIP","floor":46.0},{"not_picked":["Lockon"],"picked":"SKIP","floor":47.0},{"not_picked":["Heatsinks"],"picked":"SKIP","floor":48.0}],"player_experience":664453,"relics_obtained":[{"floor":9.0,"key":"Pear"},{"floor":10.0,"key":"Strawberry"},{"floor":22.0,"key":"Dodecahedron"},{"floor":26.0,"key":"Darkstone Periapt"},{"floor":43.0,"key":"Happy Flower"}],"event_choices":[{"damage_healed":0.0,"max_hp_gain":0.0,"max_hp_loss":0.0,"gold_gain":75.0,"event_name":"World of Goop","player_choice":"Gather Gold","floor":5.0,"gold_loss":0.0,"damage_taken":11.0},{"cards_removed":["Strike_B"],"damage_healed":0.0,"max_hp_gain":0.0,"max_hp_loss":0.0,"gold_gain":0.0,"event_name":"Bonfire Elementals","player_choice":"Offered Basic","floor":11.0,"gold_loss":0.0,"damage_taken":0.0},{"damage_healed":0.0,"max_hp_gain":0.0,"max_hp_loss":0.0,"gold_gain":0.0,"event_name":"Ghosts","player_choice":"Ignored","floor":19.0,"gold_loss":0.0,"damage_taken":0.0},{"damage_healed":0.0,"max_hp_gain":0.0,"max_hp_loss":0.0,"gold_gain":0.0,"event_name":"Lab","player_choice":"Got Potions","floor":20.0,"gold_loss":0.0,"damage_taken":0.0},{"damage_healed":0.0,"max_hp_gain":0.0,"max_hp_loss":0.0,"gold_gain":0.0,"event_name":"Cursed Tome","player_choice":"Ignored","floor":30.0,"gold_loss":0.0,"damage_taken":0.0},{"damage_healed":0.0,"max_hp_gain":0.0,"max_hp_loss":0.0,"gold_gain":0.0,"event_name":"Accursed Blacksmith","player_choice":"Rummage","floor":37.0,"gold_loss":0.0,"damage_taken":0.0,"relics_obtained":["WarpedTongs"],"cards_obtained":["Pain"]},{"damage_healed":0.0,"max_hp_gain":0.0,"max_hp_loss":5.0,"gold_gain":0.0,"event_name":"Winding Halls","player_choice":"Max HP","floor":39.0,"gold_loss":0.0,"damage_taken":0.0},{"damage_healed":0.0,"max_hp_gain":0.0,"max_hp_loss":0.0,"gold_gain":0.0,"event_name":"Tomb of Lord Red Mask","player_choice":"Paid","floor":41.0,"gold_loss":83.0,"damage_taken":0.0,"relics_obtained":["Red Mask"]}],"is_beta":false,"boss_relics":[{"not_picked":["Lizard Tail","FrozenCore"],"picked":"Empty Cage"},{"not_picked":["Tiny House","Velvet Choker"],"picked":"Busted Crown"}],"items_purged_floors":[38],"is_endless":false,"potions_floor_spawned":[2,7,13,16,18,21,28,46,47,48],"killed_by":"Awakened One","ascension_level":17}