{"gold_per_floor":[115,131,56,69,69,69,20,34,60,60,91,102,102,120,120,220,220,234,134,149,149,24,24],"floor_reached":23,"playtime":1190,"items_purged":["Defend_B","Stack","Strike_B"],"score":191,"play_id":"41301b87-44e8-4022-89bf-0195553d9f7c","local_time":"20190425124514","is_ascension_mode":false,"campfire_choices":[{"data":"Zap","floor":6,"key":"SMITH"},{"data":"Streamline","floor":15,"key":"SMITH"}],"neow_cost":"NONE","seed_source_timestamp":409965146383571,"circlet_count":0,"master_deck":["Strike_B","Defend_B","Defend_B","Defend_B","Zap+1","Dualcast","Ball Lightning","Streamline+1","Echo Form","Iron Wave"],"relics":["Cracked Core","Orichalcum","Lantern","Bottled Flame","Black Star"],"potions_floor_usage":[11,16],"damage_taken":[{"damage":0,"enemies":"2 Louse","floor":1,"turns":2},{"damage":3,"enemies":"Small Slimes","floor":2,"turns":3},{"damage":1,"enemies":"Cultist","floor":4,"turns":4},{"damage":21,"enemies":"Exordium Thugs","floor":8,"turns":4},{"damage":10,"enemies":"3 Sentries","floor":11,"turns":6},{"damage":8,"enemies":"Blue Slaver","floor":12,"turns":4},{"damage":0,"enemies":"Large Slime","floor":14,"turns":3},{"damage":35,"enemies":"Hexaghost","floor":16,"turns":10},{"damage":24,"enemies":"2 Thieves","floor":18,"turns":4},{"damage":13,"enemies":"3 Byrds","floor":20,"turns":3},{"damage":44,"enemies":"Book of Stabbing","floor":23,"turns":4}],"seed_played":"-6183601146410836515","potions_obtained":[{"floor":2,"key":"Dexterity Potion"},{"floor":8,"key":"GamblersBrew"},{"floor":11,"key":"SmokeBomb"}],"is_trial":false,"path_per_floor":["M","M","$","M","?","R","$","M","T","?","E","M","T","M","R","B",null,"M","$","M","?","$","E"],"character_chosen":"DEFECT","items_purchased":["Ball Lightning"],"campfire_rested":0,"item_purchase_floors":[7],"current_hp_per_floor":[75,72,72,71,76,76,76,55,55,55,45,37,37,37,37,2,80,56,56,43,43,43,0],"gold":24,"neow_bonus":"TRANSFORM_CARD","is_prod":false,"is_daily":false,"chose_seed":false,"campfire_upgraded":2,"win_rate":0,"timestamp":1556189114,"path_taken":["M","M","$","M","?","R","$","M","T","?","E","?","?","M","R","BOSS","M","$","M","?","$","E"],"build_version":"2019-04-23","purchased_purges":3,"victory":false,"max_hp_per_floor":[75,75,75,75,80,80,80,80,80,80,80,80,80,80,80,80,80,80,80,80,80,80,80],"card_choices":[{"not_picked":["Cold Snap","Rip and Tear","Heatsinks"],"picked":"SKIP","floor":1},{"not_picked":["Leap","Streamline","Rebound"],"picked":"SKIP","floor":2},{"not_picked":["Turbo","Cold Snap","Tempest"],"picked":"SKIP","floor":4},{"not_picked":["Stack","Ball Lightning","Hologram"],"picked":"SKIP","floor":8},{"not_picked":["FTL","Turbo"],"picked":"Streamline","floor":11},{"not_picked":["Static Discharge","Go for the Eyes","Hyperbeam"],"picked":"SKIP","floor":12},{"not_picked":["Streamline","Darkness","Rebound"],"picked":"SKIP","floor":14},{"not_picked":["Electrodynamics","Reboot"],"picked":"Echo Form","floor":16},{"not_picked":["Coolheaded+1","Redo","Rebound"],"picked":"SKIP","floor":18},{"not_picked":["Beam Cell+1","Redo","Ball Lightning"],"picked":"SKIP","floor":20}],"player_experience":333963,"relics_obtained":[{"floor":9,"key":"Orichalcum"},{"floor":11,"key":"Lantern"},{"floor":13,"key":"Bottled Flame"}],"event_choices":[{"damage_healed":0,"gold_gain":0,"player_choice":"Donut","damage_taken":0,"max_hp_gain":5,"max_hp_loss":0,"event_name":"Big Fish","floor":5,"gold_loss":0},{"damage_healed":0,"gold_gain":0,"player_choice":"0 cards matched","damage_taken":0,"max_hp_gain":0,"max_hp_loss":0,"event_name":"Match and Keep!","floor":10,"gold_loss":0,"cards_obtained":[]},{"cards_removed":["Strike_B"],"damage_healed":0,"gold_gain":0,"player_choice":"Took Card","damage_taken":0,"max_hp_gain":0,"max_hp_loss":0,"event_name":"NoteForYourself","floor":21,"gold_loss":0,"cards_obtained":["Iron Wave"]}],"is_beta":true,"boss_relics":[{"not_picked":["FrozenCore","Tiny House"],"picked":"Black Star"}],"items_purged_floors":[3,19,22],"is_endless":false,"potions_floor_spawned":[2,8,11],"killed_by":"Book of Stabbing","ascension_level":0}