{"gold_per_floor":[109,109,9,9,9,9,36,36,36,36,51,51,63,96,96,96],"floor_reached":16,"playtime":747,"items_purged":["Regret"],"score":157,"play_id":"e2ff33d5-b9f4-4012-bc86-62e137ac730e","local_time":"20180803200725","is_ascension_mode":true,"campfire_choices":[{"data":"Neutralize","floor":6,"key":"SMITH"},{"data":"Blade Dance","floor":10,"key":"SMITH"},{"data":"Caltrops","floor":12,"key":"SMITH"},{"data":"Escape Plan","floor":15,"key":"SMITH"}],"neow_cost":"NONE","seed_source_timestamp":483079836812929,"circlet_count":0,"master_deck":["Defend_G","Defend_G","Defend_G","Defend_G","Defend_G","Strike_G","Strike_G","Strike_G","Strike_G","Survivor","Neutralize+1","Escape Plan+1","Blade Dance+1","Caltrops+1","Deadly Poison","Blur"],"relics":["Ring of the Snake","NeowsBlessing","Bronze Scales","Potion Belt","Blue Candle","Meat on the Bone","Lantern"],"potions_floor_usage":[16],"damage_taken":[{"damage":0,"enemies":"2 Louse","floor":1,"turns":1},{"damage":0,"enemies":"Gremlin Nob","floor":7,"turns":1},{"damage":0,"enemies":"Jaw Worm","floor":11,"turns":1},{"damage":0,"enemies":"Cultist","floor":13,"turns":3},{"damage":16,"enemies":"3 Sentries","floor":14,"turns":7},{"damage":60,"enemies":"Slime Boss","floor":16,"turns":11}],"seed_played":"-6668365607406742357","potions_obtained":[{"floor":13,"key":"Explosive Potion"}],"is_trial":false,"path_per_floor":["M","?","$","?","?","R","E","$","T","R","M","R","M","E","R"],"character_chosen":"THE_SILENT","items_purchased":["Deadly Poison"],"campfire_rested":0,"item_purchase_floors":[3],"current_hp_per_floor":[70,70,70,70,70,70,70,70,70,70,70,70,70,54,54,0],"gold":96,"neow_bonus":"THREE_ENEMY_KILL","is_prod":false,"is_daily":false,"chose_seed":false,"campfire_upgraded":4,"win_rate":0,"timestamp":1533352045,"path_taken":["M","?","$","?","?","R","E","$","T","R","?","R","M","E","R","BOSS"],"build_version":"2018-08-02","purchased_purges":1,"victory":false,"max_hp_per_floor":[70,70,70,70,70,70,70,70,70,70,70,70,70,70,70,70],"card_choices":[{"not_picked":["Sucker Punch","Blur"],"picked":"Escape Plan","floor":1},{"not_picked":["Quick Slash","Masterful Stab"],"picked":"Blade Dance","floor":7},{"not_picked":["Prepared","PiercingWail"],"picked":"Caltrops","floor":11},{"not_picked":["PiercingWail","Acrobatics"],"picked":"Deadly Poison","floor":13},{"not_picked":["Cloak And Dagger","Quick Slash"],"picked":"Blur","floor":14}],"player_experience":572536,"relics_obtained":[{"floor":7,"key":"Blue Candle"},{"floor":9,"key":"Meat on the Bone"},{"floor":14,"key":"Lantern"}],"event_choices":[{"event_name":"Big Fish","player_choice":"Box","floor":2,"damage_taken":0},{"event_name":"Living Wall","player_choice":"Forget","floor":4,"damage_taken":0},{"event_name":"WeMeetAgain","player_choice":"Card","floor":5,"damage_taken":0}],"is_beta":false,"boss_relics":[],"items_purged_floors":[3],"is_endless":false,"potions_floor_spawned":[13],"killed_by":"Slime Boss","ascension_level":4}