{"gold_per_floor":[114,128,128,138,154,154,40,60,60,95,106,7,21,21,21,120,120,132,152,168,179,196,196,224,224,224,244,244,169,188,188,188,289,289,309,309,22,41,59,59,72],"floor_reached":41,"playtime":1261,"items_purged":["Defend_R"],"score":496,"play_id":"a0cbde16-62e3-4e54-8d7b-dde89297e1ef","local_time":"20190707130419","is_ascension_mode":false,"campfire_choices":[{"data":"Feed","floor":6,"key":"SMITH"},{"data":"Inflame","floor":15,"key":"SMITH"},{"floor":23,"key":"REST"},{"floor":25,"key":"REST"},{"floor":28,"key":"REST"},{"floor":32,"key":"REST"},{"floor":40,"key":"REST"}],"neow_cost":"NONE","seed_source_timestamp":1061812967814967,"circlet_count":0,"master_deck":["Strike_R","Strike_R","Strike_R","Strike_R","Strike_R","Defend_R","Bash","Flex","Feed+1","Sword Boomerang","Thunderclap","Blood for Blood","Sword Boomerang","Flex","Inflame+1","Rupture","Brutality","Armaments+1","Heavy Blade+1","Flex+1","Bloodletting","Thunderclap","Heavy Blade","Reaper","Offering+1","Hemokinesis","Heavy Blade+1","Heavy Blade","Headbutt","Whirlwind","Inflame+1","Hemokinesis+1"],"relics":["Burning Blood","NeowsBlessing","Self Forming Clay","Tiny Chest","Ornamental Fan","Pear","Fusion Hammer","Darkstone Periapt","Orichalcum","Orrery","War Paint"],"potions_floor_usage":[16,21],"damage_taken":[{"damage":0,"enemies":"Small Slimes","floor":1,"turns":1},{"damage":0,"enemies":"Jaw Worm","floor":2,"turns":1},{"damage":0,"enemies":"Cultist","floor":4,"turns":1},{"damage":25,"enemies":"Gremlin Gang","floor":5,"turns":5},{"damage":7,"enemies":"3 Louse","floor":8,"turns":3},{"damage":25,"enemies":"Lagavulin","floor":10,"turns":7},{"damage":6,"enemies":"Blue Slaver","floor":11,"turns":3},{"damage":7,"enemies":"Exordium Wildlife","floor":13,"turns":3},{"damage":35,"enemies":"Slime Boss","floor":16,"turns":7},{"damage":20,"enemies":"3 Byrds","floor":18,"turns":5},{"damage":16,"enemies":"Spheric Guardian","floor":19,"turns":5},{"damage":22,"enemies":"Snake Plant","floor":20,"turns":4},{"damage":35,"enemies":"Sentry and Sphere","floor":21,"turns":6},{"damage":3,"enemies":"Centurion and Healer","floor":22,"turns":4},{"damage":45,"enemies":"Book of Stabbing","floor":24,"turns":5},{"damage":23,"enemies":"Shelled Parasite and Fungi","floor":27,"turns":4},{"damage":12,"enemies":"Chosen and Byrds","floor":30,"turns":3},{"damage":66,"enemies":"Automaton","floor":33,"turns":8},{"damage":35,"enemies":"3 Darklings","floor":35,"turns":2},{"damage":15,"enemies":"3 Shapes","floor":38,"turns":4},{"damage":56,"enemies":"Maw","floor":39,"turns":5},{"damage":19,"enemies":"Jaw Worm Horde","floor":41,"turns":3}],"seed_played":"-7233806899782808965","potions_obtained":[{"floor":2,"key":"Dexterity Potion"},{"floor":10,"key":"Energy Potion"},{"floor":13,"key":"SteroidPotion"},{"floor":16,"key":"Explosive Potion"},{"floor":21,"key":"EntropicBrew"},{"floor":24,"key":"FairyPotion"}],"is_trial":false,"path_per_floor":["M","M","?","M","M","R","$","M","T","E","M","$","M","$","R","B",null,"M","M","M","M","M","R","E","R","T","M","R","?","M","?","R","B",null,"M","?","$","M","M","R","M"],"character_chosen":"IRONCLAD","items_purchased":["Tiny Chest","Flex","Inflame","Whirlwind","War Paint"],"campfire_rested":5,"item_purchase_floors":[7,12,12,37,37],"current_hp_per_floor":[80,80,62,68,52,52,52,55,55,46,50,50,53,53,53,28,109,99,93,77,52,59,96,57,94,94,77,114,114,112,112,129,69,129,100,100,100,95,62,103,94],"gold":72,"neow_bonus":"THREE_ENEMY_KILL","is_prod":false,"is_daily":false,"chose_seed":false,"campfire_upgraded":2,"win_rate":0,"timestamp":1562529859,"path_taken":["M","M","?","M","M","R","?","M","T","E","?","$","M","?","R","BOSS","M","M","?","M","M","R","E","R","T","M","R","?","M","?","R","BOSS","M","?","$","M","M","R","M"],"build_version":"2019-07-05","purchased_purges":1,"victory":false,"max_hp_per_floor":[80,80,80,80,83,83,83,87,87,97,101,101,105,105,105,109,109,113,117,117,121,125,125,125,125,125,125,125,125,129,129,129,129,129,129,129,129,133,137,137,141],"card_choices":[{"not_picked":["Warcry","Iron Wave"],"picked":"Flex","floor":1},{"not_picked":["Havoc","Anger","Iron Wave"],"picked":"SKIP","floor":2},{"not_picked":["Wild Strike","Warcry"],"picked":"Feed","floor":4},{"not_picked":["Headbutt","Carnage"],"picked":"Sword Boomerang","floor":5},{"not_picked":["Warcry","Rampage"],"picked":"Thunderclap","floor":8},{"not_picked":["Shrug It Off","Fire Breathing"],"picked":"Blood for Blood","floor":10},{"not_picked":["Pommel Strike","Anger"],"picked":"Sword Boomerang","floor":11},{"not_picked":["Headbutt","Body Slam"],"picked":"Rupture","floor":13},{"not_picked":["Berserk","Fiend Fire"],"picked":"Brutality","floor":16},{"not_picked":["Shrug It Off","Ghostly Armor"],"picked":"Armaments+1","floor":18},{"not_picked":["Cleave+1","Sever Soul"],"picked":"Heavy Blade+1","floor":19},{"not_picked":["Headbutt","True Grit","Uppercut+1"],"picked":"SKIP","floor":20},{"not_picked":["Iron Wave","Armaments+1"],"picked":"Flex","floor":21},{"not_picked":["Carnage","Corruption","Feel No Pain"],"picked":"SKIP","floor":22},{"not_picked":["Fire Breathing","Searing Blow"],"picked":"Bloodletting","floor":24},{"not_picked":["Clothesline+1","Iron Wave"],"picked":"Thunderclap","floor":27},{"not_picked":["Carnage","Shrug It Off+1"],"picked":"Heavy Blade","floor":30},{"not_picked":["Feed","Demon Form"],"picked":"Reaper","floor":33},{"not_picked":["Pommel Strike","Flex+1"],"picked":"Offering","floor":34},{"not_picked":["Fire Breathing+1","True Grit"],"picked":"Hemokinesis","floor":34},{"not_picked":["Cleave","Havoc"],"picked":"Heavy Blade+1","floor":34},{"not_picked":["Burning Pact","Wild Strike+1"],"picked":"Heavy Blade","floor":34},{"not_picked":["Shrug It Off","Seeing Red"],"picked":"Headbutt","floor":34},{"not_picked":["Intimidate+1","Disarm","Reckless Charge+1"],"picked":"SKIP","floor":35},{"not_picked":["Fire Breathing","Disarm+1"],"picked":"Inflame+1","floor":38},{"not_picked":["Iron Wave","Heavy Blade"],"picked":"Hemokinesis+1","floor":39},{"not_picked":["Warcry","Anger","Feel No Pain+1"],"picked":"SKIP","floor":41}],"player_experience":1428594,"relics_obtained":[{"floor":9,"key":"Ornamental Fan"},{"floor":10,"key":"Pear"},{"floor":24,"key":"Darkstone Periapt"},{"floor":26,"key":"Orichalcum"}],"event_choices":[{"damage_healed":0,"gold_gain":0,"player_choice":"Success","damage_taken":18,"relics_obtained":["Self Forming Clay"],"max_hp_gain":0,"max_hp_loss":0,"event_name":"Scrap Ooze","floor":3,"gold_loss":0},{"cards_removed":["Defend_R"],"damage_healed":0,"gold_gain":0,"player_choice":"Gave Gold","damage_taken":0,"max_hp_gain":0,"max_hp_loss":0,"event_name":"Beggar","floor":29,"gold_loss":75},{"cards_removed":["Defend_R"],"damage_healed":0,"gold_gain":0,"player_choice":"Elegance","damage_taken":0,"max_hp_gain":0,"max_hp_loss":0,"event_name":"Back to Basics","floor":31,"gold_loss":0},{"damage_healed":0,"gold_gain":0,"player_choice":"Ignored","damage_taken":0,"max_hp_gain":0,"max_hp_loss":0,"event_name":"Tomb of Lord Red Mask","floor":36,"gold_loss":0}],"is_beta":false,"boss_relics":[{"not_picked":["Sozu","Empty Cage"],"picked":"Fusion Hammer"},{"not_picked":["White Beast Statue","Cursed Key"],"picked":"Orrery"}],"items_purged_floors":[37],"is_endless":false,"potions_floor_spawned":[2,10,13,16,18,21,22,24],"killed_by":"Jaw Worm Horde","ascension_level":0}