{"gold_per_floor":[115,115,125,125,15,47,60,77,77,96,96,16,16,29,29,133,133,153,133,0,0,0,0,29,44,44,44,44,64,64,76,76,76],"floor_reached":33,"playtime":2141,"items_purged":["Strike_B","Strike_B"],"score":294,"play_id":"627804c9-be34-4b37-99b2-2d727666468a","local_time":"20181205123806","is_ascension_mode":false,"campfire_choices":[{"floor":11.0,"key":"RECALL"},{"data":"Blizzard","floor":15.0,"key":"SMITH"},{"data":"Defragment","floor":23.0,"key":"SMITH"},{"data":"Self Repair","floor":27,"key":"SMITH"},{"data":"Amplify","floor":30,"key":"SMITH"},{"floor":32,"key":"REST"}],"neow_cost":"NONE","seed_source_timestamp":0,"circlet_count":0,"master_deck":["Strike_B","Strike_B","Defend_B","Defend_B","Defend_B","Zap","Dualcast+1","Amplify+1","Cold Snap","Self Repair+1","Cold Snap","Consume","Blizzard+1","Strike_G","Machine Learning","Defragment+1","Cold Snap"],"special_seed":0,"relics":["Cracked Core","Strawberry","Singing Bowl","Busted Crown","Turnip"],"potions_floor_usage":[24],"damage_taken":[{"damage":1.0,"enemies":"Jaw Worm","floor":1.0,"turns":4.0},{"damage":0.0,"enemies":"Small Slimes","floor":3.0,"turns":2.0},{"damage":31.0,"enemies":"3 Sentries","floor":6.0,"turns":8.0},{"damage":2.0,"enemies":"Cultist","floor":7.0,"turns":3.0},{"damage":12.0,"enemies":"Looter","floor":8.0,"turns":3.0},{"damage":6.0,"enemies":"Red Slaver","floor":10.0,"turns":4.0},{"damage":7.0,"enemies":"2 Fungi Beasts","floor":14.0,"turns":3.0},{"damage":46.0,"enemies":"The Guardian","floor":16.0,"turns":16.0},{"damage":21.0,"enemies":"Spheric Guardian","floor":18.0,"turns":4.0},{"damage":26.0,"enemies":"2 Thieves","floor":19.0,"turns":4.0},{"damage":0.0,"enemies":"3 Cultists","floor":22.0,"turns":2.0},{"damage":26,"enemies":"Gremlin Leader","floor":24,"turns":8},{"damage":13,"enemies":"Snecko","floor":25,"turns":6},{"damage":2,"enemies":"Chosen and Byrds","floor":29,"turns":4},{"damage":7,"enemies":"Cultist and Chosen","floor":31,"turns":7},{"damage":97,"enemies":"Automaton","floor":33,"turns":14}],"seed_played":"-4641260226850153315","potions_obtained":[{"floor":4.0,"key":"SteroidPotion"},{"floor":4.0,"key":"Weak Potion"},{"floor":4.0,"key":"Fire Potion"},{"floor":7.0,"key":"EssenceOfSteel"},{"floor":14.0,"key":"Energy Potion"},{"floor":16.0,"key":"Energy Potion"},{"floor":18.0,"key":"SmokeBomb"},{"floor":19.0,"key":"Poison Potion"}],"is_trial":false,"path_per_floor":["M","?","M","?","$","E","M","M","T","M","R","$","?","M","R","B",null,"M","M","$","?","M","R","E","M","T","R","?","M","R","M","R","B"],"character_chosen":"DEFECT","items_purchased":["Self Repair","Blizzard","Defragment"],"campfire_rested":1,"item_purchase_floors":[5,12,20],"current_hp_per_floor":[74,67,67,67,67,57,69,64,64,72,72,72,72,81,81,42,84,65,55,55,55,62,62,50,53,53,53,53,53,53,58,86,0],"gold":76,"neow_bonus":"ONE_RANDOM_RARE_CARD","is_prod":false,"is_daily":false,"chose_seed":false,"campfire_upgraded":4,"win_rate":0,"timestamp":1544042286,"path_taken":["M","?","M","?","$","E","M","?","T","M","R","$","?","?","R","BOSS","M","M","$","?","M","R","E","M","T","R","?","M","R","?","R","BOSS"],"build_version":"2018-11-15","purchased_purges":2,"victory":false,"max_hp_per_floor":[75,75,75,75,75,82,82,82,82,82,82,82,82,84,84,84,84,86,88,88,88,88,88,88,90,90,90,90,92,92,94,94,94],"card_choices":[{"not_picked":["Gash","Rebound","Reinforced Body"],"picked":"SKIP","floor":1.0},{"not_picked":["Steam","Aggregate"],"picked":"Cold Snap","floor":3.0},{"not_picked":["Turbo","Melter"],"picked":"Cold Snap","floor":6.0},{"not_picked":["Beam Cell","Streamline","Barrage"],"picked":"SKIP","floor":7.0},{"not_picked":["Hyperbeam","Reprogram"],"picked":"Hologram","floor":8.0},{"not_picked":["Streamline","Ball Lightning"],"picked":"Consume","floor":10.0},{"not_picked":["Auto Shields","Recycle","FTL"],"picked":"Singing Bowl","floor":14.0},{"not_picked":["Biased Cognition","Thunder Strike"],"picked":"Machine Learning","floor":16.0},{"not_picked":["Conserve Battery"],"picked":"Singing Bowl","floor":18.0},{"not_picked":["Tempest"],"picked":"Singing Bowl","floor":19.0},{"not_picked":[],"picked":"Cold Snap","floor":24},{"not_picked":["Double Energy"],"picked":"Singing Bowl","floor":25},{"not_picked":["Barrage"],"picked":"Singing Bowl","floor":29},{"not_picked":["Storm"],"picked":"Singing Bowl","floor":31}],"player_experience":1037753,"relics_obtained":[{"floor":6.0,"key":"Strawberry"},{"floor":9.0,"key":"Singing Bowl"},{"floor":24,"key":"Turnip"}],"event_choices":[{"cards_removed":["Defend_B"],"damage_healed":0.0,"max_hp_gain":0.0,"max_hp_loss":0.0,"gold_gain":0.0,"event_name":"Golden Wing","player_choice":"Card Removal","floor":2.0,"gold_loss":0.0,"damage_taken":7.0},{"damage_healed":0.0,"max_hp_gain":0.0,"max_hp_loss":0.0,"gold_gain":0.0,"event_name":"Lab","player_choice":"Got Potions","floor":4.0,"gold_loss":0.0,"damage_taken":0.0},{"cards_removed":["Hologram"],"damage_healed":0.0,"max_hp_gain":0.0,"max_hp_loss":0.0,"gold_gain":0.0,"event_name":"NoteForYourself","player_choice":"Took Card","floor":13.0,"gold_loss":0.0,"damage_taken":0.0,"cards_obtained":["Strike_G"]},{"damage_healed":0.0,"max_hp_gain":0.0,"max_hp_loss":0.0,"gold_gain":0.0,"event_name":"Vampires","player_choice":"Ignored","floor":21.0,"gold_loss":0.0,"damage_taken":0.0},{"damage_healed":0,"gold_gain":0,"player_choice":"Upgraded","damage_taken":0,"max_hp_gain":0,"max_hp_loss":0,"event_name":"Upgrade Shrine","floor":28,"gold_loss":0,"cards_upgraded":["Dualcast"]}],"is_beta":false,"boss_relics":[{"not_picked":["Philosopher\u0027s Stone","Pandora\u0027s Box"],"picked":"Busted Crown"}],"items_purged_floors":[5,20],"is_endless":false,"potions_floor_spawned":[7,14,16,18,19,22],"killed_by":"Automaton","ascension_level":0}