{"gold_per_floor":[112,141,228,240,270,282,323,335,425,452,495,526,570,592,604,717,729,758,770,14,14,14,47,47,72,72,105,105,137,152,186,186,290,290,301,301,301,328,378,410,410,142,191,191,211,211,245,255,255,255],"floor_reached":51,"playtime":2878,"items_purged":[],"score":1185,"play_id":"c452d12a-805f-49b6-a2fd-0fd237afd8fc","local_time":"20190614203843","daily_mods":["Hoarder","Specialized","Vintage","Diverse","Heirloom","Elite Swarm"],"is_ascension_mode":true,"campfire_choices":[{"floor":6,"key":"REST"},{"floor":8,"key":"REST"},{"data":"Bash","floor":15,"key":"SMITH"},{"floor":32,"key":"REST"},{"data":"Wraith Form v2","floor":46,"key":"SMITH"},{"floor":49,"key":"REST"}],"neow_cost":"","seed_source_timestamp":0,"circlet_count":0,"master_deck":["Demon Form","Wraith Form v2+1","Echo Form","Strike_R","Strike_R","Strike_R","Strike_R","Defend_R","Defend_R","Defend_R","Bash+1","Limit Break","Limit Break","Limit Break","Limit Break","Limit Break","Limit Break","Limit Break","Limit Break","Limit Break","Limit Break","Limit Break","Limit Break","Limit Break","Limit Break","Limit Break","Shrug It Off+1","Shrug It Off+1","Shrug It Off+1","Phantasmal Killer+1","Phantasmal Killer+1","Phantasmal Killer+1","Reaper","Reaper","Reaper","Phantasmal Killer+1","Phantasmal Killer+1","Phantasmal Killer+1","J.A.X.+1","J.A.X.+1","J.A.X.+1","Demon Form","Demon Form","Demon Form","Ghostly+1","Ghostly+1","Ghostly+1","Ghostly+1","Ghostly+1","Ghostly+1","Ghostly+1","Ghostly+1","Ghostly+1","Ghostly+1","Ghostly+1","Ghostly+1","Ghostly+1","Ghostly+1","Ghostly+1","Echo Form","Echo Form","Echo Form","Sentinel+1","Sentinel+1","Sentinel+1","Demon Form","Demon Form","Demon Form","Night Terror+1","Night Terror+1","Night Terror+1","Shame","Shame","Shame","Spot Weakness+1","Spot Weakness+1","Spot Weakness+1"],"relics":["Snecko Eye","Unceasing Top","Magic Flower","MawBank","Toxic Egg 2","Happy Flower","Bag of Preparation","The Courier","Ancient Tea Set","Champion Belt","Juzu Bracelet","Letter Opener","Bronze Scales","Busted Crown","Gremlin Horn","Tiny Chest","Omamori","Bottled Lightning","Dream Catcher","Anchor","StoneCalendar","Sundial","Dodecahedron","Dead Branch","Centennial Puzzle","Question Card","Pen Nib","Molten Egg 2","Cursed Key","Art of War","WarpedTongs","Regal Pillow","Ginger","Oddly Smooth Stone","Frozen Eye","Vajra","Blood Vial","Strawberry","Charon\u0027s Ashes","Paper Frog"],"potions_floor_usage":[16,31],"damage_taken":[{"damage":11,"enemies":"Cultist","floor":1,"turns":6},{"damage":5,"enemies":"Small Slimes","floor":2,"turns":5},{"damage":7,"enemies":"Jaw Worm","floor":5,"turns":6},{"damage":26,"enemies":"Gremlin Nob","floor":7,"turns":4},{"damage":1,"enemies":"Looter","floor":10,"turns":3},{"damage":0,"enemies":"Lagavulin","floor":11,"turns":5},{"damage":13,"enemies":"Exordium Wildlife","floor":12,"turns":4},{"damage":6,"enemies":"3 Sentries","floor":13,"turns":6},{"damage":10,"enemies":"Large Slime","floor":14,"turns":5},{"damage":1,"enemies":"Slime Boss","floor":16,"turns":5},{"damage":9,"enemies":"3 Byrds","floor":18,"turns":4},{"damage":11,"enemies":"Slavers","floor":23,"turns":5},{"damage":5,"enemies":"Gremlin Leader","floor":25,"turns":4},{"damage":2,"enemies":"Book of Stabbing","floor":27,"turns":4},{"damage":3,"enemies":"Gremlin Leader","floor":29,"turns":3},{"damage":1,"enemies":"Chosen","floor":30,"turns":2},{"damage":12,"enemies":"Slavers","floor":31,"turns":3},{"damage":4,"enemies":"Champ","floor":33,"turns":5},{"damage":1,"enemies":"Orb Walker","floor":35,"turns":1},{"damage":3,"enemies":"2 Orb Walkers","floor":39,"turns":2},{"damage":6,"enemies":"Reptomancer","floor":40,"turns":3},{"damage":1,"enemies":"3 Darklings","floor":45,"turns":2},{"damage":2,"enemies":"Giant Head","floor":47,"turns":4},{"damage":4,"enemies":"Spire Growth","floor":48,"turns":4},{"damage":5,"enemies":"Time Eater","floor":50,"turns":5}],"seed_played":"8228602858191068516","potions_obtained":[{"floor":1,"key":"Swift Potion"},{"floor":2,"key":"SneckoOil"},{"floor":10,"key":"Energy Potion"},{"floor":16,"key":"Block Potion"},{"floor":31,"key":"GamblersBrew"},{"floor":33,"key":"Swift Potion"},{"floor":35,"key":"AttackPotion"}],"is_trial":true,"path_per_floor":["M","M","?","?","M","R","E","R","T","M","E","M","E","M","R","B",null,"M","?","$","?","$","E","?","E","T","E","?","E","M","E","R","B",null,"M","?","?","T","?","E","?","$","T","?","M","R","E","M","R","B",null],"character_chosen":"IRONCLAD","items_purchased":["Tiny Chest","Demon Form","Omamori","Bottled Lightning","Dream Catcher","Anchor","Frozen Eye","Vajra"],"campfire_rested":4,"item_purchase_floors":[20,20,20,20,20,20,42,42],"current_hp_per_floor":[69,64,53,53,46,70,44,68,68,67,67,54,48,80,80,80,80,80,80,80,40,40,32,32,40,40,38,38,40,40,28,40,40,40,40,40,40,40,40,34,34,34,34,34,47,47,45,44,47,44],"gold":255,"neow_bonus":"","is_prod":false,"is_daily":false,"chose_seed":false,"campfire_upgraded":2,"win_rate":0,"timestamp":1560569923,"path_taken":["M","M","?","?","M","R","E","R","T","?","E","M","E","M","R","BOSS","M","?","$","?","?","E","?","E","T","E","?","E","M","E","R","BOSS","M","?","?","?","?","E","?","$","T","?","M","R","E","M","R","BOSS"],"build_version":"2019-01-23","purchased_purges":0,"victory":true,"max_hp_per_floor":[80,80,80,80,80,80,80,80,80,80,80,80,80,80,80,80,80,80,80,80,40,40,40,40,40,40,40,40,40,40,40,40,40,40,40,40,40,40,40,40,40,40,40,40,47,47,47,47,47,47],"card_choices":[{"not_picked":["A Thousand Cuts","Amplify+1"],"picked":"Phantasmal Killer+1","floor":7},{"not_picked":["Berserk","Corpse Explosion+1","A Thousand Cuts"],"picked":"SKIP","floor":11},{"not_picked":["Fission+1","Storm of Steel+1"],"picked":"Reaper","floor":13},{"not_picked":["Corpse Explosion+1","Barricade"],"picked":"Phantasmal Killer+1","floor":16},{"not_picked":[],"picked":"Echo Form","floor":23},{"not_picked":["Fission+1"],"picked":"SKIP","floor":25},{"not_picked":["Fission+1"],"picked":"SKIP","floor":27},{"not_picked":["Tools of the Trade"],"picked":"SKIP","floor":29},{"not_picked":["Corpse Explosion+1","A Thousand Cuts"],"picked":"SKIP","floor":31},{"not_picked":["Phantasmal Killer+1"],"picked":"Night Terror+1","floor":40},{"not_picked":["Dark Embrace","Reboot+1"],"picked":"SKIP","floor":47},{"not_picked":["Coolheaded+1"],"picked":"Spot Weakness+1","floor":49}],"player_experience":1399815,"relics_obtained":[{"floor":1,"key":"MawBank"},{"floor":2,"key":"Toxic Egg 2"},{"floor":5,"key":"Happy Flower"},{"floor":7,"key":"Bag of Preparation"},{"floor":9,"key":"The Courier"},{"floor":10,"key":"Ancient Tea Set"},{"floor":11,"key":"Champion Belt"},{"floor":12,"key":"Juzu Bracelet"},{"floor":13,"key":"Letter Opener"},{"floor":14,"key":"Bronze Scales"},{"floor":18,"key":"Gremlin Horn"},{"floor":23,"key":"StoneCalendar"},{"floor":25,"key":"Sundial"},{"floor":26,"key":"Dodecahedron"},{"floor":27,"key":"Dead Branch"},{"floor":29,"key":"Question Card"},{"floor":30,"key":"Pen Nib"},{"floor":31,"key":"Molten Egg 2"},{"floor":35,"key":"Art of War"},{"floor":38,"key":"Regal Pillow"},{"floor":39,"key":"Ginger"},{"floor":40,"key":"Oddly Smooth Stone"},{"floor":43,"key":"Blood Vial"},{"floor":45,"key":"Strawberry"},{"floor":47,"key":"Charon\u0027s Ashes"},{"floor":48,"key":"Paper Frog"}],"event_choices":[{"damage_healed":0,"gold_gain":75,"player_choice":"Gather Gold","damage_taken":11,"max_hp_gain":0,"max_hp_loss":0,"event_name":"World of Goop","floor":3,"gold_loss":0},{"damage_healed":0,"gold_gain":0,"player_choice":"1 cards matched","damage_taken":0,"max_hp_gain":0,"max_hp_loss":0,"event_name":"Match and Keep!","floor":4,"gold_loss":0,"cards_obtained":["Shrug It Off"]},{"damage_healed":0,"gold_gain":0,"player_choice":"Obtain J.A.X.","damage_taken":0,"max_hp_gain":0,"max_hp_loss":0,"event_name":"Drug Dealer","floor":19,"gold_loss":0,"cards_obtained":["J.A.X."]},{"damage_healed":0,"gold_gain":0,"player_choice":"Became a Ghost","damage_taken":0,"max_hp_gain":0,"max_hp_loss":40,"event_name":"Ghosts","floor":21,"gold_loss":0,"cards_obtained":["Ghostly","Ghostly","Ghostly","Ghostly","Ghostly"]},{"damage_healed":0,"gold_gain":0,"cards_transformed":["Defend_R"],"player_choice":"Transformed","damage_taken":0,"max_hp_gain":0,"max_hp_loss":0,"event_name":"Transmorgrifier","floor":24,"gold_loss":0,"cards_obtained":["Sentinel"]},{"damage_healed":0,"gold_gain":0,"player_choice":"Opened","damage_taken":0,"relics_obtained":["Centennial Puzzle"],"max_hp_gain":0,"max_hp_loss":0,"event_name":"The Mausoleum","floor":28,"gold_loss":0},{"damage_healed":0,"gold_gain":0,"player_choice":"Rummage","damage_taken":0,"relics_obtained":["WarpedTongs"],"max_hp_gain":0,"max_hp_loss":0,"event_name":"Accursed Blacksmith","floor":36,"gold_loss":0,"cards_obtained":["Pain"]},{"damage_healed":0,"gold_gain":0,"player_choice":"Copied","damage_taken":0,"max_hp_gain":0,"max_hp_loss":0,"event_name":"Duplicator","floor":37,"gold_loss":0,"cards_obtained":["Demon Form"]},{"damage_healed":0,"gold_gain":0,"player_choice":"Fight","damage_taken":0,"max_hp_gain":0,"max_hp_loss":0,"event_name":"Mysterious Sphere","floor":39,"gold_loss":0},{"damage_healed":0,"gold_gain":0,"player_choice":"Ignored","damage_taken":0,"max_hp_gain":0,"max_hp_loss":0,"event_name":"Tomb of Lord Red Mask","floor":41,"gold_loss":0},{"cards_removed":["Strike_R"],"damage_healed":0,"gold_gain":0,"player_choice":"Removed Attack","damage_taken":0,"max_hp_gain":0,"max_hp_loss":0,"event_name":"Falling","floor":44,"gold_loss":0}],"is_beta":false,"boss_relics":[{"not_picked":["Runic Pyramid","White Beast Statue"],"picked":"Busted Crown"},{"not_picked":["Velvet Choker","Mark of Pain"],"picked":"Cursed Key"}],"items_purged_floors":[],"is_endless":false,"potions_floor_spawned":[1,2,10,12,16,18,23,29,30,31,33,35,39,45],"ascension_level":1}