{"gold_per_floor":[113,113,127,127,53,87,87,122,134,162,249,41,73,85,85,183,233,253,263,282,104,117,117,152,152,228,241,241,255,255,290,290,393,393,412,412,429,112,132,132,159,159,186,186,205,205,218,252,252,252],"floor_reached":51,"playtime":3124,"items_purged":["Strike_G","Defend_G","Finisher+1"],"score":998,"play_id":"7391b4c6-cc15-4cd0-9511-a24e5c849d2c","local_time":"20180819012354","is_ascension_mode":true,"campfire_choices":[{"data":"Footwork","floor":7.0,"key":"SMITH"},{"floor":15.0,"key":"REST"},{"data":"Noxious Fumes","floor":23.0,"key":"SMITH"},{"floor":28.0,"key":"REST"},{"data":"Crippling Poison","floor":30.0,"key":"SMITH"},{"data":"Survivor","floor":32.0,"key":"SMITH"},{"data":"Neutralize","floor":40.0,"key":"SMITH"},{"floor":46,"key":"REST"},{"floor":49,"key":"REST"}],"neow_cost":"NONE","seed_source_timestamp":0,"circlet_count":0,"master_deck":["Defend_G+1","Defend_G","Strike_G","Survivor+1","Neutralize+1","Deadly Poison","Crippling Poison+1","Footwork+1","Deadly Poison","Bullet Time","Catalyst+1","Deadly Poison+1","Venomology+1","Backflip+1","Dash+1","Bane+1","Noxious Fumes+1","Crippling Poison+1","Poisoned Stab+1","Deadly Poison+1","Poisoned Stab+1","Adrenaline+1","Deadly Poison+1","Deadly Poison+1","Poisoned Stab+1","Adrenaline+1","Deadly Poison+1","Burst+1"],"special_seed":0,"relics":["Velvet Choker","Bottled Flame","MawBank","Toxic Egg 2","Snake Skull","Strawberry","Tiny House","Molten Egg 2","Mercury Hourglass","Torii","Empty Cage","Frozen Eye","Pantograph","Orichalcum","Juzu Bracelet"],"potions_floor_usage":[],"damage_taken":[{"damage":0.0,"enemies":"2 Louse","floor":1.0,"turns":3.0},{"damage":0.0,"enemies":"Jaw Worm","floor":3.0,"turns":4.0},{"damage":8.0,"enemies":"Lagavulin","floor":6.0,"turns":8.0},{"damage":15.0,"enemies":"Gremlin Nob","floor":8.0,"turns":4.0},{"damage":0.0,"enemies":"Small Slimes","floor":10.0,"turns":3.0},{"damage":16.0,"enemies":"3 Sentries","floor":13.0,"turns":11.0},{"damage":0.0,"enemies":"3 Louse","floor":14.0,"turns":2.0},{"damage":0.0,"enemies":"The Guardian","floor":16.0,"turns":6.0},{"damage":4.0,"enemies":"3 Byrds","floor":18.0,"turns":5.0},{"damage":0.0,"enemies":"Chosen","floor":19.0,"turns":4.0},{"damage":13.0,"enemies":"Snecko","floor":20.0,"turns":3.0},{"damage":5.0,"enemies":"Snake Plant","floor":22.0,"turns":3.0},{"damage":35.0,"enemies":"Gremlin Leader","floor":24.0,"turns":6.0},{"damage":2.0,"enemies":"3 Cultists","floor":27.0,"turns":4.0},{"damage":1.0,"enemies":"Centurion and Healer","floor":29.0,"turns":3.0},{"damage":21.0,"enemies":"Slavers","floor":31.0,"turns":3.0},{"damage":32.0,"enemies":"Collector","floor":33.0,"turns":6.0},{"damage":0.0,"enemies":"Orb Walker","floor":35.0,"turns":3.0},{"damage":2.0,"enemies":"3 Darklings","floor":37.0,"turns":3.0},{"damage":8.0,"enemies":"Sphere and 2 Shapes","floor":39.0,"turns":3.0},{"damage":31.0,"enemies":"2 Orb Walkers","floor":41.0,"turns":4.0},{"damage":1,"enemies":"4 Shapes","floor":45,"turns":3},{"damage":0,"enemies":"Maw","floor":47,"turns":4},{"damage":16,"enemies":"Giant Head","floor":48,"turns":6},{"damage":61,"enemies":"Donu and Deca","floor":50,"turns":8}],"seed_played":"6437691732415336936","potions_obtained":[{"floor":3.0,"key":"Strength Potion"},{"floor":8.0,"key":"GamblersBrew"},{"floor":10.0,"key":"Regen Potion"},{"floor":13.0,"key":"Regen Potion"},{"floor":17.0,"key":"Regen Potion"},{"floor":18.0,"key":"FearPotion"},{"floor":22.0,"key":"SpeedPotion"},{"floor":29.0,"key":"SpeedPotion"}],"is_trial":false,"path_per_floor":["M","?","M","?","$","E","R","E","T","M","?","$","E","M","R","B",null,"M","M","M","$","M","R","E","?","T","M","R","M","R","E","R","B",null,"M","?","M","$","M","R","E","?","T","?","M","R","M","E","R","B"],"character_chosen":"THE_SILENT","items_purchased":["Footwork","Snake Skull","Noxious Fumes","Frozen Eye"],"campfire_rested":4,"item_purchase_floors":[5,12,21,38],"current_hp_per_floor":[70,70,70,63,63,55,55,40,40,40,29,29,35,35,58,73,82,78,82,69,69,64,64,29,29,29,39,63,62,62,41,41,9,82,82,82,80,80,72,72,41,41,41,41,40,64,64,48,72,21],"gold":252,"neow_bonus":"BOSS_RELIC","is_prod":false,"is_daily":false,"chose_seed":false,"campfire_upgraded":5,"win_rate":0,"timestamp":1534667034,"path_taken":["M","?","M","?","$","E","R","E","T","M","?","$","E","M","R","BOSS","M","M","M","$","M","R","E","?","T","M","R","M","R","E","R","BOSS","M","?","M","$","M","R","E","?","T","?","M","R","M","E","R","BOSS"],"build_version":"2018-08-16","purchased_purges":3,"victory":true,"max_hp_per_floor":[70,70,70,70,70,70,70,70,70,70,70,70,77,77,77,77,82,82,82,82,82,82,82,82,82,82,82,82,82,82,82,82,82,82,82,82,82,82,82,82,82,82,82,82,82,82,82,82,82,82],"card_choices":[{"not_picked":["Eviscerate","Prepared"],"picked":"Deadly Poison","floor":1.0},{"not_picked":["Deflect","Tactician"],"picked":"Crippling Poison","floor":3.0},{"not_picked":["Setup","Flying Knee"],"picked":"Deadly Poison","floor":6.0},{"not_picked":["Quick Slash","Dagger Throw"],"picked":"Bullet Time","floor":8.0},{"not_picked":["Infinite Blades","Footwork"],"picked":"Catalyst+1","floor":10.0},{"not_picked":["Finisher","Underhanded Strike","Eviscerate"],"picked":"SKIP","floor":13.0},{"not_picked":["Skewer","Flying Knee"],"picked":"Deadly Poison+1","floor":14.0},{"not_picked":["A Thousand Cuts","After Image"],"picked":"Venomology+1","floor":16.0},{"not_picked":["Flying Knee","Blade Dance+1"],"picked":"Backflip+1","floor":17.0},{"not_picked":["Concentrate+1","Flechettes"],"picked":"Dash+1","floor":18.0},{"not_picked":["Dodge and Roll+1","Quick Slash"],"picked":"Bane+1","floor":19.0},{"not_picked":["Flying Knee","Choke+1","Dagger Throw"],"picked":"SKIP","floor":20.0},{"not_picked":["Blade Dance+1","Masterful Stab+1"],"picked":"Crippling Poison+1","floor":22.0},{"not_picked":["Calculated Gamble+1","Tools of the Trade","Masterful Stab"],"picked":"SKIP","floor":24.0},{"not_picked":["Tactician+1","Prepared+1"],"picked":"Poisoned Stab+1","floor":27.0},{"not_picked":["Eviscerate+1","All Out Attack+1"],"picked":"Deadly Poison+1","floor":29.0},{"not_picked":["Acrobatics+1","Flying Knee+1"],"picked":"Poisoned Stab+1","floor":31.0},{"not_picked":["Unload+1","Storm of Steel+1"],"picked":"Adrenaline+1","floor":33.0},{"not_picked":["Quick Slash+1","Dagger Spray+1"],"picked":"Deadly Poison+1","floor":35.0},{"not_picked":["Sucker Punch+1","Prepared+1"],"picked":"Deadly Poison+1","floor":37.0},{"not_picked":["Skewer+1","Cloak And Dagger+1"],"picked":"Poisoned Stab+1","floor":39.0},{"not_picked":["Bouncing Flask+1","Deflect+1"],"picked":"Adrenaline+1","floor":41.0},{"not_picked":["Dodge and Roll+1","All Out Attack+1"],"picked":"Deadly Poison+1","floor":45},{"not_picked":["Tactician+1","Quick Slash+1","Blade Dance+1"],"picked":"SKIP","floor":47},{"not_picked":["Acrobatics+1","Crippling Poison+1"],"picked":"Burst+1","floor":48}],"player_experience":678646,"relics_obtained":[{"floor":6.0,"key":"Bottled Flame"},{"floor":8.0,"key":"MawBank"},{"floor":9.0,"key":"Toxic Egg 2"},{"floor":13.0,"key":"Strawberry"},{"floor":24.0,"key":"Molten Egg 2"},{"floor":26.0,"key":"Mercury Hourglass"},{"floor":31.0,"key":"Torii"},{"floor":41.0,"key":"Pantograph"},{"floor":43.0,"key":"Orichalcum"},{"floor":48,"key":"Juzu Bracelet"}],"event_choices":[{"event_name":"Living Wall","player_choice":"Forget","floor":2.0,"damage_taken":0.0},{"event_name":"Golden Wing","player_choice":"Card Removal","floor":4.0,"damage_taken":0.0},{"event_name":"World of Goop","player_choice":"Gather Gold","floor":11.0,"damage_taken":0.0},{"event_name":"Transmorgrifier","player_choice":"Transform","floor":25.0,"damage_taken":0.0},{"event_name":"SecretPortal","player_choice":"Rejected Portal.","floor":36.0,"damage_taken":0.0},{"event_name":"Tomb of Lord Red Mask","player_choice":"Ignored","floor":42.0,"damage_taken":0.0},{"event_name":"Accursed Blacksmith","player_choice":"Ignore","floor":44,"damage_taken":0}],"is_beta":false,"boss_relics":[{"not_picked":["Runic Dome","Pandora\u0027s Box"],"picked":"Tiny House"},{"not_picked":["HoveringKite","Runic Pyramid"],"picked":"Empty Cage"}],"items_purged_floors":[12,21,38],"is_endless":false,"potions_floor_spawned":[3,8,10,13,18,19,22,29,31,37,45,47],"ascension_level":4}