{"gold_per_floor":[109,109,129,147,44,44,70,70,144,144,156,166,183,197,197,268,268,279,279,326,350,381,393,405,417,429,459,484,496,508],"floor_reached":30,"playtime":2140,"items_purged":["Strike_R"],"score":468,"play_id":"adcc588f-34c2-4aa6-8ccd-32d3880e375d","local_time":"20190611020826","is_ascension_mode":true,"campfire_choices":[{"data":"True Grit","floor":6,"key":"SMITH"},{"data":"Feel No Pain","floor":8,"key":"SMITH"},{"data":"Bash","floor":10,"key":"SMITH"},{"floor":15,"key":"REST"},{"data":"Feel No Pain","floor":23,"key":"SMITH"},{"data":"Burning Pact","floor":25,"key":"SMITH"},{"data":"Ghostly Armor","floor":29,"key":"SMITH"}],"neow_cost":"NONE","seed_source_timestamp":80009632580154,"circlet_count":0,"master_deck":["AscendersBane","Strike_R","Strike_R","Strike_R","Strike_R","Defend_R+1","Defend_R","Defend_R","Defend_R","Bash+1","Barricade+1","True Grit+1","Feel No Pain+1","Iron Wave","Armaments+1","Feel No Pain+1","Burning Pact+1","True Grit","Feed","True Grit","Evolve+1","Searing Blow+1","Ghostly Armor+1"],"relics":["Burning Blood","War Paint","Matryoshka","Coffee Dripper","MawBank","Regal Pillow","Happy Flower","Ornamental Fan"],"potions_floor_usage":[7,13,13,13,16,19,22,27,30],"damage_taken":[{"damage":2,"enemies":"2 Louse","floor":1,"turns":3},{"damage":6,"enemies":"Cultist","floor":3,"turns":3},{"damage":22,"enemies":"Jaw Worm","floor":4,"turns":8},{"damage":28,"enemies":"3 Sentries","floor":7,"turns":17},{"damage":10,"enemies":"Red Slaver","floor":11,"turns":5},{"damage":0,"enemies":"Blue Slaver","floor":12,"turns":7},{"damage":56,"enemies":"Gremlin Gang","floor":13,"turns":8},{"damage":0,"enemies":"2 Fungi Beasts","floor":14,"turns":5},{"damage":30,"enemies":"Slime Boss","floor":16,"turns":26},{"damage":9,"enemies":"Spheric Guardian","floor":18,"turns":14},{"damage":32,"enemies":"Colosseum Slavers","floor":19,"turns":10},{"damage":6,"enemies":"Chosen","floor":21,"turns":8},{"damage":34,"enemies":"Shelled Parasite and Fungi","floor":22,"turns":13},{"damage":50,"enemies":"Centurion and Healer","floor":27,"turns":9},{"damage":31,"enemies":"Snecko","floor":28,"turns":7},{"damage":21,"enemies":"3 Cultists","floor":30,"turns":5}],"seed_played":"-6400085698537875205","potions_obtained":[{"floor":1,"key":"Regen Potion"},{"floor":7,"key":"EntropicBrew"},{"floor":12,"key":"Regen Potion"},{"floor":13,"key":"PowerPotion"},{"floor":16,"key":"Regen Potion"},{"floor":22,"key":"SteroidPotion"},{"floor":28,"key":"Swift Potion"}],"is_trial":false,"path_per_floor":["M","?","M","M","$","R","E","R","T","R","M","M","M","M","R","B",null,"M","?","T","M","M","R","?","R","T","M","M","R","M"],"character_chosen":"IRONCLAD","items_purchased":["Iron Wave"],"campfire_rested":1,"item_purchase_floors":[5],"current_hp_per_floor":[72,72,72,56,56,56,49,49,49,49,45,51,16,22,44,20,61,58,32,32,32,19,19,75,75,75,34,9,9,0],"gold":508,"neow_bonus":"ONE_RANDOM_RARE_CARD","is_prod":false,"is_daily":false,"chose_seed":false,"campfire_upgraded":6,"win_rate":0,"timestamp":1560244106,"path_taken":["M","?","?","M","?","R","E","R","T","R","M","M","M","M","R","BOSS","M","?","?","?","M","R","?","R","T","M","?","R","M"],"build_version":"2019-01-23","purchased_purges":1,"victory":false,"max_hp_per_floor":[75,75,75,75,75,75,75,75,75,75,75,75,75,75,75,75,75,75,75,75,75,75,75,75,75,75,78,78,78,81],"card_choices":[{"not_picked":["Sever Soul","Twin Strike","Perfected Strike"],"picked":"SKIP","floor":1},{"not_picked":["Havoc","Headbutt"],"picked":"True Grit","floor":3},{"not_picked":["Dual Wield","Heavy Blade"],"picked":"Feel No Pain","floor":4},{"not_picked":["Pommel Strike","Shockwave"],"picked":"Armaments","floor":7},{"not_picked":["Anger","Warcry"],"picked":"Feel No Pain","floor":11},{"not_picked":["Headbutt","Twin Strike","Perfected Strike"],"picked":"SKIP","floor":12},{"not_picked":["Whirlwind","Sword Boomerang"],"picked":"Burning Pact","floor":13},{"not_picked":["Clothesline","Headbutt"],"picked":"True Grit","floor":14},{"not_picked":["Demon Form","Barricade"],"picked":"Feed","floor":16},{"not_picked":["Flex+1","Heavy Blade"],"picked":"Intimidate","floor":18},{"not_picked":["Cleave","Second Wind"],"picked":"True Grit","floor":21},{"not_picked":["Thunderclap","Armaments"],"picked":"Evolve+1","floor":22},{"not_picked":["Heavy Blade","Perfected Strike"],"picked":"Searing Blow+1","floor":27},{"not_picked":["Armaments","Thunderclap"],"picked":"Ghostly Armor","floor":28}],"player_experience":1389745,"relics_obtained":[{"floor":7,"key":"War Paint"},{"floor":9,"key":"Matryoshka"},{"floor":20,"key":"MawBank"},{"floor":20,"key":"Regal Pillow"},{"floor":26,"key":"Happy Flower"},{"floor":26,"key":"Ornamental Fan"}],"event_choices":[{"damage_healed":0,"gold_gain":0,"player_choice":"Upgraded","damage_taken":0,"max_hp_gain":0,"max_hp_loss":0,"event_name":"Upgrade Shrine","floor":2,"gold_loss":0,"cards_upgraded":["Barricade"]},{"damage_healed":0,"gold_gain":0,"player_choice":"Fight","damage_taken":0,"max_hp_gain":0,"max_hp_loss":0,"event_name":"Colosseum","floor":19,"gold_loss":0},{"damage_healed":0,"gold_gain":0,"player_choice":"Fled From Nobs","damage_taken":0,"max_hp_gain":0,"max_hp_loss":0,"event_name":"Colosseum","floor":19,"gold_loss":0},{"cards_removed":["Intimidate"],"damage_healed":56,"gold_gain":0,"player_choice":"Offered Uncommon","damage_taken":0,"max_hp_gain":0,"max_hp_loss":0,"event_name":"Bonfire Elementals","floor":24,"gold_loss":0}],"is_beta":false,"boss_relics":[{"not_picked":["Tiny House","Runic Pyramid"],"picked":"Coffee Dripper"}],"items_purged_floors":[5],"is_endless":false,"potions_floor_spawned":[1,7,12,13,16,22,28],"killed_by":"3 Cultists","ascension_level":20}