{"gold_per_floor":[111,81,94,113,133,133,165,5,31,59,59,69,69,104,104,175,175,191,191,204,223,7,7,42,42,120,140,156,156,17,17,17,17],"floor_reached":33,"playtime":2297,"items_purged":["Strike_G","Deadly Poison"],"score":538,"play_id":"d08ea4b4-a675-466d-b01f-116e18189029","local_time":"20190813231745","is_ascension_mode":true,"campfire_choices":[{"data":"Phantasmal Killer","floor":6.0,"key":"SMITH"},{"data":"Noxious Fumes","floor":11.0,"key":"SMITH"},{"data":"Dagger Spray","floor":13.0,"key":"SMITH"},{"data":"Dagger Spray","floor":15.0,"key":"SMITH"},{"data":"Glass Knife","floor":23.0,"key":"SMITH"},{"floor":29.0,"key":"REST"},{"data":"Footwork","floor":32.0,"key":"SMITH"}],"neow_cost":"NONE","seed_source_timestamp":1294935616045304,"circlet_count":0,"master_deck":["AscendersBane","Strike_G+1","Strike_G+1","Defend_G","Defend_G","Defend_G","Defend_G","Defend_G","Survivor","Neutralize","Phantasmal Killer+1","Quick Slash","Dagger Spray+1","Dagger Spray+1","Noxious Fumes+1","Doppelganger","Deadly Poison","Backflip","Glass Knife+1","PiercingWail+1","Escape Plan","Footwork+1","Backstab","Calculated Gamble","All Out Attack+1","Escape Plan","Well Laid Plans"],"special_seed":0,"relics":["Ring of the Snake","Whetstone","Lantern","Smiling Mask","Centennial Puzzle","Blood Vial","Empty Cage","Potion Belt","Molten Egg 2","Mango"],"potions_floor_usage":[33,33,33,33,33,33],"damage_taken":[{"damage":0.0,"enemies":"2 Louse","floor":1.0,"turns":4.0},{"damage":0.0,"enemies":"Cultist","floor":3.0,"turns":2.0},{"damage":1.0,"enemies":"Jaw Worm","floor":4.0,"turns":3.0},{"damage":13.0,"enemies":"Exordium Wildlife","floor":5.0,"turns":5.0},{"damage":10.0,"enemies":"Lagavulin","floor":7.0,"turns":7.0},{"damage":5.0,"enemies":"3 Sentries","floor":10.0,"turns":2.0},{"damage":0.0,"enemies":"Gremlin Gang","floor":12.0,"turns":2.0},{"damage":15.0,"enemies":"Lagavulin","floor":14.0,"turns":4.0},{"damage":10.0,"enemies":"Slime Boss","floor":16.0,"turns":7.0},{"damage":1.0,"enemies":"Spheric Guardian","floor":18.0,"turns":3.0},{"damage":13.0,"enemies":"2 Thieves","floor":20.0,"turns":3.0},{"damage":6.0,"enemies":"Chosen and Byrds","floor":21.0,"turns":5.0},{"damage":18.0,"enemies":"Slavers","floor":24.0,"turns":4.0},{"damage":1.0,"enemies":"Centurion and Healer","floor":27.0,"turns":2.0},{"damage":2.0,"enemies":"Snecko","floor":28.0,"turns":3.0},{"damage":59,"enemies":"Champ","floor":33,"turns":9}],"seed_played":"-1571737406098328788","potions_obtained":[{"floor":2.0,"key":"Weak Potion"},{"floor":2.0,"key":"GamblersBrew"},{"floor":3.0,"key":"Energy Potion"},{"floor":10.0,"key":"Weak Potion"},{"floor":16.0,"key":"Block Potion"},{"floor":18.0,"key":"Block Potion"},{"floor":21.0,"key":"GamblersBrew"},{"floor":27.0,"key":"EntropicBrew"}],"is_trial":false,"path_per_floor":["M","?","M","M","M","R","E","$","T","E","R","M","R","E","R","B",null,"M","?","M","M","$","R","E","?","T","M","M","R","$","T","R","B"],"character_chosen":"THE_SILENT","items_purchased":["Lantern","Footwork","Backstab","Well Laid Plans"],"campfire_rested":1,"item_purchase_floors":[8,22,22,30],"current_hp_per_floor":[59,59,59,58,45,45,35,35,35,30,30,30,30,15,15,7,51,52,34,23,19,19,19,3,3,3,4,4,25,25,39,39,0],"gold":17,"neow_bonus":"ONE_RANDOM_RARE_CARD","is_prod":false,"is_daily":false,"chose_seed":false,"campfire_upgraded":6,"win_rate":0,"timestamp":1565752665,"path_taken":["M","?","M","M","M","R","E","?","T","E","R","M","R","E","R","BOSS","M","?","M","M","$","R","E","?","T","M","M","R","$","?","R","BOSS"],"build_version":"2019-07-17","purchased_purges":2,"victory":false,"max_hp_per_floor":[66,66,66,66,66,66,66,66,66,66,66,66,66,66,66,66,66,66,71,71,71,71,71,71,71,71,71,71,71,71,85,85,85],"card_choices":[{"not_picked":["Sucker Punch","Riddle With Holes"],"picked":"Quick Slash","floor":1.0},{"not_picked":["Predator","Riddle With Holes"],"picked":"Dagger Spray","floor":3.0},{"not_picked":["Heel Hook","Cloak And Dagger"],"picked":"Dagger Spray","floor":4.0},{"not_picked":["Masterful Stab","Distraction"],"picked":"Noxious Fumes","floor":5.0},{"not_picked":["Finisher","Blur"],"picked":"Deadly Poison","floor":7.0},{"not_picked":["Deflect","Cloak And Dagger"],"picked":"Doppelganger","floor":10.0},{"not_picked":["Blade Dance","Escape Plan"],"picked":"Deadly Poison","floor":12.0},{"not_picked":["Escape Plan","Underhanded Strike"],"picked":"Backflip","floor":14.0},{"not_picked":["Unload","Bullet Time"],"picked":"Glass Knife","floor":16.0},{"not_picked":["Flying Knee","Finisher","Dodge and Roll"],"picked":"SKIP","floor":18.0},{"not_picked":["Slice","Choke"],"picked":"PiercingWail+1","floor":20.0},{"not_picked":["Quick Slash","Underhanded Strike"],"picked":"Escape Plan","floor":21.0},{"not_picked":["Sucker Punch","Dagger Throw"],"picked":"Calculated Gamble","floor":24.0},{"not_picked":["Distraction","Acrobatics"],"picked":"All Out Attack+1","floor":27.0},{"not_picked":["Flying Knee+1","Endless Agony+1"],"picked":"Escape Plan","floor":28.0}],"player_experience":509347,"relics_obtained":[{"floor":7.0,"key":"Whetstone"},{"floor":9.0,"key":"Smiling Mask"},{"floor":10.0,"key":"Centennial Puzzle"},{"floor":14.0,"key":"Blood Vial"},{"floor":24.0,"key":"Potion Belt"},{"floor":26.0,"key":"Molten Egg 2"},{"floor":31.0,"key":"Mango"}],"event_choices":[{"damage_healed":0.0,"max_hp_gain":0.0,"max_hp_loss":0.0,"gold_gain":0.0,"event_name":"The Woman in Blue","player_choice":"Bought 2 Potions","floor":2.0,"gold_loss":0.0,"damage_taken":0.0},{"damage_healed":0.0,"max_hp_gain":5.0,"max_hp_loss":0.0,"gold_gain":0.0,"event_name":"Forgotten Altar","player_choice":"Shed Blood","floor":19.0,"gold_loss":0.0,"damage_taken":23.0},{"damage_healed":0.0,"max_hp_gain":0.0,"max_hp_loss":0.0,"gold_gain":0.0,"event_name":"Vampires","player_choice":"Ignored","floor":25.0,"gold_loss":0.0,"damage_taken":0.0}],"is_beta":false,"boss_relics":[{"not_picked":["Pandora\u0027s Box","Snecko Eye"],"picked":"Empty Cage"}],"items_purged_floors":[22,30],"is_endless":false,"potions_floor_spawned":[3,5,10,16,18,21,27],"killed_by":"Champ","ascension_level":16}