{"gold_per_floor":[114,189,204,133,58,58,72,72,72,72,72,72,90,102,102,201,201,212,212,112,112,183,218,218,218,241,259,134,134,134,134,134,231,231,242,92,92,107,207,207,224,270,270,296,396,408,441,72,72,72,72,72,72,104,104],"floor_reached":56,"playtime":3163,"items_purged":["Defend_R","Defend_R","Strike_R","Strike_R","Bash+1"],"score":1307,"play_id":"ece31a8c-c435-43f8-a19d-66ebff5f74ac","local_time":"20190730231655","is_ascension_mode":false,"campfire_choices":[{"data":"Dropkick","floor":6.0,"key":"SMITH"},{"data":"Bash","floor":8.0,"key":"SMITH"},{"floor":11.0,"key":"RECALL"},{"data":"Strike_R","floor":15.0,"key":"SMITH"},{"floor":25.0,"key":"REST"},{"floor":32.0,"key":"REST"},{"floor":40,"key":"REST"},{"floor":49,"key":"REST"},{"floor":52,"key":"REST"}],"neow_cost":"TEN_PERCENT_HP_LOSS","seed_source_timestamp":85019545044057,"circlet_count":0,"master_deck":["Strike_R+1","Dropkick+1","Dropkick+1","Panache","Thunderclap"],"special_seed":0,"relics":["Burning Blood","Fusion Hammer","Mercury Hourglass","Orichalcum","Juzu Bracelet","Sozu","Champion Belt","Ancient Tea Set","Dodecahedron","FossilizedHelix","Centennial Puzzle","TheAbacus","StoneCalendar"],"potions_floor_usage":[55,55],"damage_taken":[{"damage":0.0,"enemies":"2 Louse","floor":1.0,"turns":4.0},{"damage":13.0,"enemies":"Jaw Worm","floor":3.0,"turns":3.0},{"damage":0.0,"enemies":"Cultist","floor":7.0,"turns":2.0},{"damage":0.0,"enemies":"Exordium Wildlife","floor":13.0,"turns":3.0},{"damage":4.0,"enemies":"Gremlin Gang","floor":14.0,"turns":4.0},{"damage":46.0,"enemies":"Slime Boss","floor":16.0,"turns":9.0},{"damage":25.0,"enemies":"2 Thieves","floor":18.0,"turns":4.0},{"damage":28.0,"enemies":"Book of Stabbing","floor":23.0,"turns":4.0},{"damage":4.0,"enemies":"Spheric Guardian","floor":27.0,"turns":3.0},{"damage":0.0,"enemies":"Champ","floor":33.0,"turns":1.0},{"damage":17.0,"enemies":"3 Shapes","floor":35.0,"turns":3.0},{"damage":2,"enemies":"3 Darklings","floor":38,"turns":2},{"damage":13,"enemies":"Sphere and 2 Shapes","floor":41,"turns":3},{"damage":4,"enemies":"2 Orb Walkers","floor":42,"turns":2},{"damage":0,"enemies":"Nemesis","floor":44,"turns":1},{"damage":0,"enemies":"Mind Bloom Boss Battle","floor":45,"turns":2},{"damage":0,"enemies":"Transient","floor":46,"turns":2},{"damage":0,"enemies":"Reptomancer","floor":47,"turns":2},{"damage":24,"enemies":"Donu and Deca","floor":50,"turns":3},{"damage":10,"enemies":"Shield and Spear","floor":54,"turns":2},{"damage":1,"enemies":"The Heart","floor":55,"turns":3}],"seed_played":"6168772526925383540","potions_obtained":[{"floor":3.0,"key":"EssenceOfSteel"},{"floor":7.0,"key":"FearPotion"},{"floor":13.0,"key":"BloodPotion"},{"floor":27.0,"key":"PowerPotion"}],"is_trial":false,"path_per_floor":["M","?","M","$","$","R","M","R","T","?","R","$","M","M","R","B",null,"M","?","$","?","T","E","?","R","T","M","$","?","?","$","R","B",null,"M","$","?","M","?","R","M","?","T","E","?","M","E","$","R","B",null,"R","$","E","B",null],"character_chosen":"IRONCLAD","items_purchased":["Dropkick","TheAbacus"],"campfire_rested":5,"item_purchase_floors":[4,48],"current_hp_per_floor":[72,61,54,54,54,54,60,60,60,60,60,60,66,68,68,28,72,53,53,53,53,53,31,31,52,52,54,54,41,41,41,64,70,77,66,66,66,70,70,77,70,72,72,77,77,77,77,77,77,59,77,77,77,73,77],"gold":104,"neow_bonus":"REMOVE_TWO","is_prod":false,"is_daily":false,"chose_seed":false,"campfire_upgraded":3,"win_rate":0,"timestamp":1564543015,"path_taken":["M","?","M","?","$","R","?","R","T","?","R","$","M","?","R","BOSS","M","?","$","?","?","E","?","R","T","M","?","?","?","$","R","BOSS","M","$","?","M","?","R","M","?","T","E","?","M","E","$","R","BOSS","R","$","E","BOSS"],"build_version":"2019-07-17","purchased_purges":5,"victory":true,"max_hp_per_floor":[72,72,72,72,72,72,72,72,72,72,72,72,72,72,72,72,72,72,72,72,72,72,72,72,72,72,72,72,77,77,77,77,77,77,77,77,77,77,77,77,77,77,77,77,77,77,77,77,77,77,77,77,77,77,77],"card_choices":[{"not_picked":["Clash","Body Slam","Second Wind"],"picked":"SKIP","floor":1.0},{"not_picked":["Wild Strike","Blood for Blood","Burning Pact"],"picked":"SKIP","floor":3.0},{"not_picked":["Pummel","Anger","Corruption"],"picked":"SKIP","floor":7.0},{"not_picked":["Armaments","Sword Boomerang","Anger"],"picked":"SKIP","floor":13.0},{"not_picked":["Spot Weakness","Cleave","Searing Blow"],"picked":"SKIP","floor":14.0},{"not_picked":["Intimidate","Clothesline+1"],"picked":"Dropkick+1","floor":18.0},{"not_picked":["Power Through","True Grit","Cleave"],"picked":"SKIP","floor":23.0},{"not_picked":["Clash+1","Perfected Strike","Pommel Strike"],"picked":"SKIP","floor":27.0},{"not_picked":["Corruption","Perfected Strike+1","Havoc+1"],"picked":"SKIP","floor":35.0},{"not_picked":["Master of Strategy","Thinking Ahead"],"picked":"Panache","floor":37},{"not_picked":["Havoc+1","Metallicize","Anger"],"picked":"SKIP","floor":38},{"not_picked":["Clash+1","Havoc","Body Slam+1"],"picked":"SKIP","floor":41},{"not_picked":["Fire Breathing+1","Whirlwind+1"],"picked":"Thunderclap","floor":44},{"not_picked":["Pummel+1","Sword Boomerang","Evolve+1"],"picked":"SKIP","floor":46},{"not_picked":["Sword Boomerang","Inflame","Havoc"],"picked":"SKIP","floor":47},{"not_picked":["Clash+1","Sword Boomerang+1","Blood for Blood+1"],"picked":"SKIP","floor":54}],"player_experience":306287,"relics_obtained":[{"floor":22.0,"key":"Mercury Hourglass"},{"floor":23.0,"key":"Orichalcum"},{"floor":26.0,"key":"Juzu Bracelet"},{"floor":42,"key":"Champion Belt"},{"floor":43,"key":"Ancient Tea Set"},{"floor":44,"key":"Dodecahedron"},{"floor":45,"key":"FossilizedHelix"},{"floor":47,"key":"Centennial Puzzle"},{"floor":54,"key":"StoneCalendar"}],"event_choices":[{"damage_healed":0.0,"max_hp_gain":0.0,"max_hp_loss":0.0,"gold_gain":75.0,"event_name":"World of Goop","player_choice":"Gather Gold","floor":2.0,"gold_loss":0.0,"damage_taken":11.0},{"cards_removed":["Defend_R"],"damage_healed":0.0,"max_hp_gain":0.0,"max_hp_loss":0.0,"gold_gain":0.0,"event_name":"Bonfire Elementals","player_choice":"Offered Basic","floor":10.0,"gold_loss":0.0,"damage_taken":0.0},{"damage_healed":0.0,"max_hp_gain":0.0,"max_hp_loss":0.0,"gold_gain":0.0,"event_name":"Vampires","player_choice":"Ignored","floor":19.0,"gold_loss":0.0,"damage_taken":0.0},{"damage_healed":0.0,"max_hp_gain":0.0,"max_hp_loss":0.0,"gold_gain":0.0,"event_name":"Ghosts","player_choice":"Ignored","floor":21.0,"gold_loss":0.0,"damage_taken":0.0},{"cards_removed":["Defend_R"],"damage_healed":0.0,"max_hp_gain":0.0,"max_hp_loss":0.0,"gold_gain":0.0,"event_name":"Back to Basics","player_choice":"Elegance","floor":24.0,"gold_loss":0.0,"damage_taken":0.0},{"damage_healed":0.0,"max_hp_gain":5.0,"max_hp_loss":0.0,"gold_gain":0.0,"event_name":"Forgotten Altar","player_choice":"Shed Blood","floor":29.0,"gold_loss":0.0,"damage_taken":18.0},{"damage_healed":0.0,"max_hp_gain":0.0,"max_hp_loss":0.0,"gold_gain":0.0,"event_name":"The Mausoleum","player_choice":"Ignored","floor":30.0,"gold_loss":0.0,"damage_taken":0.0},{"damage_healed":0,"gold_gain":0,"player_choice":"Memory 1","damage_taken":0,"max_hp_gain":0,"max_hp_loss":0,"event_name":"SensoryStone","floor":37,"gold_loss":0},{"damage_healed":0,"gold_gain":100,"player_choice":"Pray","damage_taken":0,"max_hp_gain":0,"max_hp_loss":0,"event_name":"Golden Shrine","floor":39,"gold_loss":0},{"damage_healed":0,"gold_gain":0,"player_choice":"Fight","damage_taken":0,"max_hp_gain":0,"max_hp_loss":0,"event_name":"Mysterious Sphere","floor":42,"gold_loss":0},{"damage_healed":0,"gold_gain":0,"player_choice":"Fight","damage_taken":0,"max_hp_gain":0,"max_hp_loss":0,"event_name":"MindBloom","floor":45,"gold_loss":0}],"is_beta":false,"boss_relics":[{"not_picked":["Ectoplasm","Black Star"],"picked":"Fusion Hammer"},{"not_picked":["Busted Crown","Eternal Feather"],"picked":"Sozu"}],"items_purged_floors":[5,20,28,36,48],"is_endless":false,"potions_floor_spawned":[3,7,13,27,38,45,46,54],"ascension_level":0}