{"gold_per_floor":[19,36,53,128,128,128,147,147,147,171,96,111,134,84,84,84],"floor_reached":16,"playtime":345,"items_purged":["Injury"],"score":94,"play_id":"bae3a8c2-c047-4d08-9026-a9b0a0db363a","local_time":"20190504020941","is_ascension_mode":false,"campfire_choices":[{"data":"FTL","floor":6,"key":"SMITH"},{"data":"Ball Lightning","floor":8,"key":"SMITH"},{"floor":15,"key":"REST"}],"neow_cost":"NO_GOLD","seed_source_timestamp":227574640356582,"circlet_count":0,"master_deck":["Strike_B","Strike_B","Strike_B","Strike_B","Defend_B","Defend_B","Defend_B","Zap","Dualcast","Machine Learning","Ball Lightning+1","FTL+1","All For One","FTL"],"relics":["Cracked Core","Golden Idol","Dodecahedron"],"potions_floor_usage":[],"damage_taken":[{"damage":3,"enemies":"Small Slimes","floor":1,"turns":3},{"damage":8,"enemies":"Jaw Worm","floor":2,"turns":3},{"damage":7,"enemies":"2 Louse","floor":3,"turns":2},{"damage":5,"enemies":"2 Fungi Beasts","floor":7,"turns":3},{"damage":0,"enemies":"Looter","floor":10,"turns":2},{"damage":11,"enemies":"3 Louse","floor":12,"turns":3},{"damage":23,"enemies":"Exordium Thugs","floor":13,"turns":4},{"damage":0,"enemies":"The Guardian","floor":16,"turns":1}],"seed_played":"3745280368782076866","potions_obtained":[{"floor":3,"key":"Weak Potion"},{"floor":10,"key":"EssenceOfSteel"},{"floor":13,"key":"PowerPotion"}],"is_trial":false,"path_per_floor":["M","M","M","?","?","R","M","R","T","M","$","M","M","?","R","B"],"character_chosen":"DEFECT","items_purchased":[],"campfire_rested":1,"item_purchase_floors":[],"current_hp_per_floor":[72,64,57,46,46,46,41,41,41,41,41,30,7,7,29,29],"gold":84,"neow_bonus":"THREE_RARE_CARDS","is_prod":false,"is_daily":false,"chose_seed":false,"campfire_upgraded":2,"win_rate":0,"timestamp":1556960981,"path_taken":["M","M","M","?","?","R","M","R","T","M","$","M","M","?","R","BOSS"],"build_version":"2019-01-23","purchased_purges":1,"victory":false,"max_hp_per_floor":[75,75,75,75,75,75,75,75,75,75,75,75,75,75,75,75],"card_choices":[{"not_picked":["Creative AI","Buffer"],"picked":"Machine Learning","floor":0},{"not_picked":["Auto Shields","Gash"],"picked":"Ball Lightning","floor":1},{"not_picked":["Coolheaded","Reinforced Body","Double Energy"],"picked":"SKIP","floor":2},{"not_picked":["Turbo","Conserve Battery"],"picked":"FTL","floor":3},{"not_picked":["Storm","Conserve Battery","Go for the Eyes"],"picked":"SKIP","floor":7},{"not_picked":["Compile Driver","Blizzard","Fusion"],"picked":"SKIP","floor":10},{"not_picked":["Leap","Turbo"],"picked":"All For One","floor":12},{"not_picked":["Ball Lightning","Compile Driver"],"picked":"FTL","floor":13}],"player_experience":1329041,"relics_obtained":[{"floor":9,"key":"Dodecahedron"}],"event_choices":[{"damage_healed":0,"gold_gain":75,"player_choice":"Gather Gold","damage_taken":11,"max_hp_gain":0,"max_hp_loss":0,"event_name":"World of Goop","floor":4,"gold_loss":0},{"damage_healed":0,"gold_gain":0,"player_choice":"Take Wound","damage_taken":0,"relics_obtained":["Golden Idol"],"max_hp_gain":0,"max_hp_loss":0,"event_name":"Golden Idol","floor":5,"gold_loss":0,"cards_obtained":["Injury"]},{"cards_removed":["Defend_B"],"damage_healed":0,"gold_gain":0,"player_choice":"Card Removal","damage_taken":0,"max_hp_gain":0,"max_hp_loss":0,"event_name":"The Cleric","floor":14,"gold_loss":50}],"is_beta":false,"boss_relics":[],"items_purged_floors":[11],"is_endless":false,"potions_floor_spawned":[3,10,13],"killed_by":"The Guardian","ascension_level":0}