{"gold_per_floor":[116,128,203,256,267,267,267,282,309,323,248,248,24,44,44,115,115,134,151,51,69,69],"floor_reached":22,"playtime":619,"items_purged":["Strike_B","Defend_B"],"score":329,"play_id":"2414b6b1-a5c1-46fe-b546-07964012c8b8","local_time":"20190411174537","is_ascension_mode":true,"campfire_choices":[{"data":"Static Discharge","floor":6,"key":"SMITH"},{"floor":12,"key":"REST"},{"data":"Thunder Strike","floor":15,"key":"SMITH"}],"neow_cost":"TEN_PERCENT_HP_LOSS","seed_source_timestamp":215099565983400,"circlet_count":0,"master_deck":["AscendersBane","Strike_B","Strike_B","Strike_B","Defend_B","Defend_B","Defend_B","Zap","Dualcast","Thunder Strike+1","Leap","Storm","Static Discharge+1","White Noise","Electrodynamics","Leap"],"relics":["Cracked Core","Lantern","Centennial Puzzle","Lee\u0027s Waffle","Busted Crown"],"potions_floor_usage":[16,22],"damage_taken":[{"damage":2,"enemies":"Jaw Worm","floor":1,"turns":4},{"damage":4,"enemies":"Small Slimes","floor":2,"turns":4},{"damage":0,"enemies":"Cultist","floor":5,"turns":3},{"damage":13,"enemies":"3 Louse","floor":8,"turns":3},{"damage":1,"enemies":"2 Fungi Beasts","floor":10,"turns":4},{"damage":8,"enemies":"Lots of Slimes","floor":14,"turns":2},{"damage":33,"enemies":"The Guardian","floor":16,"turns":7},{"damage":0,"enemies":"Spheric Guardian","floor":18,"turns":2},{"damage":27,"enemies":"Shell Parasite","floor":19,"turns":3},{"damage":23,"enemies":"Centurion and Healer","floor":21,"turns":2},{"damage":18,"enemies":"Snecko","floor":22,"turns":3}],"seed_played":"-7006325069439765271","potions_obtained":[{"floor":5,"key":"SkillPotion"},{"floor":8,"key":"Fire Potion"},{"floor":18,"key":"SteroidPotion"}],"is_trial":false,"path_per_floor":["M","M","?","T","M","R","?","M","T","M","$","R","$","M","R","B",null,"M","M","$","M","M"],"character_chosen":"DEFECT","items_purchased":["Lee\u0027s Waffle"],"campfire_rested":1,"item_purchase_floors":[13],"current_hp_per_floor":[62,58,47,47,47,47,38,25,25,24,24,43,71,63,63,30,61,61,34,34,11,0],"gold":69,"neow_bonus":"THREE_RARE_CARDS","is_prod":false,"is_daily":false,"chose_seed":false,"campfire_upgraded":2,"win_rate":0,"timestamp":1555029937,"path_taken":["M","M","?","?","M","R","?","M","T","?","$","R","$","M","R","BOSS","M","M","$","M","M"],"build_version":"2019-01-23","purchased_purges":2,"victory":false,"max_hp_per_floor":[64,64,64,64,64,64,64,64,64,64,64,64,71,71,71,71,71,71,71,71,71,71],"card_choices":[{"not_picked":["Echo Form","Fission"],"picked":"Thunder Strike","floor":0},{"not_picked":["Beam Cell","Conserve Battery"],"picked":"Leap","floor":1},{"not_picked":["Auto Shields","Steam"],"picked":"Storm","floor":2},{"not_picked":["Rebound","Aggregate"],"picked":"Static Discharge","floor":5},{"not_picked":["Gash","Chaos","Go for the Eyes"],"picked":"SKIP","floor":8},{"not_picked":["Chill","Gash"],"picked":"White Noise","floor":10},{"not_picked":["Multi-Cast","Gash","Sweeping Beam"],"picked":"SKIP","floor":14},{"not_picked":["Creative AI","Amplify"],"picked":"Electrodynamics","floor":16},{"not_picked":["Redo"],"picked":"SKIP","floor":18},{"not_picked":[],"picked":"Leap","floor":19},{"not_picked":["Cold Snap"],"picked":"SKIP","floor":21}],"player_experience":1274921,"relics_obtained":[{"floor":4,"key":"Lantern"},{"floor":9,"key":"Centennial Puzzle"}],"event_choices":[{"damage_healed":0,"gold_gain":75,"player_choice":"Gather Gold","damage_taken":11,"max_hp_gain":0,"max_hp_loss":0,"event_name":"World of Goop","floor":3,"gold_loss":0},{"damage_healed":0,"gold_gain":0,"player_choice":"Damaged","damage_taken":9,"max_hp_gain":0,"max_hp_loss":0,"event_name":"Wheel of Change","floor":7,"gold_loss":0}],"is_beta":false,"boss_relics":[{"not_picked":["Tiny House","Calling Bell"],"picked":"Busted Crown"}],"items_purged_floors":[11,20],"is_endless":false,"potions_floor_spawned":[5,8,10,14,18,19],"killed_by":"Snecko","ascension_level":17}