{"gold_per_floor":[114,114,129,144,144,174,174,204,204,204,234,234,264,279,279,379,379,394,409,424,35,35,65,65,80,80,180,195,210,210,240,252,364,376,403,415,427,454,481,523,550,577,614,626,664,676,718,48,48,48],"floor_reached":51,"playtime":6893,"items_purged":["Injury"],"score":975,"play_id":"c93c301b-21ff-4b1c-abc9-98428de6785a","local_time":"20190308132843","daily_mods":["SealedDeck","Time Dilation","Binary"],"is_ascension_mode":false,"campfire_choices":[{"data":"Armaments","floor":7,"key":"SMITH"},{"data":"Armaments","floor":10,"key":"SMITH"},{"data":"Seeing Red","floor":15,"key":"SMITH"},{"data":"Whirlwind","floor":24,"key":"SMITH"},{"data":"Shrug It Off","floor":30,"key":"SMITH"},{"data":"Shrug It Off","floor":32,"key":"SMITH"},{"data":"Injury","floor":46,"key":"PURGE"},{"data":"Shame","floor":49,"key":"PURGE"}],"neow_cost":"","seed_source_timestamp":0,"circlet_count":0,"master_deck":["Metallicize","Rampage","Armaments+1","Armaments+1","Seeing Red+1","Shrug It Off+1","Disarm","Body Slam","Whirlwind+1","Juggernaut","Double Tap","Flex+1","Finesse","Shrug It Off+1","Dual Wield","Pommel Strike","Battle Trance+1","Panache+1","Metallicize+1","Spot Weakness"],"special_seed":17963,"relics":["Burning Blood","Bronze Scales","Potion Belt","PreservedInsect","Frozen Egg 2","Lantern","Self Forming Clay","White Beast Statue","Bag of Preparation","Pen Nib","Peace Pipe","Turnip","MawBank","Calling Bell","Omamori","Mummified Hand","Thread and Needle","Boot","Juzu Bracelet","Nunchaku","Anchor","HandDrill"],"potions_floor_usage":[6,6,16,23,31,33,38,39,40,41,45,45,45,45,50,50,50,50,50],"damage_taken":[{"damage":0,"enemies":"Cultist","floor":1,"turns":4},{"damage":2,"enemies":"Small Slimes","floor":3,"turns":3},{"damage":0,"enemies":"2 Louse","floor":4,"turns":1},{"damage":6,"enemies":"Gremlin Nob","floor":6,"turns":5},{"damage":6,"enemies":"3 Sentries","floor":8,"turns":5},{"damage":0,"enemies":"Lagavulin","floor":11,"turns":4},{"damage":0,"enemies":"3 Sentries","floor":13,"turns":3},{"damage":5,"enemies":"Exordium Thugs","floor":14,"turns":2},{"damage":20,"enemies":"The Guardian","floor":16,"turns":6},{"damage":1,"enemies":"Shell Parasite","floor":18,"turns":2},{"damage":0,"enemies":"3 Byrds","floor":19,"turns":4},{"damage":7,"enemies":"Cultist and Chosen","floor":20,"turns":6},{"damage":3,"enemies":"Gremlin Leader","floor":23,"turns":4},{"damage":6,"enemies":"Shelled Parasite and Fungi","floor":25,"turns":3},{"damage":6,"enemies":"Centurion and Healer","floor":28,"turns":4},{"damage":2,"enemies":"Sentry and Sphere","floor":29,"turns":3},{"damage":0,"enemies":"Book of Stabbing","floor":31,"turns":1},{"damage":0,"enemies":"Champ","floor":33,"turns":7},{"damage":0,"enemies":"3 Shapes","floor":35,"turns":4},{"damage":7,"enemies":"3 Darklings","floor":38,"turns":4},{"damage":1,"enemies":"Transient","floor":39,"turns":5},{"damage":0,"enemies":"Nemesis","floor":40,"turns":3},{"damage":15,"enemies":"Maw","floor":41,"turns":7},{"damage":1,"enemies":"Spire Growth","floor":42,"turns":3},{"damage":26,"enemies":"2 Orb Walkers","floor":45,"turns":4},{"damage":19,"enemies":"Reptomancer","floor":47,"turns":6},{"damage":0,"enemies":"Awakened One","floor":50,"turns":4}],"seed_played":"-4512309854435901200","potions_obtained":[{"floor":1,"key":"EssenceOfSteel"},{"floor":4,"key":"Swift Potion"},{"floor":8,"key":"Strength Potion"},{"floor":13,"key":"Ancient Potion"},{"floor":14,"key":"SpeedPotion"},{"floor":18,"key":"PowerPotion"},{"floor":19,"key":"Regen Potion"},{"floor":20,"key":"Fire Potion"},{"floor":23,"key":"Fruit Juice"},{"floor":25,"key":"Swift Potion"},{"floor":29,"key":"SteroidPotion"},{"floor":31,"key":"Dexterity Potion"},{"floor":33,"key":"GamblersBrew"},{"floor":35,"key":"Ancient Potion"},{"floor":38,"key":"Regen Potion"},{"floor":39,"key":"SkillPotion"},{"floor":40,"key":"Poison Potion"},{"floor":41,"key":"Strength Potion"},{"floor":42,"key":"PowerPotion"},{"floor":45,"key":"Regen Potion"},{"floor":47,"key":"Explosive Potion"}],"is_trial":false,"path_per_floor":["M","$","M","M","?","E","R","E","T","R","E","?","E","M","R","B",null,"M","M","M","$","?","E","R","M","T","?","M","M","R","E","R","B",null,"M","?","?","M","M","E","M","M","T","?","?","R","E","$","R","B",null],"character_chosen":"IRONCLAD","items_purchased":["Bag of Preparation","Finesse","Pen Nib","Panache+1","Metallicize+1","HandDrill","EssenceOfSteel","Energy Potion","Spot Weakness"],"campfire_rested":0,"item_purchase_floors":[21,21,21,48,48,48,48,48,48],"current_hp_per_floor":[80,80,80,80,68,68,68,68,68,68,74,74,80,80,80,66,80,80,80,79,79,79,85,85,85,85,85,85,85,85,85,85,85,85,85,85,81,80,81,81,72,77,77,77,57,57,44,44,44,64],"gold":48,"neow_bonus":"","is_prod":false,"is_daily":true,"chose_seed":false,"campfire_upgraded":6,"win_rate":0,"timestamp":1552048123,"path_taken":["M","?","?","M","?","E","R","E","T","R","E","?","E","M","R","BOSS","M","M","?","$","?","E","R","M","T","?","?","?","R","E","R","BOSS","M","?","?","M","M","E","M","M","T","?","?","R","E","$","R","BOSS"],"build_version":"2019-02-06","purchased_purges":1,"victory":true,"max_hp_per_floor":[80,80,80,80,80,80,80,80,80,80,80,80,80,80,80,80,80,80,80,80,80,80,85,85,85,85,85,85,85,85,85,85,85,85,85,85,81,81,81,81,81,81,81,81,81,81,81,81,81,81],"card_choices":[{"not_picked":["Heavy Blade","Evolve"],"picked":"SKIP","floor":1},{"not_picked":["Thunderclap","Heavy Blade"],"picked":"SKIP","floor":3},{"not_picked":["Havoc","Perfected Strike"],"picked":"SKIP","floor":4},{"not_picked":["Sword Boomerang"],"picked":"Juggernaut","floor":6},{"not_picked":["Iron Wave","Twin Strike"],"picked":"SKIP","floor":8},{"not_picked":["Fire Breathing+1","Iron Wave"],"picked":"SKIP","floor":11},{"not_picked":["Wild Strike","Infernal Blade"],"picked":"SKIP","floor":13},{"not_picked":["Thunderclap","Pommel Strike"],"picked":"SKIP","floor":14},{"not_picked":["Exhume"],"picked":"Double Tap","floor":16},{"not_picked":["Thunderclap"],"picked":"Flex+1","floor":18},{"not_picked":["Perfected Strike+1","Havoc"],"picked":"SKIP","floor":19},{"not_picked":["Twin Strike+1","Headbutt"],"picked":"SKIP","floor":20},{"not_picked":["Thunderclap","Sever Soul"],"picked":"SKIP","floor":23},{"not_picked":["Rampage+1","Seeing Red"],"picked":"SKIP","floor":25},{"not_picked":["Clothesline","Wild Strike"],"picked":"SKIP","floor":28},{"not_picked":["Fire Breathing+1","Whirlwind+1"],"picked":"SKIP","floor":29},{"not_picked":["Burning Pact"],"picked":"Shrug It Off","floor":31},{"not_picked":["Perfected Strike+1","Flame Barrier"],"picked":"SKIP","floor":35},{"not_picked":["Twin Strike+1","Wild Strike+1"],"picked":"SKIP","floor":38},{"not_picked":["Perfected Strike","Corruption+1"],"picked":"SKIP","floor":39},{"not_picked":["Cleave+1"],"picked":"Dual Wield","floor":40},{"not_picked":["Perfected Strike"],"picked":"Pommel Strike","floor":41},{"not_picked":["Second Wind","Twin Strike+1"],"picked":"SKIP","floor":42},{"not_picked":["Rampage"],"picked":"Battle Trance+1","floor":47}],"player_experience":220207,"relics_obtained":[{"floor":6,"key":"Potion Belt"},{"floor":8,"key":"PreservedInsect"},{"floor":9,"key":"Frozen Egg 2"},{"floor":11,"key":"Lantern"},{"floor":13,"key":"Self Forming Clay"},{"floor":23,"key":"Peace Pipe"},{"floor":26,"key":"Turnip"},{"floor":31,"key":"MawBank"},{"floor":34,"key":"Omamori"},{"floor":34,"key":"Mummified Hand"},{"floor":34,"key":"Thread and Needle"},{"floor":40,"key":"Boot"},{"floor":43,"key":"Juzu Bracelet"},{"floor":45,"key":"Nunchaku"},{"floor":47,"key":"Anchor"}],"event_choices":[{"damage_healed":0,"gold_gain":0,"player_choice":"Success","damage_taken":12,"relics_obtained":["Bronze Scales"],"max_hp_gain":0,"max_hp_loss":0,"event_name":"Scrap Ooze","floor":5,"gold_loss":0},{"damage_healed":0,"gold_gain":0,"player_choice":"Ignored","damage_taken":0,"max_hp_gain":0,"max_hp_loss":0,"event_name":"Transmorgrifier","floor":12,"gold_loss":0},{"damage_healed":0,"gold_gain":0,"player_choice":"Ignored","damage_taken":0,"max_hp_gain":0,"max_hp_loss":0,"event_name":"Beggar","floor":22,"gold_loss":0},{"damage_healed":0,"gold_gain":100,"player_choice":"Pray","damage_taken":0,"max_hp_gain":0,"max_hp_loss":0,"event_name":"Golden Shrine","floor":27,"gold_loss":0},{"damage_healed":0,"gold_gain":0,"player_choice":"Ignored","damage_taken":0,"max_hp_gain":0,"max_hp_loss":0,"event_name":"Tomb of Lord Red Mask","floor":36,"gold_loss":0},{"damage_healed":0,"gold_gain":0,"player_choice":"Max HP","damage_taken":0,"max_hp_gain":0,"max_hp_loss":4,"event_name":"Winding Halls","floor":37,"gold_loss":0},{"cards_removed":["Evolve"],"damage_healed":0,"gold_gain":0,"player_choice":"Removed Power","damage_taken":0,"max_hp_gain":0,"max_hp_loss":0,"event_name":"Falling","floor":44,"gold_loss":0},{"damage_healed":0,"gold_gain":0,"player_choice":"Fight","damage_taken":0,"max_hp_gain":0,"max_hp_loss":0,"event_name":"Mysterious Sphere","floor":45,"gold_loss":0}],"is_beta":true,"boss_relics":[{"not_picked":["Runic Dome","Busted Crown"],"picked":"White Beast Statue"},{"not_picked":["Orrery","Sozu"],"picked":"Calling Bell"}],"items_purged_floors":[48],"is_endless":false,"potions_floor_spawned":[1,4,8,13,14,18,19,20,23,25,28,29,31,33,35,38,39,40,41,42,45,47],"ascension_level":0}