{"gold_per_floor":[418,36,56,75,75,110,124,154,154,179,130,130,130,142,142,142],"floor_reached":16,"playtime":1386,"items_purged":["Regret"],"score":132,"play_id":"81b833f4-28e3-4afc-a30e-bb41eb387be1","local_time":"20190306151801","is_ascension_mode":true,"campfire_choices":[{"floor":13,"key":"REST"},{"floor":15,"key":"REST"}],"neow_cost":"CURSE","seed_source_timestamp":231869467457975,"circlet_count":0,"master_deck":["Strike_B","Strike_B","Strike_B","Strike_B","Defend_B","Defend_B","Defend_B","Defend_B","Zap+1","Dualcast","Auto Shields","Skim","Capacitor","Steam","Beam Cell","Double Energy","Turbo"],"relics":["Cracked Core","Old Coin","Bird Faced Urn","Dead Branch","Omamori","Blood Vial","Singing Bowl","Dream Catcher"],"potions_floor_usage":[6,8,10],"damage_taken":[{"damage":3,"enemies":"Cultist","floor":1,"turns":4},{"damage":0,"enemies":"Small Slimes","floor":3,"turns":3},{"damage":1,"enemies":"Jaw Worm","floor":4,"turns":3},{"damage":15,"enemies":"3 Sentries","floor":6,"turns":10},{"damage":9,"enemies":"3 Louse","floor":7,"turns":4},{"damage":24,"enemies":"Gremlin Nob","floor":8,"turns":4},{"damage":20,"enemies":"Lagavulin","floor":10,"turns":8},{"damage":45,"enemies":"Gremlin Gang","floor":14,"turns":5},{"damage":33,"enemies":"Hexaghost","floor":16,"turns":10}],"seed_played":"6634934963821807351","potions_obtained":[{"floor":3,"key":"Regen Potion"},{"floor":7,"key":"AttackPotion"},{"floor":8,"key":"FocusPotion"},{"floor":10,"key":"Explosive Potion"}],"is_trial":false,"path_per_floor":["M","$","M","M","?","E","M","E","T","E","?","?","R","M","R","B"],"character_chosen":"DEFECT","items_purchased":["Bird Faced Urn"],"campfire_rested":2,"item_purchase_floors":[2],"current_hp_per_floor":[72,72,72,71,71,71,62,38,38,22,22,22,44,3,25,0],"gold":142,"neow_bonus":"ONE_RARE_RELIC","is_prod":false,"is_daily":false,"chose_seed":false,"campfire_upgraded":0,"win_rate":0,"timestamp":1551881881,"path_taken":["M","$","M","?","?","E","?","E","T","E","?","?","R","M","R","BOSS"],"build_version":"2019-02-06","purchased_purges":1,"victory":false,"max_hp_per_floor":[75,75,75,75,75,75,75,75,75,75,75,75,75,75,75,75],"card_choices":[{"not_picked":["Cold Snap","Turbo","Compile Driver"],"picked":"SKIP","floor":1},{"not_picked":["Redo","Stack"],"picked":"Auto Shields","floor":3},{"not_picked":["Stack","Cold Snap","Compile Driver"],"picked":"SKIP","floor":4},{"not_picked":["Sweeping Beam","Hyperbeam"],"picked":"Skim","floor":6},{"not_picked":["Barrage","Leap","Glacier"],"picked":"SKIP","floor":7},{"not_picked":["Leap","Streamline"],"picked":"Capacitor","floor":8},{"not_picked":["Reprogram","Gash"],"picked":"Steam","floor":10},{"not_picked":["Steam","Storm"],"picked":"Beam Cell","floor":13},{"not_picked":["Beam Cell","Rebound"],"picked":"Double Energy","floor":14},{"not_picked":["Compile Driver","Self Repair"],"picked":"Turbo","floor":15}],"player_experience":218821,"relics_obtained":[{"floor":6,"key":"Dead Branch"},{"floor":8,"key":"Omamori"},{"floor":9,"key":"Blood Vial"},{"floor":10,"key":"Singing Bowl"}],"event_choices":[{"damage_healed":0,"gold_gain":0,"player_choice":"Forge","damage_taken":0,"max_hp_gain":0,"max_hp_loss":0,"event_name":"Accursed Blacksmith","floor":5,"gold_loss":0,"cards_upgraded":["Zap"]},{"damage_healed":0,"gold_gain":0,"player_choice":"Left Gold","damage_taken":0,"max_hp_gain":0,"max_hp_loss":0,"event_name":"World of Goop","floor":11,"gold_loss":49},{"damage_healed":0,"gold_gain":0,"player_choice":"Gave Potion","damage_taken":0,"relics_obtained":["Dream Catcher"],"max_hp_gain":0,"max_hp_loss":0,"event_name":"WeMeetAgain","floor":12,"gold_loss":0}],"is_beta":true,"boss_relics":[],"items_purged_floors":[2],"is_endless":false,"potions_floor_spawned":[3,7,8,10],"killed_by":"Hexaghost","ascension_level":2}