{"gold_per_floor":[14,14,24,43,62,62,97,97,97,97,112,112,112,140,140,236,236,256,273,290,51,81,81,106,122,171,171],"floor_reached":27,"playtime":993,"items_purged":["Zap"],"score":328,"play_id":"42c36a08-984a-4eef-b5d3-4501802b330f","local_time":"20180819122701","is_ascension_mode":true,"campfire_choices":[{"data":"Rip and Tear","floor":6.0,"key":"SMITH"},{"floor":10.0,"key":"REST"},{"floor":12.0,"key":"REST"},{"data":"Hyperbeam","floor":15.0,"key":"SMITH"},{"floor":23,"key":"REST"}],"neow_cost":"NO_GOLD","seed_source_timestamp":0,"circlet_count":0,"master_deck":["Strike_B","Strike_B","Defend_B","Defend_B","Defend_B","Dualcast+1","Rip and Tear+1","Streamline","Turbo","Gash","Steam+1","Steam","Hyperbeam+1","Gash","Steam Power","Hyperbeam","Beam Cell"],"special_seed":0,"relics":["Cracked Core","Ancient Tea Set","Letter Opener","Art of War","War Paint","Philosopher\u0027s Stone","Tiny Chest","Regal Pillow","Bag of Marbles"],"potions_floor_usage":[16,16,24,27],"damage_taken":[{"damage":0.0,"enemies":"Small Slimes","floor":1.0,"turns":2.0},{"damage":5.0,"enemies":"2 Louse","floor":3.0,"turns":2.0},{"damage":2.0,"enemies":"Jaw Worm","floor":4.0,"turns":2.0},{"damage":1.0,"enemies":"2 Fungi Beasts","floor":5.0,"turns":2.0},{"damage":35.0,"enemies":"Lagavulin","floor":7.0,"turns":4.0},{"damage":3.0,"enemies":"Blue Slaver","floor":11.0,"turns":2.0},{"damage":9.0,"enemies":"3 Sentries","floor":14.0,"turns":6.0},{"damage":21,"enemies":"Hexaghost","floor":16,"turns":8},{"damage":17,"enemies":"Shell Parasite","floor":18,"turns":3},{"damage":9,"enemies":"2 Thieves","floor":19,"turns":2},{"damage":13,"enemies":"Snake Plant","floor":20,"turns":2},{"damage":22,"enemies":"Slavers","floor":24,"turns":3},{"damage":3,"enemies":"Cultist and Chosen","floor":25,"turns":3},{"damage":48,"enemies":"Book of Stabbing","floor":27,"turns":3}],"seed_played":"8580597864579588070","potions_obtained":[{"floor":4.0,"key":"Weak Potion"},{"floor":5.0,"key":"Energy Potion"},{"floor":11.0,"key":"Dexterity Potion"},{"floor":14.0,"key":"Strength Potion"},{"floor":19,"key":"SteroidPotion"},{"floor":20,"key":"SteroidPotion"}],"is_trial":false,"path_per_floor":["M","?","M","M","M","R","E","?","T","R","M","R","?","E","R","B",null,"M","M","M","$","?","R","E","M","T"],"character_chosen":"DEFECT","items_purchased":["Hyperbeam"],"campfire_rested":3,"item_purchase_floors":[21],"current_hp_per_floor":[68,61,56,54,53,53,18,11,11,33,30,52,57,48,48,27,67,50,41,28,28,28,52,30,27,27,0],"gold":171,"neow_bonus":"REMOVE_TWO","is_prod":false,"is_daily":false,"chose_seed":false,"campfire_upgraded":2,"win_rate":0,"timestamp":1534706821,"path_taken":["M","?","M","M","M","R","E","?","T","R","M","R","?","E","R","BOSS","M","M","M","$","?","R","E","M","T","E"],"build_version":"2018-08-16","purchased_purges":1,"victory":false,"max_hp_per_floor":[75,75,75,75,75,75,75,75,75,75,75,75,80,80,80,80,80,80,80,80,80,80,80,80,80,80,80],"card_choices":[{"not_picked":["Conserve Battery","Redo"],"picked":"Rip and Tear","floor":1.0},{"not_picked":["FTL","Cold Snap"],"picked":"Streamline","floor":3.0},{"not_picked":["Rebound","Static Discharge"],"picked":"Turbo","floor":4.0},{"not_picked":["Sunder","Compile Driver"],"picked":"Gash","floor":5.0},{"not_picked":["Cold Snap","Melter"],"picked":"Steam","floor":7.0},{"not_picked":["Storm","Heatsinks"],"picked":"Steam","floor":11.0},{"not_picked":["FTL","Leap"],"picked":"Hyperbeam","floor":14.0},{"not_picked":["Static Discharge","Darkness+1"],"picked":"Gash","floor":18},{"not_picked":["Sweeping Beam+1","Hologram"],"picked":"Steam Power","floor":19},{"not_picked":["Rebound","Conserve Battery","Sweeping Beam+1"],"picked":"SKIP","floor":20},{"not_picked":["Buffer","BootSequence","Sweeping Beam"],"picked":"SKIP","floor":24},{"not_picked":["White Noise","Sweeping Beam+1"],"picked":"Beam Cell","floor":25}],"player_experience":681770,"relics_obtained":[{"floor":7.0,"key":"Letter Opener"},{"floor":9.0,"key":"Art of War"},{"floor":14.0,"key":"War Paint"},{"floor":24,"key":"Regal Pillow"},{"floor":26,"key":"Bag of Marbles"}],"event_choices":[{"event_name":"Scrap Ooze","player_choice":"success","floor":2.0,"damage_taken":7.0},{"event_name":"Golden Wing","player_choice":"Card Removal","floor":8.0,"damage_taken":0.0},{"event_name":"Big Fish","player_choice":"Donut","floor":13.0,"damage_taken":0.0},{"event_name":"WeMeetAgain","player_choice":"Potion","floor":22,"damage_taken":0}],"is_beta":false,"boss_relics":[{"not_picked":["FrozenCore","Coffee Dripper"],"picked":"Philosopher\u0027s Stone"}],"items_purged_floors":[21],"is_endless":false,"potions_floor_spawned":[4,5,11,14,19,20],"killed_by":"Book of Stabbing","ascension_level":7}