{"gold_per_floor":[167,167,180,130,144,144,176,176,199,240,272,298,270,293,305,422,434,456,468,530,277,202,202,217,217,217,234,244,254,254,116,116,116],"floor_reached":33,"playtime":1307,"items_purged":["Strike_B","Writhe"],"score":445,"play_id":"1051cae9-9ad0-41ee-9652-493974eaf70c","local_time":"20180825154658","is_ascension_mode":true,"campfire_choices":[{"data":"Scrape","floor":6.0,"key":"SMITH"},{"floor":8.0,"key":"REST"},{"floor":15.0,"key":"REST"},{"data":"Hologram","floor":23,"key":"SMITH"},{"data":"Hyperbeam","floor":25,"key":"SMITH"},{"floor":32,"key":"REST"}],"neow_cost":"NONE","seed_source_timestamp":0,"circlet_count":0,"master_deck":["Strike_B","Strike_B+1","Strike_B+1","Defend_B","Defend_B","Zap+1","Dualcast","Scrape+1","Gash","Hologram+1","Gash","Hyperbeam+1","Go for the Eyes","Turbo+1","Hologram+1","Scrape"],"special_seed":0,"relics":["Tiny House","Lantern","MawBank","Mercury Hourglass","FaceOfCleric","Membership Card","Ice Cream","Thread and Needle"],"potions_floor_usage":[16,16,18,28],"damage_taken":[{"damage":5.0,"enemies":"2 Louse","floor":1.0,"turns":2.0},{"damage":6.0,"enemies":"Small Slimes","floor":3.0,"turns":4.0},{"damage":2.0,"enemies":"Jaw Worm","floor":5.0,"turns":3.0},{"damage":17.0,"enemies":"3 Sentries","floor":7.0,"turns":7.0},{"damage":16.0,"enemies":"Gremlin Nob","floor":10.0,"turns":3.0},{"damage":12.0,"enemies":"Gremlin Gang","floor":11.0,"turns":3.0},{"damage":7.0,"enemies":"3 Louse","floor":12.0,"turns":2.0},{"damage":9.0,"enemies":"Exordium Thugs","floor":14.0,"turns":3.0},{"damage":0,"enemies":"Slime Boss","floor":16,"turns":5},{"damage":0,"enemies":"Chosen","floor":18,"turns":4},{"damage":11,"enemies":"2 Thieves","floor":24,"turns":2},{"damage":26,"enemies":"Snake Plant","floor":27,"turns":3},{"damage":4,"enemies":"Centurion and Healer","floor":28,"turns":3},{"damage":2,"enemies":"Snecko","floor":29,"turns":3},{"damage":62,"enemies":"Automaton","floor":33,"turns":6}],"seed_played":"-3072036907997824836","potions_obtained":[{"floor":0.0,"key":"GamblersBrew"},{"floor":3.0,"key":"EssenceOfSteel"},{"floor":5.0,"key":"Dexterity Potion"},{"floor":13.0,"key":"FearPotion"},{"floor":13.0,"key":"Swift Potion"},{"floor":13.0,"key":"Block Potion"},{"floor":24,"key":"SneckoOil"}],"is_trial":false,"path_per_floor":["M","?","M","?","M","R","E","R","T","E","M","M","?","M","R","B",null,"M","?","?","$","?","R","M","R","T","M","M","M","?","$","R"],"character_chosen":"DEFECT","items_purchased":["Membership Card","Scrape"],"campfire_rested":3,"item_purchase_floors":[21,31],"current_hp_per_floor":[68,52,46,46,44,44,27,51,51,35,23,16,16,7,31,31,68,68,68,68,68,68,68,58,58,58,33,30,29,29,29,54,0],"gold":116,"neow_bonus":"BOSS_RELIC","is_prod":false,"is_daily":false,"chose_seed":false,"campfire_upgraded":3,"win_rate":0,"timestamp":1535237218,"path_taken":["M","?","M","?","M","R","E","R","T","E","M","?","?","M","R","BOSS","M","?","?","$","?","R","M","R","T","?","M","M","?","$","R","BOSS"],"build_version":"2018-08-23v2","purchased_purges":2,"victory":false,"max_hp_per_floor":[80,80,80,80,80,80,80,80,80,80,80,80,80,80,80,80,80,80,80,80,80,80,80,81,81,81,82,83,84,84,84,84,84],"card_choices":[{"not_picked":["Rebound","Sweeping Beam"],"picked":"Scrape","floor":0.0},{"not_picked":["Compile Driver","Ball Lightning"],"picked":"Gash","floor":1.0},{"not_picked":["Defragment","Skim","Compile Driver"],"picked":"SKIP","floor":3.0},{"not_picked":["Coolheaded","Barrage","Compile Driver"],"picked":"SKIP","floor":5.0},{"not_picked":["Biased Cognition","Barrage","Blizzard"],"picked":"SKIP","floor":7.0},{"not_picked":["Chaos","Ball Lightning"],"picked":"Hologram","floor":10.0},{"not_picked":["Sweeping Beam","Reprogram"],"picked":"Gash","floor":11.0},{"not_picked":["Genetic Algorithm","Ball Lightning","Fusion"],"picked":"SKIP","floor":12.0},{"not_picked":["Undo","Tempest","Stack"],"picked":"SKIP","floor":14.0},{"not_picked":["Buffer","Rainbow"],"picked":"Hyperbeam","floor":16},{"not_picked":["Steam+1","Lockon"],"picked":"Go for the Eyes","floor":18},{"not_picked":["Barrage","Capacitor+1","Sweeping Beam"],"picked":"SKIP","floor":24},{"not_picked":["Barrage","Stack","Ball Lightning"],"picked":"SKIP","floor":27},{"not_picked":["Leap+1","Redo+1"],"picked":"Turbo+1","floor":28},{"not_picked":["Rebound","Static Discharge+1"],"picked":"Hologram+1","floor":29}],"player_experience":718984,"relics_obtained":[{"floor":7.0,"key":"Lantern"},{"floor":9.0,"key":"MawBank"},{"floor":10.0,"key":"Mercury Hourglass"},{"floor":26,"key":"Ice Cream"}],"event_choices":[{"event_name":"Shining Light","player_choice":"Entered Light","floor":2.0,"damage_taken":0.0},{"event_name":"The Cleric","player_choice":"Card Removal","floor":4.0,"damage_taken":0.0},{"event_name":"The Woman in Blue","player_choice":"Bought 3 Potions","floor":13.0,"damage_taken":0.0},{"event_name":"FaceTrader","player_choice":"Trade","floor":19,"damage_taken":0},{"event_name":"The Joust","player_choice":"Bet on Murderer","floor":20,"damage_taken":0},{"event_name":"Beggar","player_choice":"Gave Gold","floor":22,"damage_taken":0},{"event_name":"The Mausoleum","player_choice":"Yes","floor":30,"damage_taken":0}],"is_beta":false,"boss_relics":[{"not_picked":["Snecko Eye","Inserter","Runic Pyramid"]}],"items_purged_floors":[21,31],"is_endless":false,"potions_floor_spawned":[3,5,14,24],"killed_by":"Automaton","ascension_level":9}