{"gold_per_floor":[116,41,41,41,41,76,76,106,106,123,133,152,178,198,198,273,273,290,290,49,66,82,82,111,111,156,156,176,176,191,241,241,241],"floor_reached":33,"playtime":2227,"items_purged":["Clash"],"score":653,"play_id":"ae440182-ff70-486b-8c2f-1e3657c8ec8d","local_time":"20190707121810","is_ascension_mode":true,"campfire_choices":[{"data":"Pommel Strike","floor":7,"key":"SMITH"},{"data":"Thunderclap","floor":15,"key":"SMITH"},{"data":"Wild Strike","floor":23,"key":"SMITH"},{"data":"Headbutt","floor":29,"key":"SMITH"},{"floor":32,"key":"REST"}],"neow_cost":"NONE","seed_source_timestamp":451380108114551,"circlet_count":0,"master_deck":["AscendersBane","Strike_R+1","Strike_R+1","Strike_R+1","Strike_R+1","Strike_R+1","Defend_R+1","Defend_R+1","Defend_R+1","Perfected Strike+1","Pommel Strike+1","Thunderclap+1","Headbutt+1","Dual Wield+1","Limit Break+1","True Grit+1","Ghostly+1","Ghostly+1","Ghostly+1","Exhume+1","Wild Strike+1","Armaments+1","Warcry+1","Warcry+1"],"relics":["Burning Blood","NeowsBlessing","Meat on the Bone","Toxic Egg 2","Ginger","Gremlin Horn","Sozu","Ornamental Fan","Potion Belt","FaceOfCleric"],"potions_floor_usage":[10,13,14],"damage_taken":[{"damage":0,"enemies":"Small Slimes","floor":1,"turns":1},{"damage":0,"enemies":"Lagavulin","floor":6,"turns":1},{"damage":0,"enemies":"3 Sentries","floor":8,"turns":1},{"damage":6,"enemies":"2 Louse","floor":10,"turns":2},{"damage":0,"enemies":"Cultist","floor":11,"turns":3},{"damage":3,"enemies":"Looter","floor":12,"turns":2},{"damage":3,"enemies":"Gremlin Nob","floor":13,"turns":3},{"damage":6,"enemies":"2 Fungi Beasts","floor":14,"turns":2},{"damage":77,"enemies":"Hexaghost","floor":16,"turns":8},{"damage":6,"enemies":"Spheric Guardian","floor":18,"turns":3},{"damage":2,"enemies":"2 Thieves","floor":21,"turns":2},{"damage":16,"enemies":"Chosen and Byrds","floor":22,"turns":7},{"damage":22,"enemies":"Book of Stabbing","floor":24,"turns":6},{"damage":7,"enemies":"Snecko","floor":28,"turns":5},{"damage":2,"enemies":"Centurion and Healer","floor":30,"turns":4},{"damage":57,"enemies":"Automaton","floor":33,"turns":6}],"seed_played":"-103971651582107235","potions_obtained":[{"floor":6,"key":"Fruit Juice"},{"floor":8,"key":"Ancient Potion"},{"floor":11,"key":"Ancient Potion"},{"floor":16,"key":"EssenceOfSteel"}],"is_trial":false,"path_per_floor":["M","?","?","?","?","E","R","E","T","M","M","M","E","M","R","B",null,"M","?","$","M","M","R","E","?","T","?","M","R","M","?","R","B"],"character_chosen":"IRONCLAD","items_purchased":["Exhume+1"],"campfire_rested":1,"item_purchase_floors":[20],"current_hp_per_floor":[74,74,51,51,51,57,57,63,63,68,74,77,80,80,80,21,65,65,40,40,40,30,30,26,26,26,26,38,38,42,42,42,0],"gold":241,"neow_bonus":"THREE_ENEMY_KILL","is_prod":false,"is_daily":false,"chose_seed":false,"campfire_upgraded":4,"win_rate":0,"timestamp":1562516290,"path_taken":["M","?","?","?","?","E","R","E","T","M","M","?","E","M","R","BOSS","M","?","$","M","M","R","E","?","T","?","M","R","?","?","R","BOSS"],"build_version":"2019-07-05","purchased_purges":1,"victory":false,"max_hp_per_floor":[75,75,75,75,75,75,75,75,75,80,80,80,80,80,80,80,80,80,40,40,40,40,40,40,40,40,40,41,41,42,42,42,42],"card_choices":[{"not_picked":["Headbutt","True Grit"],"picked":"Perfected Strike","floor":1},{"not_picked":["Spot Weakness","Twin Strike"],"picked":"Pommel Strike","floor":6},{"not_picked":["Fiend Fire","Armaments"],"picked":"Thunderclap","floor":8},{"not_picked":["Sword Boomerang","Clothesline","Heavy Blade"],"picked":"SKIP","floor":10},{"not_picked":["Anger","Fire Breathing"],"picked":"Headbutt","floor":11},{"not_picked":["Corruption","Clothesline"],"picked":"Clash","floor":12},{"not_picked":["Blood for Blood","Heavy Blade","Combust"],"picked":"SKIP","floor":13},{"not_picked":["Flex+1","Metallicize"],"picked":"Dual Wield+1","floor":14},{"not_picked":["Juggernaut","Dark Embrace"],"picked":"Limit Break+1","floor":16},{"not_picked":["Sword Boomerang","Rampage"],"picked":"True Grit+1","floor":18},{"not_picked":["Fire Breathing","Spot Weakness+1"],"picked":"Wild Strike","floor":21},{"not_picked":["Body Slam","Heavy Blade"],"picked":"Armaments+1","floor":22},{"not_picked":["Sword Boomerang+1","Clash"],"picked":"Warcry+1","floor":24},{"not_picked":["Carnage","Combust","Reckless Charge+1"],"picked":"SKIP","floor":28},{"not_picked":["Headbutt","Corruption"],"picked":"Warcry+1","floor":30}],"player_experience":216405,"relics_obtained":[{"floor":6,"key":"Meat on the Bone"},{"floor":8,"key":"Toxic Egg 2"},{"floor":9,"key":"Ginger"},{"floor":13,"key":"Gremlin Horn"},{"floor":24,"key":"Ornamental Fan"},{"floor":26,"key":"Potion Belt"}],"event_choices":[{"cards_removed":["Bash"],"damage_healed":0,"gold_gain":0,"player_choice":"Card Removal","damage_taken":0,"max_hp_gain":0,"max_hp_loss":0,"event_name":"The Cleric","floor":2,"gold_loss":75},{"damage_healed":0,"gold_gain":0,"player_choice":"Entered Light","damage_taken":23,"max_hp_gain":0,"max_hp_loss":0,"event_name":"Shining Light","floor":3,"gold_loss":0,"cards_upgraded":["Strike_R","Defend_R"]},{"damage_healed":0,"gold_gain":0,"player_choice":"Grow","damage_taken":0,"max_hp_gain":0,"max_hp_loss":0,"event_name":"Living Wall","floor":4,"gold_loss":0,"cards_upgraded":["Perfected Strike"]},{"cards_removed":["Defend_R"],"damage_healed":0,"gold_gain":0,"player_choice":"Offered Basic","damage_taken":0,"max_hp_gain":0,"max_hp_loss":0,"event_name":"Bonfire Elementals","floor":5,"gold_loss":0},{"damage_healed":0,"gold_gain":0,"player_choice":"Became a Ghost","damage_taken":0,"max_hp_gain":0,"max_hp_loss":40,"event_name":"Ghosts","floor":19,"gold_loss":0,"cards_obtained":["Ghostly","Ghostly","Ghostly"]},{"damage_healed":0,"gold_gain":0,"player_choice":"Simplicity","damage_taken":0,"max_hp_gain":0,"max_hp_loss":0,"event_name":"Back to Basics","floor":25,"gold_loss":0,"cards_upgraded":["Strike_R","Strike_R","Strike_R","Strike_R","Defend_R","Defend_R"]},{"damage_healed":0,"gold_gain":0,"player_choice":"Trade","damage_taken":0,"relics_obtained":["FaceOfCleric"],"max_hp_gain":0,"max_hp_loss":0,"event_name":"FaceTrader","floor":27,"gold_loss":0},{"damage_healed":0,"gold_gain":50,"player_choice":"Stole From Cult","damage_taken":0,"max_hp_gain":0,"max_hp_loss":0,"event_name":"Nest","floor":31,"gold_loss":0}],"is_beta":false,"boss_relics":[{"not_picked":["Eternal Feather","Cursed Key"],"picked":"Sozu"}],"items_purged_floors":[20],"is_endless":false,"potions_floor_spawned":[6,8,11,16,28,30],"killed_by":"Automaton","ascension_level":19}