{"gold_per_floor":[115,190,190,202,202,235,253,271,322,338,338,365,12,26,26,98,98,108,108],"floor_reached":19,"playtime":1351,"items_purged":[],"score":367,"play_id":"ffc6988b-67a0-4970-ba43-df0879aeee7a","local_time":"20190706222615","is_ascension_mode":true,"campfire_choices":[{"data":"Pommel Strike","floor":11,"key":"SMITH"},{"data":"Shrug It Off","floor":15,"key":"SMITH"}],"neow_cost":"NONE","seed_source_timestamp":402333275157459,"circlet_count":0,"master_deck":["AscendersBane","Strike_R","Strike_R","Strike_R","Defend_R","Defend_R","Defend_R+1","Defend_R","Bash+1","Ghostly Armor+1","Pommel Strike+1","Shrug It Off+1","Inflame+1","Juggernaut+1","Shrug It Off"],"relics":["Burning Blood","NeowsBlessing","Ornamental Fan","War Paint","Art of War","Frozen Egg 2","Empty Cage"],"potions_floor_usage":[8,12,16,16],"damage_taken":[{"damage":0,"enemies":"Jaw Worm","floor":1,"turns":1},{"damage":0,"enemies":"2 Louse","floor":4,"turns":1},{"damage":0,"enemies":"Lagavulin","floor":6,"turns":1},{"damage":6,"enemies":"Cultist","floor":7,"turns":3},{"damage":21,"enemies":"Gremlin Gang","floor":8,"turns":4},{"damage":4,"enemies":"Large Slime","floor":10,"turns":5},{"damage":16,"enemies":"Gremlin Nob","floor":12,"turns":3},{"damage":5,"enemies":"Exordium Wildlife","floor":14,"turns":5},{"damage":21,"enemies":"The Guardian","floor":16,"turns":10},{"damage":26,"enemies":"3 Byrds","floor":18,"turns":6},{"damage":65,"enemies":"Masked Bandits","floor":19,"turns":3}],"seed_played":"27368657120182319","potions_obtained":[{"floor":6,"key":"LiquidBronze"},{"floor":7,"key":"SteroidPotion"},{"floor":10,"key":"SneckoOil"},{"floor":14,"key":"AttackPotion"},{"floor":16,"key":"Dexterity Potion"}],"is_trial":false,"path_per_floor":["M","?","?","M","?","E","M","M","T","M","R","E","$","M","R","B",null,"M","?"],"character_chosen":"IRONCLAD","items_purchased":["Frozen Egg 2","Inflame+1"],"campfire_rested":0,"item_purchase_floors":[13,13],"current_hp_per_floor":[74,63,68,74,74,80,80,65,65,67,67,57,57,58,58,43,71,51,0],"gold":108,"neow_bonus":"THREE_ENEMY_KILL","is_prod":false,"is_daily":false,"chose_seed":false,"campfire_upgraded":2,"win_rate":0,"timestamp":1562466375,"path_taken":["M","?","?","M","?","E","M","?","T","M","R","E","$","?","R","BOSS","M","?"],"build_version":"2019-07-05","purchased_purges":0,"victory":false,"max_hp_per_floor":[75,75,80,80,80,80,80,80,80,80,80,80,80,80,80,80,80,80,80],"card_choices":[{"not_picked":["Clash","Infernal Blade","Clothesline"],"picked":"SKIP","floor":1},{"not_picked":["Wild Strike","Rage","Power Through"],"picked":"SKIP","floor":4},{"not_picked":["Thunderclap","Twin Strike","Clash"],"picked":"SKIP","floor":6},{"not_picked":["Blood for Blood","Clash"],"picked":"Ghostly Armor","floor":7},{"not_picked":["Searing Blow","Carnage"],"picked":"Pommel Strike","floor":8},{"not_picked":["Sentinel","Searing Blow"],"picked":"Shrug It Off","floor":10},{"not_picked":["Clothesline","Cleave","Rupture"],"picked":"SKIP","floor":12},{"not_picked":["Seeing Red","Heavy Blade","Cleave"],"picked":"SKIP","floor":14},{"not_picked":["Reaper","Fiend Fire"],"picked":"Juggernaut+1","floor":16},{"not_picked":["Shockwave","Warcry+1"],"picked":"Shrug It Off","floor":18}],"player_experience":198522,"relics_obtained":[{"floor":6,"key":"Ornamental Fan"},{"floor":9,"key":"War Paint"},{"floor":12,"key":"Art of War"}],"event_choices":[{"damage_healed":0,"gold_gain":75,"player_choice":"Gather Gold","damage_taken":11,"max_hp_gain":0,"max_hp_loss":0,"event_name":"World of Goop","floor":2,"gold_loss":0},{"damage_healed":0,"gold_gain":0,"player_choice":"Donut","damage_taken":0,"max_hp_gain":5,"max_hp_loss":0,"event_name":"Big Fish","floor":3,"gold_loss":0},{"damage_healed":0,"gold_gain":0,"player_choice":"Upgraded","damage_taken":0,"max_hp_gain":0,"max_hp_loss":0,"event_name":"Upgrade Shrine","floor":5,"gold_loss":0,"cards_upgraded":["Bash"]},{"damage_healed":0,"gold_gain":0,"player_choice":"Fought Bandits","damage_taken":0,"max_hp_gain":0,"max_hp_loss":0,"event_name":"Masked Bandits","floor":19,"gold_loss":0}],"is_beta":false,"boss_relics":[{"not_picked":["Eternal Feather","Tiny House"],"picked":"Empty Cage"}],"items_purged_floors":[],"is_endless":false,"potions_floor_spawned":[6,7,10,14,16],"killed_by":"Masked Bandits","ascension_level":16}