{"gold_per_floor":[115,115,128,144,158,188,188,217,217,232,60,91,91,101,101,196,196,208,223,148,73,93,93,108,141,141,174,186,205,205,205,205,308,308,319,319,219,219,235,264,364,239,264,290,321,345,376,238,238,238],"floor_reached":51,"playtime":6414,"items_purged":["Flex","Regret","Writhe","Dark Embrace"],"score":805,"play_id":"9718bbc3-1f24-4921-9ed9-b1981180166c","local_time":"20190211234033","is_ascension_mode":true,"campfire_choices":[{"data":"True Grit","floor":7.0,"key":"SMITH"},{"data":"True Grit","floor":13.0,"key":"SMITH"},{"data":"Limit Break","floor":15.0,"key":"SMITH"},{"data":"Armaments","floor":23.0,"key":"SMITH"},{"data":"Limit Break","floor":32.0,"key":"SMITH"},{"data":"Heavy Blade","floor":49,"key":"SMITH"}],"neow_cost":"NONE","seed_source_timestamp":0,"circlet_count":0,"master_deck":["Strike_R+1","Strike_R+1","Strike_R+1","Defend_R+1","Defend_R+1","Defend_R+1","Defend_R+1","Bash","Inflame+1","True Grit+1","Juggernaut","Armaments+1","Spot Weakness+1","Feel No Pain","True Grit+1","Uppercut","Limit Break+1","Power Through","Headbutt+1","Whirlwind","Shrug It Off","Limit Break+1","Heavy Blade+1","Battle Trance+1","Demon Form","Bludgeon","Metallicize+1","Double Tap"],"special_seed":0,"relics":["Burning Blood","Paper Frog","Matryoshka","Vajra","Pantograph","Omamori","Coffee Dripper","Question Card","Bottled Tornado","Sundial","FossilizedHelix","Gremlin Horn","Calling Bell","War Paint","Darkstone Periapt","Calipers","Bag of Marbles","Bird Faced Urn","Orichalcum","Anchor","MawBank"],"potions_floor_usage":[47,50],"damage_taken":[{"damage":6.0,"enemies":"Jaw Worm","floor":1.0,"turns":5.0},{"damage":6.0,"enemies":"Cultist","floor":3.0,"turns":4.0},{"damage":7.0,"enemies":"2 Louse","floor":4.0,"turns":2.0},{"damage":5.0,"enemies":"Looter","floor":5.0,"turns":4.0},{"damage":36.0,"enemies":"3 Sentries","floor":6.0,"turns":10.0},{"damage":31.0,"enemies":"Gremlin Nob","floor":8.0,"turns":5.0},{"damage":3.0,"enemies":"Blue Slaver","floor":10.0,"turns":2.0},{"damage":14.0,"enemies":"Lagavulin","floor":12.0,"turns":7.0},{"damage":1.0,"enemies":"2 Fungi Beasts","floor":14.0,"turns":4.0},{"damage":51.0,"enemies":"The Guardian","floor":16.0,"turns":9.0},{"damage":22.0,"enemies":"3 Byrds","floor":18.0,"turns":6.0},{"damage":9.0,"enemies":"Spheric Guardian","floor":19.0,"turns":4.0},{"damage":15.0,"enemies":"Snake Plant","floor":22.0,"turns":3.0},{"damage":10.0,"enemies":"Cultist and Chosen","floor":24.0,"turns":4.0},{"damage":32.0,"enemies":"Gremlin Leader","floor":25.0,"turns":8.0},{"damage":28.0,"enemies":"Book of Stabbing","floor":27.0,"turns":5.0},{"damage":10.0,"enemies":"Centurion and Healer","floor":28.0,"turns":4.0},{"damage":9.0,"enemies":"Shelled Parasite and Fungi","floor":29.0,"turns":5.0},{"damage":2.0,"enemies":"Collector","floor":33.0,"turns":6.0},{"damage":1,"enemies":"3 Darklings","floor":35,"turns":3},{"damage":16,"enemies":"3 Shapes","floor":39,"turns":3},{"damage":46,"enemies":"Giant Head","floor":40,"turns":8},{"damage":0,"enemies":"Mind Bloom Boss Battle","floor":41,"turns":7},{"damage":0,"enemies":"Nemesis","floor":45,"turns":5},{"damage":7,"enemies":"Maw","floor":46,"turns":7},{"damage":0,"enemies":"Transient","floor":47,"turns":5},{"damage":48,"enemies":"Time Eater","floor":50,"turns":5}],"seed_played":"2304848251931877558","potions_obtained":[{"floor":4.0,"key":"Regen Potion"},{"floor":6.0,"key":"SkillPotion"},{"floor":10.0,"key":"Poison Potion"},{"floor":16.0,"key":"AttackPotion"},{"floor":19.0,"key":"AttackPotion"},{"floor":22.0,"key":"AttackPotion"},{"floor":27.0,"key":"FairyPotion"},{"floor":29.0,"key":"FearPotion"},{"floor":35,"key":"Fire Potion"},{"floor":45,"key":"AttackPotion"},{"floor":46,"key":"LiquidBronze"}],"is_trial":false,"path_per_floor":["M","?","M","M","M","E","R","E","T","M","$","E","R","M","R","B",null,"M","M","?","$","M","R","M","E","T","E","M","M","T","?","R","B",null,"M","?","$","?","M","E","?","$","T","T","E","M","M","$","R","B",null],"character_chosen":"IRONCLAD","items_purchased":["Spot Weakness","Feel No Pain","True Grit"],"campfire_rested":0,"item_purchase_floors":[11,11,11],"current_hp_per_floor":[88,88,88,87,88,58,58,42,42,45,45,37,37,42,42,22,88,72,69,69,69,60,60,56,30,30,8,14,11,11,11,11,40,88,88,94,94,94,84,44,75,75,75,75,85,90,94,94,94,52],"gold":238,"neow_bonus":"TEN_PERCENT_HP_BONUS","is_prod":false,"is_daily":false,"chose_seed":false,"campfire_upgraded":6,"win_rate":0,"timestamp":1549924833,"path_taken":["M","?","M","?","M","E","R","E","T","M","$","E","R","M","R","BOSS","M","M","?","$","M","R","M","E","T","E","M","M","?","?","R","BOSS","M","?","$","?","M","E","?","$","T","?","E","M","?","$","R","BOSS"],"build_version":"2019-02-06","purchased_purges":4,"victory":true,"max_hp_per_floor":[88,88,88,88,88,88,88,88,88,88,88,88,88,88,88,88,88,88,88,88,88,88,88,88,88,88,88,88,88,88,88,88,88,88,88,94,94,94,94,94,94,94,94,94,94,94,94,94,94,94],"card_choices":[{"not_picked":["Perfected Strike","Sever Soul"],"picked":"Inflame","floor":1.0},{"not_picked":["Clothesline","Body Slam"],"picked":"Flex","floor":3.0},{"not_picked":["Uppercut","Anger"],"picked":"True Grit","floor":4.0},{"not_picked":["Sever Soul","Fire Breathing","Iron Wave"],"picked":"SKIP","floor":5.0},{"not_picked":["Bloodletting","Anger"],"picked":"Juggernaut","floor":6.0},{"not_picked":["Fire Breathing","Clash","Iron Wave"],"picked":"SKIP","floor":8.0},{"not_picked":["Feel No Pain","Pommel Strike"],"picked":"Armaments","floor":10.0},{"not_picked":["Body Slam","Bloodletting"],"picked":"Uppercut","floor":12.0},{"not_picked":["Dual Wield","Sword Boomerang"],"picked":"Limit Break","floor":14.0},{"not_picked":["Bludgeon","Berserk"],"picked":"Dark Embrace","floor":16.0},{"not_picked":["Armaments","Iron Wave"],"picked":"Power Through","floor":18.0},{"not_picked":["Ghostly Armor","Burning Pact"],"picked":"Headbutt+1","floor":19.0},{"not_picked":["Sword Boomerang","Heavy Blade"],"picked":"Whirlwind","floor":22.0},{"not_picked":["Clash","Thunderclap"],"picked":"Shrug It Off","floor":24.0},{"not_picked":["Sever Soul+1","True Grit"],"picked":"Limit Break","floor":25.0},{"not_picked":["Offering","Feel No Pain","Wild Strike"],"picked":"Heavy Blade","floor":27.0},{"not_picked":["Ghostly Armor","True Grit","Carnage","Wild Strike+1"],"picked":"SKIP","floor":28.0},{"not_picked":["Carnage+1","Twin Strike","Clothesline+1"],"picked":"Battle Trance","floor":29.0},{"not_picked":["Brutality","Feed","Fiend Fire"],"picked":"Demon Form","floor":33.0},{"not_picked":["Shrug It Off+1","Power Through+1","Body Slam","Rage"],"picked":"SKIP","floor":35},{"not_picked":["Rampage+1","Shrug It Off+1","Uppercut+1","Infernal Blade"],"picked":"SKIP","floor":39},{"not_picked":["Body Slam","Warcry+1","Twin Strike+1"],"picked":"Bludgeon","floor":40},{"not_picked":["Combust+1","Thunderclap","Headbutt"],"picked":"Metallicize+1","floor":41},{"not_picked":["Intimidate","Rampage+1","Perfected Strike+1","Twin Strike+1"],"picked":"SKIP","floor":45},{"not_picked":["Warcry","Anger","Headbutt","Thunderclap+1"],"picked":"SKIP","floor":46},{"not_picked":["Reckless Charge","Clash","Disarm"],"picked":"Double Tap","floor":47}],"player_experience":82849,"relics_obtained":[{"floor":6.0,"key":"Paper Frog"},{"floor":8.0,"key":"Matryoshka"},{"floor":9.0,"key":"Vajra"},{"floor":9.0,"key":"Pantograph"},{"floor":12.0,"key":"Omamori"},{"floor":25.0,"key":"Question Card"},{"floor":26.0,"key":"Bottled Tornado"},{"floor":26.0,"key":"Sundial"},{"floor":27.0,"key":"FossilizedHelix"},{"floor":30.0,"key":"Gremlin Horn"},{"floor":34,"key":"War Paint"},{"floor":34,"key":"Darkstone Periapt"},{"floor":34,"key":"Calipers"},{"floor":40,"key":"Bag of Marbles"},{"floor":41,"key":"Bird Faced Urn"},{"floor":43,"key":"Orichalcum"},{"floor":44,"key":"Anchor"},{"floor":45,"key":"MawBank"}],"event_choices":[{"damage_healed":0.0,"max_hp_gain":0.0,"max_hp_loss":0.0,"gold_gain":0.0,"event_name":"Upgrade Shrine","player_choice":"Upgraded","floor":2.0,"gold_loss":0.0,"damage_taken":0.0,"cards_upgraded":["Inflame"]},{"cards_removed":["Strike_R"],"damage_healed":0.0,"max_hp_gain":0.0,"max_hp_loss":0.0,"gold_gain":0.0,"event_name":"Beggar","player_choice":"Gave Gold","floor":20.0,"gold_loss":75.0,"damage_taken":0.0},{"damage_healed":0.0,"max_hp_gain":0.0,"max_hp_loss":0.0,"gold_gain":0.0,"event_name":"Back to Basics","player_choice":"Simplicity","floor":31.0,"gold_loss":0.0,"damage_taken":0.0,"cards_upgraded":["Strike_R","Strike_R","Strike_R","Strike_R","Defend_R","Defend_R","Defend_R","Defend_R"]},{"damage_healed":22,"gold_gain":0,"player_choice":"Writhe","damage_taken":0,"max_hp_gain":0,"max_hp_loss":0,"event_name":"Winding Halls","floor":36,"gold_loss":0,"cards_obtained":["Writhe"]},{"cards_removed":["Strike_R"],"damage_healed":0,"gold_gain":0,"player_choice":"Removed Attack","damage_taken":0,"max_hp_gain":0,"max_hp_loss":0,"event_name":"Falling","floor":38,"gold_loss":0},{"damage_healed":0,"gold_gain":0,"player_choice":"Fight","damage_taken":0,"max_hp_gain":0,"max_hp_loss":0,"event_name":"MindBloom","floor":41,"gold_loss":0}],"is_beta":true,"boss_relics":[{"not_picked":["Eternal Feather","White Beast Statue"],"picked":"Coffee Dripper"},{"not_picked":["Runic Cube","Sozu"],"picked":"Calling Bell"}],"items_purged_floors":[21,37,42,48],"is_endless":false,"potions_floor_spawned":[4,6,10,16,19,22,27,29,35,45,46],"ascension_level":1}