{"gold_per_floor":[116,136,149,74,87,87,119,138,138,138],"floor_reached":10,"playtime":667,"items_purged":["Defend_G"],"score":98,"play_id":"ab484eae-dfef-4ac0-b39e-86509ab07824","local_time":"20181101171455","is_ascension_mode":true,"campfire_choices":[{"data":"Reflex","floor":6,"key":"SMITH"}],"neow_cost":"NONE","seed_source_timestamp":563314496803991,"circlet_count":0,"master_deck":["Defend_G","Defend_G","Defend_G","Defend_G","Strike_G","Strike_G","Strike_G","Strike_G","Strike_G","Survivor","Neutralize","Reflex+1","Backflip","Flechettes","All Out Attack","Well Laid Plans","PiercingWail"],"relics":["Eternal Feather","Happy Flower","Snake Skull"],"potions_floor_usage":[7,8,8],"damage_taken":[{"damage":0,"enemies":"Cultist","floor":1,"turns":5},{"damage":8,"enemies":"Small Slimes","floor":2,"turns":5},{"damage":4,"enemies":"2 Louse","floor":3,"turns":4},{"damage":6,"enemies":"Looter","floor":5,"turns":4},{"damage":46,"enemies":"Lagavulin","floor":7,"turns":7},{"damage":3,"enemies":"Blue Slaver","floor":8,"turns":3},{"damage":7,"enemies":"Gremlin Gang","floor":10,"turns":1}],"seed_played":"-6920860471919299698","potions_obtained":[{"floor":1,"key":"SpeedPotion"},{"floor":2,"key":"AttackPotion"},{"floor":7,"key":"AttackPotion"}],"is_trial":false,"path_per_floor":["M","M","M","$","M","R","E","M","T"],"character_chosen":"THE_SILENT","items_purchased":[],"campfire_rested":0,"item_purchase_floors":[],"current_hp_per_floor":[63,55,51,51,45,54,8,5,5,0],"gold":138,"neow_bonus":"BOSS_RELIC","is_prod":false,"is_daily":false,"chose_seed":false,"campfire_upgraded":1,"win_rate":0,"timestamp":1541117695,"path_taken":["M","M","?","$","M","R","E","M","T","?"],"build_version":"2018-10-25v2","purchased_purges":1,"victory":false,"max_hp_per_floor":[70,70,70,70,70,70,70,70,70,70],"card_choices":[{"not_picked":["Riddle With Holes","Poisoned Stab"],"picked":"Reflex","floor":1},{"not_picked":["Cloak And Dagger","Backstab"],"picked":"Backflip","floor":2},{"not_picked":["Footwork","Deadly Poison"],"picked":"Flechettes","floor":3},{"not_picked":["Dagger Throw","Outmaneuver"],"picked":"All Out Attack","floor":5},{"not_picked":["Footwork","A Thousand Cuts"],"picked":"Well Laid Plans","floor":7},{"not_picked":["Poisoned Stab","Blade Dance"],"picked":"PiercingWail","floor":8}],"player_experience":924773,"relics_obtained":[{"floor":7,"key":"Happy Flower"},{"floor":9,"key":"Snake Skull"}],"event_choices":[],"is_beta":false,"boss_relics":[],"items_purged_floors":[4],"is_endless":false,"potions_floor_spawned":[1,2,7],"killed_by":"Gremlin Gang","ascension_level":8}