{"gold_per_floor":[117,117,130,130,130,130,155,172,172,191,191,207,218,252,252,357,357,342,353,363,376,56,56,56,56,86,86,86,97,97,115,115,215,215,235,254,254,329,343,343,353,353,353,48,48,48,0,19,19,19],"floor_reached":51,"playtime":3908,"items_purged":["Strike_G","Defend_G"],"score":684,"play_id":"924edfb6-ddbc-49d0-ad7b-8ccc91b07363","local_time":"20190618223316","is_ascension_mode":false,"campfire_choices":[{"data":"A Thousand Cuts","floor":6,"key":"SMITH"},{"floor":11,"key":"REST"},{"floor":15,"key":"REST"},{"floor":27,"key":"REST"},{"data":"Distraction","floor":30,"key":"SMITH"},{"data":"Blade Dance","floor":32,"key":"SMITH"},{"data":"Burst","floor":40,"key":"SMITH"},{"data":"Cloak And Dagger","floor":42,"key":"SMITH"},{"floor":46,"key":"RECALL"},{"floor":49,"key":"REST"}],"neow_cost":"PERCENT_DAMAGE","seed_source_timestamp":129668133762548,"circlet_count":0,"master_deck":["Defend_G+1","Defend_G+1","Strike_G+1","Strike_G+1","Survivor+1","Neutralize+1","PiercingWail+1","A Thousand Cuts+1","Prepared+1","Terror+1","Slice+1","Quick Slash+1","Cloak And Dagger+1","Well Laid Plans+1","After Image+1","Prepared+1","Slice+1","Backflip+1","Prepared+1","Distraction+1","Masterful Stab+1","Backflip+1","Escape Plan+1","Setup+1","Blade Dance+1","Burst+1","Distraction+1","PiercingWail+1","Master of Strategy+1","Deflect+1","Setup+1"],"relics":["Ring of the Snake","Dead Branch","Sundial","Pantograph","Mercury Hourglass","Orrery","Meat on the Bone","Matryoshka","Tiny Chest","Gremlin Horn","Sozu","Orichalcum","Ninja Scroll","Blue Candle","Mark of the Bloom","Red Mask"],"potions_floor_usage":[16,20,33,33],"damage_taken":[{"damage":0,"enemies":"Jaw Worm","floor":1,"turns":5},{"damage":1,"enemies":"Small Slimes","floor":3,"turns":3},{"damage":13,"enemies":"Lagavulin","floor":7,"turns":7},{"damage":0,"enemies":"Cultist","floor":8,"turns":4},{"damage":7,"enemies":"Large Slime","floor":10,"turns":3},{"damage":11,"enemies":"Exordium Wildlife","floor":12,"turns":4},{"damage":2,"enemies":"Exordium Thugs","floor":13,"turns":4},{"damage":25,"enemies":"3 Sentries","floor":14,"turns":7},{"damage":20,"enemies":"The Guardian","floor":16,"turns":10},{"damage":12,"enemies":"2 Thieves","floor":18,"turns":4},{"damage":5,"enemies":"Shell Parasite","floor":19,"turns":5},{"damage":6,"enemies":"Cultist and Chosen","floor":20,"turns":5},{"damage":29,"enemies":"Centurion and Healer","floor":21,"turns":5},{"damage":0,"enemies":"Snake Plant","floor":29,"turns":3},{"damage":2,"enemies":"Cultist and Chosen","floor":31,"turns":3},{"damage":13,"enemies":"Champ","floor":33,"turns":8},{"damage":0,"enemies":"Orb Walker","floor":35,"turns":2},{"damage":4,"enemies":"3 Darklings","floor":36,"turns":3},{"damage":11,"enemies":"Jaw Worm Horde","floor":39,"turns":2},{"damage":6,"enemies":"Sphere and 2 Shapes","floor":41,"turns":3},{"damage":0,"enemies":"Spire Growth","floor":48,"turns":1},{"damage":0,"enemies":"Donu and Deca","floor":50,"turns":4}],"seed_played":"-4368026786742578689","potions_obtained":[{"floor":3,"key":"GamblersBrew"},{"floor":13,"key":"PowerPotion"},{"floor":14,"key":"EssenceOfSteel"},{"floor":16,"key":"GamblersBrew"},{"floor":18,"key":"Poison Potion"},{"floor":21,"key":"GhostInAJar"}],"is_trial":false,"path_per_floor":["M","?","M","?","T","R","E","M","T","M","R","M","M","E","R","B",null,"M","M","M","M","$","?","?","?","T","R","?","M","R","M","R","B",null,"M","M","?","T","M","R","M","R","T","$","?","R","?","M","R","B",null],"character_chosen":"THE_SILENT","items_purchased":["Meat on the Bone","Master of Strategy","Deflect"],"campfire_rested":4,"item_purchase_floors":[22,44,44],"current_hp_per_floor":[49,49,48,41,41,41,28,28,28,21,42,31,29,4,25,30,70,58,53,47,18,18,18,18,18,18,39,80,80,80,78,78,67,80,80,76,76,76,65,65,59,59,59,59,59,59,59,59,59,59],"gold":19,"neow_bonus":"TRANSFORM_TWO_CARDS","is_prod":false,"is_daily":false,"chose_seed":false,"campfire_upgraded":5,"win_rate":0,"timestamp":1560922396,"path_taken":["M","?","M","?","?","R","E","?","T","M","R","M","M","E","R","BOSS","M","M","M","M","$","?","?","?","T","R","?","M","R","?","R","BOSS","M","M","?","?","?","R","M","R","T","$","?","R","?","M","R","BOSS"],"build_version":"2019-01-23","purchased_purges":2,"victory":true,"max_hp_per_floor":[70,70,70,70,70,70,70,70,70,70,70,70,70,70,70,70,70,70,70,70,70,70,70,70,70,70,70,80,80,80,80,80,80,80,80,80,80,80,80,80,80,80,80,80,80,80,80,80,80,80],"card_choices":[{"not_picked":["Quick Slash","Bane"],"picked":"Prepared","floor":1},{"not_picked":["Bane","Dash"],"picked":"Terror","floor":3},{"not_picked":["Dodge and Roll","Dagger Throw","Underhanded Strike"],"picked":"SKIP","floor":7},{"not_picked":["Dodge and Roll","Flying Knee"],"picked":"Slice","floor":8},{"not_picked":["All Out Attack","Dagger Throw"],"picked":"Quick Slash","floor":10},{"not_picked":["Dagger Spray","PiercingWail"],"picked":"Bullet Time","floor":12},{"not_picked":["Prepared","Outmaneuver"],"picked":"Cloak And Dagger","floor":13},{"not_picked":["Outmaneuver","Caltrops"],"picked":"Well Laid Plans","floor":14},{"not_picked":["Bullet Time","Burst"],"picked":"After Image","floor":16},{"not_picked":["Dodge and Roll","Setup"],"picked":"Prepared","floor":17},{"not_picked":["Riddle With Holes","Grand Finale"],"picked":"Slice","floor":17},{"not_picked":["Noxious Fumes","Dagger Spray"],"picked":"Backflip","floor":17},{"not_picked":["Underhanded Strike","PiercingWail"],"picked":"Prepared","floor":17},{"not_picked":["Dagger Spray","Expertise"],"picked":"Distraction","floor":18},{"not_picked":["Outmaneuver+1","Flying Knee"],"picked":"Masterful Stab","floor":19},{"not_picked":["All Out Attack","Heel Hook"],"picked":"Backflip","floor":20},{"not_picked":["All Out Attack","Dash"],"picked":"Blade Dance","floor":21},{"not_picked":["Leg Sweep+1","Dagger Throw"],"picked":"Setup+1","floor":29},{"not_picked":["Outmaneuver","Dodge and Roll"],"picked":"Blade Dance","floor":31},{"not_picked":["Phantasmal Killer","Bullet Time"],"picked":"Burst","floor":33},{"not_picked":["Outmaneuver","Crippling Poison","Poisoned Stab"],"picked":"SKIP","floor":35},{"not_picked":["Setup","Flechettes+1"],"picked":"Distraction+1","floor":36},{"not_picked":["Outmaneuver+1","Crippling Poison+1","Caltrops"],"picked":"SKIP","floor":39},{"not_picked":["Underhanded Strike","Flying Knee"],"picked":"PiercingWail+1","floor":41},{"not_picked":["Sucker Punch","Dagger Throw"],"picked":"Setup+1","floor":48}],"player_experience":1416000,"relics_obtained":[{"floor":5,"key":"Dead Branch"},{"floor":7,"key":"Sundial"},{"floor":9,"key":"Pantograph"},{"floor":14,"key":"Mercury Hourglass"},{"floor":26,"key":"Tiny Chest"},{"floor":26,"key":"Gremlin Horn"},{"floor":38,"key":"Orichalcum"},{"floor":38,"key":"Ninja Scroll"},{"floor":43,"key":"Blue Candle"}],"event_choices":[{"cards_removed":["Defend_G"],"damage_healed":0,"gold_gain":0,"player_choice":"Forget","damage_taken":0,"max_hp_gain":0,"max_hp_loss":0,"event_name":"Living Wall","floor":2,"gold_loss":0},{"cards_removed":["Strike_G"],"damage_healed":0,"gold_gain":0,"player_choice":"Card Removal","damage_taken":7,"max_hp_gain":0,"max_hp_loss":0,"event_name":"Golden Wing","floor":4,"gold_loss":0},{"damage_healed":0,"gold_gain":0,"player_choice":"Opened","damage_taken":0,"relics_obtained":["Matryoshka"],"max_hp_gain":0,"max_hp_loss":0,"event_name":"The Mausoleum","floor":24,"gold_loss":0},{"damage_healed":0,"gold_gain":0,"player_choice":"Read","damage_taken":0,"max_hp_gain":0,"max_hp_loss":0,"event_name":"The Library","floor":25,"gold_loss":0,"cards_obtained":["Escape Plan"]},{"cards_removed":["Bullet Time"],"damage_healed":31,"gold_gain":0,"player_choice":"Offered Rare","damage_taken":0,"max_hp_gain":10,"max_hp_loss":0,"event_name":"Bonfire Elementals","floor":28,"gold_loss":0},{"cards_removed":["Blade Dance"],"damage_healed":0,"gold_gain":0,"player_choice":"Removed Skill","damage_taken":0,"max_hp_gain":0,"max_hp_loss":0,"event_name":"Falling","floor":37,"gold_loss":0},{"damage_healed":0,"gold_gain":0,"player_choice":"Upgrade","damage_taken":0,"relics_obtained":["Mark of the Bloom"],"max_hp_gain":0,"max_hp_loss":0,"event_name":"MindBloom","floor":45,"gold_loss":0,"cards_upgraded":["Defend_G","Defend_G","Strike_G","Strike_G","Survivor","Neutralize","PiercingWail","Prepared","Terror","Slice","Quick Slash","Well Laid Plans","After Image","Prepared","Slice","Backflip","Prepared","Masterful Stab","Backflip","Escape Plan","Master of Strategy","Deflect"]},{"damage_healed":0,"gold_gain":0,"player_choice":"Paid","damage_taken":0,"relics_obtained":["Red Mask"],"max_hp_gain":0,"max_hp_loss":0,"event_name":"Tomb of Lord Red Mask","floor":47,"gold_loss":48}],"is_beta":false,"boss_relics":[{"not_picked":["Cursed Key","White Beast Statue"],"picked":"Orrery"},{"not_picked":["Velvet Choker","Calling Bell"],"picked":"Sozu"}],"items_purged_floors":[22,44],"is_endless":false,"potions_floor_spawned":[3,13,14,16,18,21,31,35],"ascension_level":0}