{"gold_per_floor":[213,227,21,35,102,131,131,162,162,178,207,223,223,243,243,243],"floor_reached":16,"playtime":1067,"items_purged":["Strike_G"],"score":244,"play_id":"8030eef5-b25b-4b12-b51c-2d8081d8e4dc","local_time":"20190815224148","is_ascension_mode":true,"campfire_choices":[{"data":"All Out Attack","floor":7,"key":"SMITH"},{"floor":13,"key":"REST"},{"data":"Footwork","floor":15,"key":"SMITH"}],"neow_cost":"NONE","seed_source_timestamp":1467997841276320,"circlet_count":0,"master_deck":["AscendersBane","Strike_G","Strike_G","Strike_G","Strike_G","Defend_G","Defend_G","Defend_G","Defend_G","Defend_G","Survivor","Neutralize","Quick Slash","All Out Attack+1","Infinite Blades","Deadly Poison","Cloak And Dagger","Slice","Footwork+1","Backflip"],"relics":["Ring of the Snake","Nunchaku","Ornamental Fan","Darkstone Periapt","Turnip"],"potions_floor_usage":[6,8],"damage_taken":[{"damage":3,"enemies":"Small Slimes","floor":1,"turns":5},{"damage":4,"enemies":"Jaw Worm","floor":2,"turns":6},{"damage":5,"enemies":"2 Louse","floor":4,"turns":3},{"damage":16,"enemies":"Lagavulin","floor":6,"turns":8},{"damage":11,"enemies":"3 Sentries","floor":8,"turns":6},{"damage":0,"enemies":"Lots of Slimes","floor":10,"turns":1},{"damage":17,"enemies":"Gremlin Nob","floor":11,"turns":4},{"damage":2,"enemies":"Exordium Thugs","floor":12,"turns":3},{"damage":4,"enemies":"3 Louse","floor":14,"turns":2},{"damage":17,"enemies":"The Guardian","floor":16,"turns":2}],"seed_played":"-3978101535782654379","potions_obtained":[{"floor":1,"key":"Explosive Potion"},{"floor":4,"key":"Fire Potion"},{"floor":6,"key":"Ancient Potion"},{"floor":10,"key":"Ancient Potion"}],"is_trial":false,"path_per_floor":["M","M","$","M","?","E","R","E","T","M","E","M","R","M","R","B"],"character_chosen":"THE_SILENT","items_purchased":["All Out Attack","Infinite Blades"],"campfire_rested":1,"item_purchase_floors":[3,3],"current_hp_per_floor":[56,52,52,47,47,31,31,20,20,20,3,1,20,16,16,0],"gold":243,"neow_bonus":"HUNDRED_GOLD","is_prod":false,"is_daily":false,"chose_seed":false,"campfire_upgraded":2,"win_rate":0,"timestamp":1565923308,"path_taken":["M","M","$","M","?","E","R","E","T","M","E","M","R","M","R","BOSS"],"build_version":"2019-07-17","purchased_purges":1,"victory":false,"max_hp_per_floor":[66,66,66,66,66,66,66,66,66,66,66,66,66,66,66,66],"card_choices":[{"not_picked":["Deflect","Slice","Catalyst"],"picked":"SKIP","floor":1},{"not_picked":["Cloak And Dagger","Sucker Punch"],"picked":"Quick Slash","floor":2},{"not_picked":["Reflex","Flechettes"],"picked":"Deadly Poison","floor":4},{"not_picked":["Reflex","Slice"],"picked":"Cloak And Dagger","floor":6},{"not_picked":["Prepared","Flechettes"],"picked":"Slice","floor":8},{"not_picked":["Acrobatics","Prepared","Reflex"],"picked":"SKIP","floor":10},{"not_picked":["Outmaneuver","Expertise","Dagger Throw"],"picked":"SKIP","floor":11},{"not_picked":["Dodge and Roll","Bane"],"picked":"Footwork","floor":12},{"not_picked":["Blade Dance","Flying Knee"],"picked":"Backflip","floor":14}],"player_experience":553777,"relics_obtained":[{"floor":6,"key":"Nunchaku"},{"floor":8,"key":"Ornamental Fan"},{"floor":9,"key":"Darkstone Periapt"},{"floor":11,"key":"Turnip"}],"event_choices":[{"damage_healed":0,"gold_gain":67,"player_choice":"Gained Gold","damage_taken":0,"max_hp_gain":0,"max_hp_loss":0,"event_name":"Golden Wing","floor":5,"gold_loss":0}],"is_beta":false,"boss_relics":[],"items_purged_floors":[3],"is_endless":false,"potions_floor_spawned":[1,4,6,10],"killed_by":"The Guardian","ascension_level":20}