{"gold_per_floor":[20,20,33,49,67,67,100,100,100,131,131,131,169,187,187,316,316,339,360,51,65,79,79,110,129,152,52,52,75,88,101,101,221,221,242,575,575,587,587,587,599,617,617,160,174,209,16,16],"floor_reached":48,"playtime":4844,"items_purged":["Injury","Strike_G"],"score":783,"play_id":"67471117-e7a5-47bb-946d-ab77793b9a25","local_time":"20180927091124","is_ascension_mode":true,"campfire_choices":[{"data":"Crippling Poison","floor":6.0,"key":"SMITH"},{"data":"Dash","floor":8.0,"key":"SMITH"},{"data":"Neutralize","floor":11.0,"key":"SMITH"},{"floor":15.0,"key":"REST"},{"floor":23.0,"key":"REST"},{"floor":28,"key":"REST"},{"floor":32,"key":"REST"},{"data":"Noxious Fumes","floor":40,"key":"SMITH"}],"neow_cost":"NO_GOLD","seed_source_timestamp":0,"circlet_count":0,"master_deck":["Defend_G","Defend_G","Defend_G","Defend_G","Defend_G","Strike_G+1","Strike_G+1","Strike_G","Strike_G","Survivor","Neutralize+1","Dash+1","PiercingWail+1","Crippling Poison+1","Backflip","Backflip","Blur","Deadly Poison","Bane","After Image","Poisoned Stab","Noxious Fumes+1","Bane","Sucker Punch+1","Corpse Explosion+1","Caltrops","Crippling Poison","Sucker Punch+1","Leg Sweep+1","Adrenaline","Backflip+1","Backflip+1","Footwork+1","Apotheosis","Deadly Poison"],"special_seed":0,"relics":["Ring of the Snake","Incense Burner","Bottled Flame","Matryoshka","Sundial","Ninja Scroll","Eternal Feather","Happy Flower","Dream Catcher","Molten Egg 2","Whetstone","Lizard Tail","Oddly Smooth Stone","Pantograph","Unceasing Top","Pear","Centennial Puzzle","War Paint"],"potions_floor_usage":[24,31,31,33,46,46,48],"damage_taken":[{"damage":1.0,"enemies":"Jaw Worm","floor":1.0,"turns":7.0},{"damage":0.0,"enemies":"Small Slimes","floor":3.0,"turns":3.0},{"damage":2.0,"enemies":"Cultist","floor":4.0,"turns":4.0},{"damage":18.0,"enemies":"3 Louse","floor":5.0,"turns":4.0},{"damage":4.0,"enemies":"Gremlin Nob","floor":7.0,"turns":5.0},{"damage":3.0,"enemies":"3 Sentries","floor":10.0,"turns":7.0},{"damage":33.0,"enemies":"Lagavulin","floor":13.0,"turns":12.0},{"damage":0.0,"enemies":"Exordium Wildlife","floor":14.0,"turns":5.0},{"damage":12.0,"enemies":"The Guardian","floor":16.0,"turns":12.0},{"damage":22.0,"enemies":"Spheric Guardian","floor":18.0,"turns":8.0},{"damage":6.0,"enemies":"3 Byrds","floor":19.0,"turns":6.0},{"damage":2.0,"enemies":"Snake Plant","floor":21.0,"turns":5.0},{"damage":18.0,"enemies":"Centurion and Healer","floor":22.0,"turns":7.0},{"damage":29,"enemies":"Gremlin Leader","floor":24,"turns":8},{"damage":0,"enemies":"Cultist and Chosen","floor":25,"turns":4},{"damage":28,"enemies":"Sentry and Sphere","floor":29,"turns":7},{"damage":15,"enemies":"Snake Plant","floor":30,"turns":4},{"damage":10,"enemies":"Snecko","floor":31,"turns":5},{"damage":32,"enemies":"Collector","floor":33,"turns":12},{"damage":0,"enemies":"3 Darklings","floor":35,"turns":4},{"damage":0,"enemies":"Orb Walker","floor":38,"turns":4},{"damage":35,"enemies":"3 Darklings","floor":41,"turns":4},{"damage":42,"enemies":"Reptomancer","floor":42,"turns":6},{"damage":13,"enemies":"Spire Growth","floor":45,"turns":7},{"damage":17,"enemies":"Giant Head","floor":46,"turns":13},{"damage":22,"enemies":"Transient","floor":48,"turns":2}],"seed_played":"768480349445096233","potions_obtained":[{"floor":1.0,"key":"Block Potion"},{"floor":13.0,"key":"Weak Potion"},{"floor":14.0,"key":"SpeedPotion"},{"floor":16.0,"key":"Swift Potion"},{"floor":21.0,"key":"Strength Potion"},{"floor":24,"key":"Swift Potion"},{"floor":31,"key":"LiquidBronze"},{"floor":33,"key":"Poison Potion"},{"floor":42,"key":"Block Potion"},{"floor":45,"key":"SkillPotion"}],"is_trial":false,"path_per_floor":["M","?","M","M","M","R","E","R","T","E","R","?","E","M","R","B",null,"M","M","$","M","M","R","E","M","T","$","R","M","M","M","R","B",null,"M","?","?","M","?","R","M","M","T","$","M","E","$"],"character_chosen":"THE_SILENT","items_purchased":["Noxious Fumes","Happy Flower","Apotheosis","Pear","War Paint","SkillPotion"],"campfire_rested":4,"item_purchase_floors":[20,20,44,44,47,47],"current_hp_per_floor":[62,62,62,60,42,42,38,38,38,35,35,58,25,25,46,34,61,39,33,33,31,13,49,20,20,20,20,56,28,13,3,39,7,54,54,54,54,54,54,70,35,29,29,39,26,9,9,0],"gold":16,"neow_bonus":"ONE_RARE_RELIC","is_prod":false,"is_daily":false,"chose_seed":false,"campfire_upgraded":4,"win_rate":0,"timestamp":1538064684,"path_taken":["M","?","M","M","M","R","E","R","T","E","R","?","E","M","R","BOSS","M","M","?","M","M","R","E","?","T","$","R","M","M","M","R","BOSS","M","?","?","?","?","R","M","M","T","$","M","E","$","M"],"build_version":"2018-09-20","purchased_purges":2,"victory":false,"max_hp_per_floor":[70,70,70,70,70,70,70,70,70,70,70,70,70,70,70,70,70,70,70,70,70,70,70,70,70,70,70,70,70,70,70,70,70,70,70,70,70,70,70,70,70,70,70,80,80,80,80,80],"card_choices":[{"not_picked":["Expertise","Poisoned Stab"],"picked":"Dash","floor":1.0},{"not_picked":["Setup","Quick Slash"],"picked":"PiercingWail","floor":3.0},{"not_picked":["Deflect","Escape Plan"],"picked":"Crippling Poison","floor":4.0},{"not_picked":["PiercingWail","Underhanded Strike"],"picked":"Backflip","floor":5.0},{"not_picked":["Bane","Acrobatics"],"picked":"Backflip","floor":7.0},{"not_picked":["Concentrate","Unload"],"picked":"Blur","floor":10.0},{"not_picked":["Concentrate","Blade Dance"],"picked":"Deadly Poison","floor":13.0},{"not_picked":["Blade Dance","Terror"],"picked":"Bane","floor":14.0},{"not_picked":["A Thousand Cuts","Malaise"],"picked":"After Image","floor":16.0},{"not_picked":["Deflect+1","Dagger Throw","Flying Knee"],"picked":"SKIP","floor":18.0},{"not_picked":["Dagger Spray","Deflect"],"picked":"Poisoned Stab","floor":19.0},{"not_picked":["PiercingWail","Slice"],"picked":"Bane","floor":21.0},{"not_picked":["Backflip","Well Laid Plans"],"picked":"Sucker Punch+1","floor":22.0},{"not_picked":["Prepared","Tools of the Trade"],"picked":"Corpse Explosion","floor":24},{"not_picked":["Underhanded Strike","Distraction"],"picked":"Caltrops","floor":25},{"not_picked":["PiercingWail+1","Dagger Spray+1"],"picked":"Crippling Poison","floor":29},{"not_picked":["All Out Attack+1","Tactician"],"picked":"Sucker Punch+1","floor":30},{"not_picked":["Deadly Poison","Night Terror","Quick Slash+1"],"picked":"SKIP","floor":31},{"not_picked":["Sucker Punch+1","Predator+1"],"picked":"Leg Sweep+1","floor":32},{"not_picked":["Storm of Steel","Venomology"],"picked":"Adrenaline","floor":33},{"not_picked":["Slice+1","Finisher+1"],"picked":"Backflip+1","floor":35},{"not_picked":["Flying Knee+1","Concentrate+1"],"picked":"Backflip+1","floor":38},{"not_picked":["Concentrate","Blade Dance","Acrobatics"],"picked":"SKIP","floor":41},{"not_picked":["Flying Knee+1","Riddle With Holes+1"],"picked":"Footwork+1","floor":42},{"not_picked":["Flying Knee+1","Doppelganger"],"picked":"Deadly Poison","floor":45},{"not_picked":["Acrobatics+1","Dagger Spray+1","Eviscerate+1"],"picked":"SKIP","floor":46}],"player_experience":851328,"relics_obtained":[{"floor":7.0,"key":"Bottled Flame"},{"floor":9.0,"key":"Matryoshka"},{"floor":10.0,"key":"Sundial"},{"floor":13.0,"key":"Ninja Scroll"},{"floor":24,"key":"Dream Catcher"},{"floor":26,"key":"Molten Egg 2"},{"floor":26,"key":"Whetstone"},{"floor":43,"key":"Pantograph"},{"floor":43,"key":"Unceasing Top"},{"floor":46,"key":"Centennial Puzzle"}],"event_choices":[{"event_name":"Golden Idol","player_choice":"Take Wound","floor":2.0,"damage_taken":0.0},{"event_name":"Big Fish","player_choice":"Banana","floor":12.0,"damage_taken":0.0},{"event_name":"The Moai Head","player_choice":"Gave Idol","floor":36,"damage_taken":0},{"event_name":"Tomb of Lord Red Mask","player_choice":"Ignored","floor":37,"damage_taken":0},{"event_name":"WeMeetAgain","player_choice":"Potion","floor":39,"damage_taken":0}],"is_beta":false,"boss_relics":[{"not_picked":["Calling Bell","Snecko Eye"],"picked":"Eternal Feather"},{"not_picked":["White Beast Statue","Tiny House"],"picked":"Lizard Tail"}],"items_purged_floors":[20,27],"is_endless":false,"potions_floor_spawned":[1,13,14,16,21,24,31,33,42,45],"killed_by":"Transient","ascension_level":8}