{"gold_per_floor":[109,34,52,227,82,82,115,144,167,167,186,186,186,211,211,211],"floor_reached":16,"playtime":1500,"items_purged":["Strike_R","Doubt"],"score":101,"play_id":"9ecdc38f-3305-4279-a2a2-bd16f78a2fa0","local_time":"20180722225751","is_ascension_mode":true,"campfire_choices":[{"data":"Shrug It Off","floor":6,"key":"SMITH"},{"data":"Metallicize","floor":10,"key":"SMITH"},{"data":"Flame Barrier","floor":13,"key":"SMITH"},{"floor":15,"key":"REST"}],"neow_cost":"NONE","seed_source_timestamp":251059086235452,"circlet_count":0,"master_deck":["Strike_R","Strike_R+1","Strike_R","Strike_R","Defend_R","Defend_R","Defend_R","Bash+1","Ghostly Armor","Shrug It Off+1","Metallicize+1","Flame Barrier+1"],"relics":["Burning Blood","Art of War","Blood Vial","Odd Mushroom","Dream Catcher","Whetstone"],"potions_floor_usage":[16],"damage_taken":[{"damage":1,"enemies":"Jaw Worm","floor":1,"turns":5},{"damage":3,"enemies":"2 Louse","floor":3,"turns":4},{"damage":50,"enemies":"Lagavulin","floor":7,"turns":13},{"damage":14,"floor":8,"turns":9},{"damage":2,"enemies":"Cultist","floor":11,"turns":4},{"damage":56,"enemies":"Slime Boss","floor":16,"turns":11}],"seed_played":"289875420468964302","potions_obtained":[{"floor":3,"key":"Dexterity Potion"},{"floor":7,"key":"PowerPotion"},{"floor":8,"key":"FearPotion"}],"is_trial":false,"path_per_floor":["M","$","M","?","$","R","E","?","T","R","M","?","R","T","R"],"character_chosen":"IRONCLAD","items_purchased":["Shrug It Off"],"campfire_rested":1,"item_purchase_floors":[5],"current_hp_per_floor":[80,80,80,80,80,80,36,30,30,30,36,29,29,29,53,0],"gold":211,"neow_bonus":"RANDOM_COMMON_RELIC","is_prod":false,"is_daily":false,"chose_seed":false,"campfire_upgraded":3,"win_rate":0,"timestamp":1532325471,"path_taken":["M","$","M","?","$","R","E","?","T","R","M","?","R","?","R","BOSS"],"build_version":"2018-07-19v2","purchased_purges":2,"victory":false,"max_hp_per_floor":[80,80,80,80,80,80,80,80,80,80,80,80,80,80,80,80],"card_choices":[{"not_picked":["Wild Strike","Pommel Strike","Dropkick"],"picked":"SKIP","floor":1},{"not_picked":["Iron Wave","Clash"],"picked":"Ghostly Armor","floor":3},{"not_picked":["Fire Breathing","Anger"],"picked":"Metallicize","floor":7},{"not_picked":["Wild Strike","Second Wind"],"picked":"Flame Barrier","floor":11}],"player_experience":518937,"relics_obtained":[{"floor":7,"key":"Blood Vial"},{"floor":8,"key":"Odd Mushroom"},{"floor":9,"key":"Dream Catcher"},{"floor":14,"key":"Whetstone"}],"event_choices":[{"event_name":"Liars Game","player_choice":"agreed","floor":4,"damage_taken":0},{"event_name":"Mushrooms","player_choice":"Fought Mushrooms","floor":8,"damage_taken":0},{"event_name":"Golden Wing","player_choice":"Card Removal","floor":12,"damage_taken":0}],"is_beta":false,"boss_relics":[],"items_purged_floors":[2,5],"is_endless":false,"potions_floor_spawned":[3,7,8],"killed_by":"Slime Boss","ascension_level":1}