{"gold_per_floor":[119,119,140,140,165,165,180,180,226,257,257,270,270,270,270,366,366,384,408,6,20,38,38,59,59,59,59,59],"floor_reached":28,"playtime":2280,"items_purged":["Defend_B"],"score":385,"play_id":"d9fa62cf-ebd0-4568-bae1-1a855ae8adb4","local_time":"20190312204313","is_ascension_mode":true,"campfire_choices":[{"data":"Streamline","floor":6,"key":"SMITH"},{"floor":8,"key":"REST"},{"data":"Streamline","floor":11,"key":"SMITH"},{"floor":15,"key":"REST"},{"floor":23,"key":"REST"},{"floor":25,"key":"REST"}],"neow_cost":"NONE","seed_source_timestamp":1678280925907686,"circlet_count":0,"master_deck":["AscendersBane","Strike_B","Strike_B","Defend_B","Defend_B+1","Zap","Dualcast","Compile Driver+1","Streamline+1","FTL","Streamline+1","Rebound","Rebound","Reboot","Skim","Flash of Steel","Genetic Algorithm","Self Repair","Hyperbeam"],"relics":["Cracked Core","Blood Vial","Golden Idol","Bag of Marbles","Pen Nib","Torii","Empty Cage","Question Card","The Courier"],"potions_floor_usage":[10,16,22],"damage_taken":[{"damage":2,"enemies":"Jaw Worm","floor":1,"turns":3},{"damage":0,"enemies":"2 Louse","floor":3,"turns":3},{"damage":0,"enemies":"Small Slimes","floor":5,"turns":3},{"damage":7,"enemies":"Looter","floor":7,"turns":3},{"damage":15,"enemies":"Lagavulin","floor":10,"turns":5},{"damage":15,"enemies":"Exordium Wildlife","floor":12,"turns":3},{"damage":13,"enemies":"Hexaghost","floor":16,"turns":5},{"damage":1,"enemies":"Spheric Guardian","floor":18,"turns":3},{"damage":12,"enemies":"Chosen","floor":19,"turns":3},{"damage":31,"enemies":"Centurion and Healer","floor":21,"turns":3},{"damage":15,"enemies":"Snake Plant","floor":22,"turns":3},{"damage":25,"enemies":"Snecko","floor":24,"turns":4},{"damage":31,"enemies":"Centurion and Healer","floor":28,"turns":4}],"seed_played":"-4727738168537106495","potions_obtained":[{"floor":5,"key":"Weak Potion"},{"floor":7,"key":"FearPotion"},{"floor":19,"key":"EssenceOfSteel"},{"floor":24,"key":"Weak Potion"}],"is_trial":false,"path_per_floor":["M","?","M","?","M","R","M","R","T","E","R","M","?","T","R","B",null,"M","M","$","M","M","R","M","R","T","?","M"],"character_chosen":"DEFECT","items_purchased":["Flash of Steel","Question Card"],"campfire_rested":4,"item_purchase_floors":[20,20],"current_hp_per_floor":[64,40,42,35,37,37,32,53,53,40,40,27,6,6,27,16,57,58,48,48,19,6,27,4,25,25,25,0],"gold":59,"neow_bonus":"RANDOM_COMMON_RELIC","is_prod":false,"is_daily":false,"chose_seed":false,"campfire_upgraded":2,"win_rate":0,"timestamp":1552448593,"path_taken":["M","?","M","?","M","R","M","R","T","E","R","M","?","?","R","BOSS","M","M","$","M","M","R","M","R","T","?","M"],"build_version":"2019-01-23","purchased_purges":1,"victory":false,"max_hp_per_floor":[71,71,71,71,71,71,71,71,71,71,71,71,71,71,71,71,71,71,71,71,71,71,71,71,71,71,71,71],"card_choices":[{"not_picked":["Barrage","Go for the Eyes"],"picked":"Compile Driver","floor":1},{"not_picked":["Barrage","Stack"],"picked":"Streamline","floor":3},{"not_picked":["Leap","Chaos"],"picked":"FTL","floor":5},{"not_picked":["Barrage","Heatsinks"],"picked":"Streamline","floor":7},{"not_picked":["White Noise","Tempest"],"picked":"Rebound","floor":10},{"not_picked":["Leap","Sweeping Beam"],"picked":"Rebound","floor":12},{"not_picked":["Echo Form","Seek"],"picked":"Reboot","floor":16},{"not_picked":["Double Energy","Sweeping Beam"],"picked":"Skim","floor":18},{"not_picked":["Redo+1","Streamline","Steam"],"picked":"SKIP","floor":19},{"not_picked":["Coolheaded","Echo Form","Consume"],"picked":"Genetic Algorithm","floor":21},{"not_picked":["Glacier","Conserve Battery","Consume","Reinforced Body"],"picked":"SKIP","floor":22},{"not_picked":["Ball Lightning","Leap","Rebound"],"picked":"Self Repair","floor":24}],"player_experience":1213510,"relics_obtained":[{"floor":9,"key":"Bag of Marbles"},{"floor":10,"key":"Pen Nib"},{"floor":14,"key":"Torii"},{"floor":26,"key":"The Courier"}],"event_choices":[{"damage_healed":0,"gold_gain":0,"player_choice":"Take Damage","damage_taken":24,"relics_obtained":["Golden Idol"],"max_hp_gain":0,"max_hp_loss":0,"event_name":"Golden Idol","floor":2,"gold_loss":0},{"cards_removed":["Strike_B"],"damage_healed":0,"gold_gain":0,"player_choice":"Card Removal","damage_taken":7,"max_hp_gain":0,"max_hp_loss":0,"event_name":"Golden Wing","floor":4,"gold_loss":0},{"damage_healed":0,"gold_gain":0,"player_choice":"Entered Light","damage_taken":21,"max_hp_gain":0,"max_hp_loss":0,"event_name":"Shining Light","floor":13,"gold_loss":0,"cards_upgraded":["Defend_B","Compile Driver"]},{"damage_healed":0,"gold_gain":0,"player_choice":"Read","damage_taken":0,"max_hp_gain":0,"max_hp_loss":0,"event_name":"The Library","floor":27,"gold_loss":0,"cards_obtained":["Hyperbeam"]}],"is_beta":false,"boss_relics":[{"not_picked":["Lizard Tail","Orrery"],"picked":"Empty Cage"}],"items_purged_floors":[20],"is_endless":false,"potions_floor_spawned":[5,7,19,24],"killed_by":"Centurion and Healer","ascension_level":15}