{"gold_per_floor":[114,114,130,155,174,174,207,222,222,240,240,165,179,202,202,202],"floor_reached":16,"playtime":665,"items_purged":["Injury"],"score":106,"play_id":"5e9ce057-6da7-4a83-b1bc-146b57d1803d","local_time":"20180904121120","is_ascension_mode":false,"campfire_choices":[{"data":"Self Repair","floor":6,"key":"SMITH"},{"data":"Defragment","floor":11,"key":"SMITH"},{"floor":15,"key":"REST"}],"neow_cost":"NONE","seed_source_timestamp":693068309840993,"circlet_count":0,"master_deck":["Strike_B","Strike_B","Strike_B","Strike_B","Defend_B","Defend_B","Defend_B","Defend_B","Zap","Dualcast","Ball Lightning","Self Repair+1","Heatsinks","Ball Lightning","Doom and Gloom","Ball Lightning","Defragment+1","Barrage","Static Discharge","Sunder"],"relics":["Cracked Core","Pen Nib","Golden Idol","Dream Catcher","Blue Candle"],"potions_floor_usage":[],"damage_taken":[{"damage":0,"enemies":"2 Louse","floor":1,"turns":2},{"damage":11,"enemies":"Jaw Worm","floor":3,"turns":3},{"damage":0,"enemies":"Small Slimes","floor":4,"turns":2},{"damage":10,"enemies":"Exordium Thugs","floor":5,"turns":4},{"damage":40,"enemies":"3 Sentries","floor":7,"turns":6},{"damage":0,"enemies":"Large Slime","floor":8,"turns":4},{"damage":16,"enemies":"Exordium Wildlife","floor":10,"turns":3},{"damage":12,"enemies":"3 Louse","floor":13,"turns":3},{"damage":12,"enemies":"Blue Slaver","floor":14,"turns":2},{"damage":0,"enemies":"Hexaghost","floor":16,"turns":1}],"seed_played":"-7443396158925998411","potions_obtained":[{"floor":1,"key":"FearPotion"},{"floor":5,"key":"Weak Potion"},{"floor":7,"key":"Poison Potion"}],"is_trial":false,"path_per_floor":["M","?","M","M","M","R","E","M","T","M","R","$","M","M","R"],"character_chosen":"DEFECT","items_purchased":[],"campfire_rested":1,"item_purchase_floors":[],"current_hp_per_floor":[75,75,64,71,68,68,38,48,48,42,42,42,40,28,50,50],"gold":202,"neow_bonus":"RANDOM_COMMON_RELIC","is_prod":false,"is_daily":false,"chose_seed":false,"campfire_upgraded":2,"win_rate":0,"timestamp":1536088280,"path_taken":["M","?","M","M","M","R","E","M","T","M","R","$","M","M","R","BOSS"],"build_version":"2018-08-30","purchased_purges":1,"victory":false,"max_hp_per_floor":[75,75,75,75,75,75,75,75,75,75,75,75,75,75,75,75],"card_choices":[{"not_picked":["BootSequence","Sweeping Beam"],"picked":"Ball Lightning","floor":1},{"not_picked":["Reinforced Body","Redo"],"picked":"Self Repair","floor":3},{"not_picked":["Reprogram","Turbo"],"picked":"Heatsinks","floor":4},{"not_picked":["Tempest","Streamline"],"picked":"Ball Lightning","floor":5},{"not_picked":["Leap","Beam Cell"],"picked":"Doom and Gloom","floor":7},{"not_picked":["Go for the Eyes","Heatsinks"],"picked":"Ball Lightning","floor":8},{"not_picked":["Rip and Tear","Sweeping Beam"],"picked":"Defragment","floor":10},{"not_picked":["Fusion","Compile Driver"],"picked":"Barrage","floor":13},{"not_picked":["Rip and Tear","Skim"],"picked":"Static Discharge","floor":14},{"not_picked":["Genetic Algorithm","Beam Cell"],"picked":"Sunder","floor":15}],"player_experience":755101,"relics_obtained":[{"floor":7,"key":"Dream Catcher"},{"floor":9,"key":"Blue Candle"}],"event_choices":[{"event_name":"Golden Idol","player_choice":"Take Wound","floor":2,"damage_taken":0}],"is_beta":false,"boss_relics":[],"items_purged_floors":[12],"is_endless":false,"potions_floor_spawned":[1,5,7,13],"killed_by":"Hexaghost","ascension_level":0}