{"gold_per_floor":[110,110,110,121,121,156,60,60,60,60,89,89,104,25,25,122,122,87,12,22,22,22,22],"floor_reached":23,"playtime":982,"items_purged":[],"score":195,"play_id":"8bcee618-22d8-481d-b742-08ae85104cea","local_time":"20190814201121","is_ascension_mode":false,"campfire_choices":[{"data":"Clothesline","floor":8,"key":"SMITH"},{"floor":10,"key":"REST"},{"data":"Shrug It Off","floor":12,"key":"SMITH"},{"data":"Inflame","floor":15,"key":"SMITH"}],"neow_cost":"NONE","seed_source_timestamp":298230426022100,"circlet_count":0,"master_deck":["Bash+1","Shrug It Off+1","Rupture","Parasite","Clothesline+1","Deep Breath","Thunderclap","Metallicize","Inflame+1","Barricade","Berserk","Cleave","Armaments","Searing Blow","Offering","Power Through","Juggernaut","Rupture","True Grit","Infernal Blade","Shame"],"relics":["Burning Blood","Anchor","Bag of Preparation","Vajra","Oddly Smooth Stone","Pandora\u0027s Box","Red Skull"],"potions_floor_usage":[13,16,16,23],"damage_taken":[{"damage":8,"enemies":"Jaw Worm","floor":1,"turns":3},{"damage":0,"enemies":"Cultist","floor":4,"turns":3},{"damage":40,"enemies":"3 Sentries","floor":6,"turns":11},{"damage":15,"enemies":"Gremlin Nob","floor":11,"turns":4},{"damage":0,"enemies":"2 Louse","floor":13,"turns":2},{"damage":15,"enemies":"Slime Boss","floor":16,"turns":13},{"damage":31,"enemies":"2 Thieves","floor":18,"turns":5},{"damage":33,"enemies":"Spheric Guardian","floor":20,"turns":5},{"damage":34,"enemies":"Book of Stabbing","floor":23,"turns":5}],"seed_played":"-2547671383858706086","potions_obtained":[{"floor":6,"key":"SkillPotion"},{"floor":11,"key":"Fruit Juice"},{"floor":13,"key":"EntropicBrew"}],"is_trial":false,"path_per_floor":["M","?","?","M","?","E","$","R","T","R","E","R","M","$","R","B",null,"M","?","M","$","?","E"],"character_chosen":"IRONCLAD","items_purchased":["Deep Breath","Inflame"],"campfire_rested":1,"item_purchase_floors":[7,14],"current_hp_per_floor":[78,78,62,68,68,34,34,34,34,58,49,49,60,60,60,51,85,60,60,33,33,33,0],"gold":22,"neow_bonus":"UPGRADE_CARD","is_prod":false,"is_daily":false,"chose_seed":false,"campfire_upgraded":3,"win_rate":0,"timestamp":1565784681,"path_taken":["M","?","?","M","?","E","$","R","T","R","E","R","?","$","R","BOSS","M","?","M","$","?","E"],"build_version":"2019-07-17","purchased_purges":0,"victory":false,"max_hp_per_floor":[80,80,80,80,80,80,80,80,80,80,80,80,85,85,85,85,85,85,85,85,85,85,85],"card_choices":[{"not_picked":["True Grit","Thunderclap"],"picked":"Shrug It Off","floor":1},{"not_picked":["Intimidate","Clash"],"picked":"Rupture","floor":4},{"not_picked":["Headbutt","Second Wind"],"picked":"Clothesline","floor":6},{"not_picked":["Anger","Pommel Strike"],"picked":"Thunderclap","floor":11},{"not_picked":["Exhume","Cleave"],"picked":"Metallicize","floor":13},{"not_picked":["Impervious","Offering"],"picked":"Barricade","floor":16},{"not_picked":["Cleave","Twin Strike"],"picked":"True Grit","floor":18},{"not_picked":["Cleave","Anger"],"picked":"Infernal Blade","floor":20}],"player_experience":141373,"relics_obtained":[{"floor":6,"key":"Bag of Preparation"},{"floor":9,"key":"Vajra"},{"floor":11,"key":"Oddly Smooth Stone"}],"event_choices":[{"damage_healed":0,"gold_gain":0,"player_choice":"Box","damage_taken":0,"relics_obtained":["Anchor"],"max_hp_gain":0,"max_hp_loss":0,"event_name":"Big Fish","floor":2,"gold_loss":0,"cards_obtained":["Regret"]},{"damage_healed":0,"gold_gain":0,"player_choice":"Entered Light","damage_taken":16,"max_hp_gain":0,"max_hp_loss":0,"event_name":"Shining Light","floor":3,"gold_loss":0,"cards_upgraded":["Strike_R","Defend_R"]},{"damage_healed":0,"gold_gain":0,"cards_transformed":["Regret"],"player_choice":"Transformed","damage_taken":0,"max_hp_gain":0,"max_hp_loss":0,"event_name":"Transmorgrifier","floor":5,"gold_loss":0,"cards_obtained":["Parasite"]},{"cards_removed":["Clash"],"damage_healed":0,"gold_gain":0,"player_choice":"Gave Gold","damage_taken":0,"max_hp_gain":0,"max_hp_loss":0,"event_name":"Beggar","floor":19,"gold_loss":75},{"damage_healed":0,"gold_gain":0,"player_choice":"Stole Relic","damage_taken":0,"relics_obtained":["Red Skull"],"max_hp_gain":0,"max_hp_loss":0,"event_name":"Addict","floor":22,"gold_loss":0,"cards_obtained":["Shame"]}],"is_beta":false,"boss_relics":[{"not_picked":["Calling Bell","Black Blood"],"picked":"Pandora\u0027s Box"}],"items_purged_floors":[],"is_endless":false,"potions_floor_spawned":[6,11,13],"killed_by":"Book of Stabbing","ascension_level":0}