{"gold_per_floor":[113,124,28,43,43,77,77,100,177,201,232,232,252,283,283,283],"floor_reached":16,"playtime":1289,"items_purged":[],"score":310,"play_id":"56256cac-9746-4121-83ff-e551b58ff263","local_time":"20190813234303","is_ascension_mode":true,"campfire_choices":[{"data":"Crippling Poison","floor":7.0,"key":"SMITH"},{"data":"Noxious Fumes","floor":12.0,"key":"SMITH"},{"data":"A Thousand Cuts","floor":15.0,"key":"SMITH"}],"neow_cost":"NONE","seed_source_timestamp":1298417186719992,"circlet_count":0,"master_deck":["AscendersBane","Strike_G","Strike_G","Strike_G","Strike_G","Strike_G","Defend_G","Defend_G","Defend_G","Defend_G","Defend_G","Survivor","Neutralize","Deep Breath","Backflip","Crippling Poison+1","Well Laid Plans","Backflip","Caltrops","Escape Plan","Noxious Fumes+1","Dash","A Thousand Cuts+1"],"special_seed":0,"relics":["Ring of the Snake","Golden Idol","Nunchaku","Pear","Strawberry","Mercury Hourglass"],"potions_floor_usage":[16],"damage_taken":[{"damage":0.0,"enemies":"2 Louse","floor":1.0,"turns":4.0},{"damage":0.0,"enemies":"Jaw Worm","floor":2.0,"turns":5.0},{"damage":5.0,"enemies":"Small Slimes","floor":4.0,"turns":4.0},{"damage":28.0,"enemies":"Gremlin Nob","floor":6.0,"turns":6.0},{"damage":0.0,"enemies":"2 Fungi Beasts","floor":8.0,"turns":4.0},{"damage":0.0,"enemies":"Blue Slaver","floor":10.0,"turns":5.0},{"damage":11.0,"enemies":"Lagavulin","floor":11.0,"turns":7.0},{"damage":4.0,"enemies":"Large Slime","floor":13.0,"turns":7.0},{"damage":26.0,"enemies":"Gremlin Nob","floor":14.0,"turns":5.0},{"damage":24,"enemies":"Slime Boss","floor":16,"turns":3}],"seed_played":"8604848872301905157","potions_obtained":[{"floor":4.0,"key":"Block Potion"},{"floor":6.0,"key":"Regen Potion"},{"floor":14.0,"key":"Dexterity Potion"}],"is_trial":false,"path_per_floor":["M","M","$","M","?","E","R","M","T","M","E","R","M","E","R","B"],"character_chosen":"THE_SILENT","items_purchased":["Well Laid Plans","Backflip"],"campfire_rested":0,"item_purchase_floors":[3,3],"current_hp_per_floor":[59,59,59,54,54,26,26,40,50,50,46,46,42,16,16,0],"gold":283,"neow_bonus":"RANDOM_COLORLESS","is_prod":false,"is_daily":false,"chose_seed":false,"campfire_upgraded":3,"win_rate":0,"timestamp":1565754183,"path_taken":["M","M","$","M","?","E","R","M","T","M","E","R","M","E","R","BOSS"],"build_version":"2019-07-17","purchased_purges":0,"victory":false,"max_hp_per_floor":[66,66,66,66,60,60,60,60,70,70,77,77,77,77,77,77],"card_choices":[{"not_picked":["PiercingWail","Flying Knee"],"picked":"Backflip","floor":1.0},{"not_picked":["Deadly Poison","All Out Attack"],"picked":"Crippling Poison","floor":2.0},{"not_picked":["Bane","Predator"],"picked":"Caltrops","floor":4.0},{"not_picked":["Heel Hook","Eviscerate"],"picked":"Escape Plan","floor":6.0},{"not_picked":["Leg Sweep","Sucker Punch"],"picked":"Noxious Fumes","floor":8.0},{"not_picked":["Acrobatics","Eviscerate","Underhanded Strike"],"picked":"SKIP","floor":10.0},{"not_picked":["Concentrate","Flechettes"],"picked":"Dash","floor":11.0},{"not_picked":["Predator","Outmaneuver","Eviscerate"],"picked":"SKIP","floor":13.0},{"not_picked":["Masterful Stab","Predator"],"picked":"A Thousand Cuts","floor":14.0}],"player_experience":511644,"relics_obtained":[{"floor":6.0,"key":"Nunchaku"},{"floor":9.0,"key":"Pear"},{"floor":11.0,"key":"Strawberry"},{"floor":14.0,"key":"Mercury Hourglass"}],"event_choices":[{"damage_healed":0.0,"max_hp_gain":0.0,"max_hp_loss":6.0,"gold_gain":0.0,"event_name":"Golden Idol","player_choice":"Lose Max HP","floor":5.0,"gold_loss":0.0,"damage_taken":0.0,"relics_obtained":["Golden Idol"]}],"is_beta":false,"boss_relics":[],"items_purged_floors":[],"is_endless":false,"potions_floor_spawned":[4,6,14],"killed_by":"Slime Boss","ascension_level":16}