{"gold_per_floor":[110,58,77,91,103,278,353,353,353,368,95,115,148,148,148,248,248,248,218,218,218,47,47,47,47,47,47,47,47,47,47,47,47,47,47,47,47,47,47,47,47,47,47,47,47,47,47,47,47,47],"floor_reached":51,"playtime":3107,"items_purged":["Doubt"],"score":730,"play_id":"b286f999-cfad-4003-affe-3fab227ff9ff","local_time":"20190108010714","is_ascension_mode":false,"campfire_choices":[{"data":"Perfected Strike","floor":8.0,"key":"SMITH"},{"data":"Limit Break","floor":15.0,"key":"SMITH"},{"data":"Apotheosis","floor":23.0,"key":"SMITH"},{"data":"Offering","floor":25.0,"key":"SMITH"},{"floor":32.0,"key":"DIG"},{"floor":40,"key":"DIG"},{"floor":44,"key":"DIG"},{"floor":49,"key":"DIG"}],"neow_cost":"NONE","seed_source_timestamp":0,"circlet_count":0,"master_deck":["Strike_R","Strike_R","Strike_R","Strike_R","Strike_R","Defend_R","Defend_R","Bash","Limit Break+1","Perfected Strike+1","Pommel Strike","Reaper","Inflame","Offering+1","Headbutt","Inflame","Offering","Twin Strike","Pommel Strike+1","Sword Boomerang","Apotheosis+1","Reaper","Twin Strike+1","Spot Weakness","Perfected Strike","Exhume","Flex+1","Heavy Blade+1","Pummel","Flex","Whirlwind+1","Shockwave"],"special_seed":0,"relics":["Burning Blood","Potion Belt","Bottled Lightning","Ectoplasm","Strawberry","Shovel","Enchiridion","Oddly Smooth Stone","Empty Cage","Nunchaku","Vajra","Bottled Tornado","Paper Frog","Happy Flower","Letter Opener"],"potions_floor_usage":[50,50,50],"damage_taken":[{"damage":6.0,"enemies":"Cultist","floor":1.0,"turns":3.0},{"damage":0.0,"enemies":"2 Louse","floor":3.0,"turns":2.0},{"damage":7.0,"enemies":"Small Slimes","floor":4.0,"turns":3.0},{"damage":17.0,"enemies":"Gremlin Gang","floor":5.0,"turns":6.0},{"damage":12.0,"enemies":"2 Fungi Beasts","floor":10.0,"turns":4.0},{"damage":16.0,"enemies":"3 Louse","floor":12.0,"turns":3.0},{"damage":26.0,"enemies":"Lagavulin","floor":13.0,"turns":6.0},{"damage":26.0,"enemies":"The Guardian","floor":16.0,"turns":6.0},{"damage":25.0,"enemies":"3 Byrds","floor":18.0,"turns":4.0},{"damage":21.0,"enemies":"2 Thieves","floor":19.0,"turns":4.0},{"damage":12.0,"enemies":"Snecko","floor":20.0,"turns":2.0},{"damage":12.0,"enemies":"Snake Plant","floor":21.0,"turns":2.0},{"damage":22.0,"enemies":"Cultist and Chosen","floor":24.0,"turns":3.0},{"damage":39.0,"enemies":"3 Cultists","floor":27.0,"turns":4.0},{"damage":12.0,"enemies":"Snecko","floor":28.0,"turns":2.0},{"damage":30.0,"enemies":"Gremlin Leader","floor":30.0,"turns":3.0},{"damage":48.0,"enemies":"Champ","floor":33.0,"turns":4.0},{"damage":34.0,"enemies":"3 Darklings","floor":35.0,"turns":3.0},{"damage":45.0,"enemies":"3 Shapes","floor":36.0,"turns":1.0},{"damage":60.0,"enemies":"Mind Bloom Boss Battle","floor":37.0,"turns":4.0},{"damage":12.0,"enemies":"3 Darklings","floor":38.0,"turns":2.0},{"damage":25,"enemies":"Sphere and 2 Shapes","floor":41,"turns":2},{"damage":18,"enemies":"4 Shapes","floor":42,"turns":1},{"damage":12,"enemies":"Reptomancer","floor":45,"turns":2},{"damage":14,"enemies":"Transient","floor":47,"turns":5},{"damage":12,"enemies":"Jaw Worm Horde","floor":48,"turns":1},{"damage":28,"enemies":"Donu and Deca","floor":50,"turns":3}],"seed_played":"5035543853337164192","potions_obtained":[{"floor":3.0,"key":"Fire Potion"},{"floor":4.0,"key":"SpeedPotion"},{"floor":10.0,"key":"Poison Potion"},{"floor":12.0,"key":"FearPotion"},{"floor":13.0,"key":"SteroidPotion"},{"floor":14.0,"key":"Fruit Juice"},{"floor":14.0,"key":"Block Potion"},{"floor":16.0,"key":"SteroidPotion"},{"floor":19.0,"key":"Regen Potion"},{"floor":35.0,"key":"AttackPotion"}],"is_trial":false,"path_per_floor":["M","$","M","M","M","?","?","R","T","M","$","M","E","?","R","B",null,"M","M","M","M","$","R","M","R","T","M","M","?","E","?","R","B",null,"M","M","?","M","?","R","M","M","T","R","E","?","M","M","R","B",null],"character_chosen":"IRONCLAD","items_purchased":["Perfected Strike","Inflame","Offering","Apotheosis"],"campfire_rested":0,"item_purchase_floors":[2,11,11,22],"current_hp_per_floor":[80,80,80,79,68,68,57,57,57,55,55,61,41,41,46,85,85,78,67,65,70,70,70,78,78,85,89,92,92,92,76,76,61,92,76,73,72,92,83,83,82,92,92,92,92,92,92,92,92,92],"gold":47,"neow_bonus":"ONE_RANDOM_RARE_CARD","is_prod":false,"is_daily":false,"chose_seed":false,"campfire_upgraded":4,"win_rate":0,"timestamp":1546938434,"path_taken":["M","$","?","M","M","?","?","R","T","M","$","M","E","?","R","BOSS","M","M","M","?","$","R","M","R","T","M","M","?","E","?","R","BOSS","M","M","?","M","?","R","?","M","T","R","E","?","M","M","R","BOSS"],"build_version":"2019-01-03v4","purchased_purges":1,"victory":true,"max_hp_per_floor":[80,80,80,80,80,80,80,80,80,80,80,80,80,80,85,85,85,85,85,85,85,85,85,85,85,92,92,92,92,92,92,92,92,92,92,92,92,92,92,92,92,92,92,92,92,92,92,92,92,92],"card_choices":[{"not_picked":["Iron Wave","Fire Breathing","Entrench"],"picked":"SKIP","floor":1.0},{"not_picked":["Dual Wield","Thunderclap"],"picked":"Pommel Strike","floor":3.0},{"not_picked":["Thunderclap","Metallicize","Warcry"],"picked":"SKIP","floor":4.0},{"not_picked":["Flex","Anger"],"picked":"Reaper","floor":5.0},{"not_picked":["True Grit","Sever Soul","Cleave"],"picked":"SKIP","floor":10.0},{"not_picked":["Flex","Burning Pact"],"picked":"Headbutt","floor":12.0},{"not_picked":["Shrug It Off","Body Slam"],"picked":"Inflame","floor":13.0},{"not_picked":["Berserk","Impervious"],"picked":"Offering","floor":16.0},{"not_picked":["Blood for Blood","Cleave+1","Warcry"],"picked":"SKIP","floor":18.0},{"not_picked":["Clothesline","Iron Wave+1"],"picked":"Twin Strike","floor":19.0},{"not_picked":["Entrench","Cleave"],"picked":"Pommel Strike+1","floor":20.0},{"not_picked":["Body Slam","Thunderclap"],"picked":"Sword Boomerang","floor":21.0},{"not_picked":["Perfected Strike","Dropkick"],"picked":"Reaper","floor":24.0},{"not_picked":["Thunderclap","Evolve+1","Sever Soul"],"picked":"SKIP","floor":27.0},{"not_picked":["Body Slam","Disarm"],"picked":"Twin Strike+1","floor":28.0},{"not_picked":["Thunderclap+1","Metallicize"],"picked":"Perfected Strike","floor":30.0},{"not_picked":["Brutality","Reaper"],"picked":"Exhume","floor":33.0},{"not_picked":["Pommel Strike","Entrench+1"],"picked":"Flex+1","floor":35.0},{"not_picked":["Evolve+1","True Grit+1","Body Slam"],"picked":"SKIP","floor":36.0},{"not_picked":["Power Through","Thunderclap+1"],"picked":"Heavy Blade+1","floor":38.0},{"not_picked":["Shrug It Off+1","Clash+1"],"picked":"Pummel","floor":41},{"not_picked":["Combust+1","Iron Wave+1","Intimidate+1"],"picked":"SKIP","floor":42},{"not_picked":["Anger+1","Hemokinesis"],"picked":"Flex","floor":45},{"not_picked":["Flex","Power Through"],"picked":"Whirlwind+1","floor":47},{"not_picked":["Armaments","Iron Wave"],"picked":"Shockwave","floor":48}],"player_experience":1085724,"relics_obtained":[{"floor":9.0,"key":"Potion Belt"},{"floor":13.0,"key":"Bottled Lightning"},{"floor":26.0,"key":"Strawberry"},{"floor":30.0,"key":"Shovel"},{"floor":31.0,"key":"Enchiridion"},{"floor":32.0,"key":"Oddly Smooth Stone"},{"floor":37.0,"key":"Nunchaku"},{"floor":40,"key":"Vajra"},{"floor":43,"key":"Bottled Tornado"},{"floor":44,"key":"Paper Frog"},{"floor":45,"key":"Happy Flower"},{"floor":49,"key":"Letter Opener"}],"event_choices":[{"damage_healed":0.0,"max_hp_gain":0.0,"max_hp_loss":0.0,"gold_gain":175.0,"event_name":"Liars Game","player_choice":"AGREE","floor":6.0,"gold_loss":0.0,"damage_taken":0.0,"cards_obtained":["Doubt"]},{"damage_healed":0.0,"max_hp_gain":0.0,"max_hp_loss":0.0,"gold_gain":75.0,"event_name":"World of Goop","player_choice":"Gather Gold","floor":7.0,"gold_loss":0.0,"damage_taken":11.0},{"damage_healed":0.0,"max_hp_gain":0.0,"max_hp_loss":0.0,"gold_gain":0.0,"event_name":"Lab","player_choice":"Got Potions","floor":14.0,"gold_loss":0.0,"damage_taken":0.0},{"damage_healed":0.0,"max_hp_gain":0.0,"max_hp_loss":0.0,"gold_gain":0.0,"event_name":"The Library","player_choice":"Read","floor":29.0,"gold_loss":0.0,"damage_taken":0.0,"cards_obtained":["Spot Weakness"]},{"damage_healed":0.0,"max_hp_gain":0.0,"max_hp_loss":0.0,"gold_gain":0.0,"event_name":"Cursed Tome","player_choice":"Obtained Book","floor":31.0,"gold_loss":0.0,"damage_taken":16.0},{"damage_healed":0.0,"max_hp_gain":0.0,"max_hp_loss":0.0,"gold_gain":0.0,"event_name":"MindBloom","player_choice":"Fight","floor":37.0,"gold_loss":0.0,"damage_taken":0.0},{"damage_healed":0,"gold_gain":75,"player_choice":"Touch","damage_taken":9,"max_hp_gain":0,"max_hp_loss":0,"event_name":"FaceTrader","floor":39,"gold_loss":0},{"damage_healed":0,"gold_gain":100,"player_choice":"Pray","damage_taken":0,"max_hp_gain":0,"max_hp_loss":0,"event_name":"Golden Shrine","floor":46,"gold_loss":0}],"is_beta":false,"boss_relics":[{"not_picked":["Philosopher\u0027s Stone","Calling Bell"],"picked":"Ectoplasm"},{"not_picked":["Mark of Pain","Snecko Eye"],"picked":"Empty Cage"}],"items_purged_floors":[11],"is_endless":false,"potions_floor_spawned":[3,4,10,12,13,16,18,19,21,30,35,36,42,45,47],"ascension_level":0}