{"gold_per_floor":[115,129,148,5,5,5,30,40,64,78,78,97,97,97,97,97],"floor_reached":16,"playtime":665,"items_purged":["Strike_B"],"score":179,"play_id":"ebd1be3e-e67d-45e4-9dbc-7a5865541c2c","local_time":"20181225113449","is_ascension_mode":true,"campfire_choices":[{"floor":6,"key":"REST"},{"floor":11,"key":"REST"},{"data":"Scrape","floor":13,"key":"SMITH"},{"data":"Streamline","floor":15,"key":"SMITH"}],"neow_cost":"PERCENT_DAMAGE","seed_source_timestamp":0,"circlet_count":0,"master_deck":["AscendersBane","Strike_B+1","Strike_B","Defend_B","Defend_B","Zap","Dualcast","Gash","Go for the Eyes+1","Scrape+1","Streamline+1","Beam Cell+1","Leap","Steam"],"special_seed":0,"relics":["Cracked Core","Bronze Scales","Whetstone"],"potions_floor_usage":[16],"damage_taken":[{"damage":1.0,"enemies":"Cultist","floor":1.0,"turns":4.0},{"damage":2.0,"enemies":"Small Slimes","floor":2.0,"turns":4.0},{"damage":2,"enemies":"Jaw Worm","floor":3,"turns":3},{"damage":15,"enemies":"Lagavulin","floor":7,"turns":6},{"damage":22,"enemies":"Lots of Slimes","floor":8,"turns":3},{"damage":9,"enemies":"Exordium Thugs","floor":10,"turns":3},{"damage":0,"enemies":"Large Slime","floor":12,"turns":2},{"damage":31,"enemies":"The Guardian","floor":16,"turns":3}],"seed_played":"-513807125979828941","potions_obtained":[{"floor":8,"key":"Explosive Potion"},{"floor":12,"key":"FocusPotion"}],"is_trial":false,"path_per_floor":["M","M","M","M","$","?","R","E","M","T","M","R","M","R","?","R","B"],"character_chosen":"DEFECT","items_purchased":["Scrape"],"campfire_rested":2,"item_purchase_floors":[4],"current_hp_per_floor":[45,43,41,41,34,55,40,18,18,9,30,30,30,30,30,0],"gold":97,"neow_bonus":"REMOVE_TWO","is_prod":false,"is_daily":false,"chose_seed":false,"campfire_upgraded":2,"win_rate":0,"timestamp":1545766489,"path_taken":["M","?","M","$","?","R","E","M","T","M","R","M","R","?","R","BOSS"],"build_version":"2018-12-20","purchased_purges":1,"victory":false,"max_hp_per_floor":[71,71,71,71,71,71,71,71,71,71,71,71,71,71,71,71],"card_choices":[{"not_picked":["Leap","Conserve Battery"],"picked":"Gash","floor":1.0},{"not_picked":["Cold Snap","Compile Driver","Ball Lightning"],"picked":"SKIP","floor":2},{"not_picked":["Coolheaded","Fission"],"picked":"Go for the Eyes","floor":3},{"not_picked":["Hologram","Coolheaded"],"picked":"Streamline","floor":7},{"not_picked":["Hologram","Hello World"],"picked":"Beam Cell","floor":8},{"not_picked":["Coolheaded","Redo"],"picked":"Leap","floor":10},{"not_picked":["BootSequence","Defragment"],"picked":"Steam","floor":12}],"player_experience":1066819,"relics_obtained":[{"floor":7,"key":"Bronze Scales"},{"floor":9,"key":"Whetstone"}],"event_choices":[{"cards_removed":["Defend_B"],"damage_healed":0,"gold_gain":0,"player_choice":"Card Removal","damage_taken":7,"max_hp_gain":0,"max_hp_loss":0,"event_name":"Golden Wing","floor":5,"gold_loss":0},{"damage_healed":0,"gold_gain":0,"player_choice":"Forge","damage_taken":0,"max_hp_gain":0,"max_hp_loss":0,"event_name":"Accursed Blacksmith","floor":14,"gold_loss":0,"cards_upgraded":["Beam Cell"]}],"is_beta":false,"boss_relics":[],"items_purged_floors":[4],"is_endless":false,"potions_floor_spawned":[8,12],"killed_by":"The Guardian","ascension_level":15}