{"gold_per_floor":[111,61,71,246,120,120,20,39,64,64,75,87,87,105,105,105],"floor_reached":16,"playtime":332,"items_purged":["Doubt","Force Field"],"score":92,"play_id":"eec502cc-e3fb-4906-838d-d0c75c53df7e","local_time":"20180831133043","is_ascension_mode":false,"campfire_choices":[{"data":"Streamline","floor":6,"key":"SMITH"},{"data":"Zap","floor":10,"key":"SMITH"},{"data":"Rip and Tear","floor":13,"key":"SMITH"},{"data":"Rip and Tear","floor":15,"key":"SMITH"}],"neow_cost":"","seed_source_timestamp":376191817758165,"circlet_count":0,"master_deck":["Strike_B","Strike_B","Strike_B","Strike_B","Defend_B","Defend_B","Defend_B","Zap+1","Dualcast","Barrage","Streamline+1","Barrage","Rip and Tear+1","Rebound","Rip and Tear+1"],"relics":["Cracked Core","Orichalcum"],"potions_floor_usage":[],"damage_taken":[{"damage":1,"enemies":"Jaw Worm","floor":1,"turns":3},{"damage":3,"enemies":"2 Louse","floor":3,"turns":2},{"damage":0,"enemies":"Cultist","floor":8,"turns":2},{"damage":19,"enemies":"3 Louse","floor":11,"turns":3},{"damage":6,"enemies":"Blue Slaver","floor":12,"turns":2},{"damage":4,"enemies":"Looter","floor":14,"turns":2},{"damage":0,"enemies":"Hexaghost","floor":16,"turns":1}],"seed_played":"-6855668448478483326","potions_obtained":[{"floor":1,"key":"FearPotion"},{"floor":3,"key":"SteroidPotion"},{"floor":11,"key":"SkillPotion"}],"is_trial":false,"path_per_floor":["M","?","M","?","$","R","$","M","T","R","M","M","R","M","R"],"character_chosen":"DEFECT","items_purchased":["Streamline"],"campfire_rested":0,"item_purchase_floors":[5],"current_hp_per_floor":[74,74,71,71,71,71,71,71,71,71,52,46,46,42,42,42],"gold":105,"neow_bonus":"","is_prod":false,"is_daily":false,"chose_seed":false,"campfire_upgraded":4,"win_rate":0,"timestamp":1535747443,"path_taken":["M","?","?","?","$","R","?","M","T","R","M","M","R","M","R","BOSS"],"build_version":"2018-08-30","purchased_purges":2,"victory":false,"max_hp_per_floor":[75,75,75,75,75,75,75,75,75,75,75,75,75,75,75,75],"card_choices":[{"not_picked":["Hologram","Aggregate"],"picked":"Force Field","floor":1},{"not_picked":["Coolheaded","Genetic Algorithm"],"picked":"Barrage","floor":3},{"not_picked":["Undo","Darkness"],"picked":"Barrage","floor":8},{"not_picked":["Coolheaded","Darkness"],"picked":"Rip and Tear","floor":11},{"not_picked":["Storm","Electrodynamics"],"picked":"Rebound","floor":12},{"not_picked":["Gash","BootSequence"],"picked":"Rip and Tear","floor":14}],"player_experience":741722,"relics_obtained":[{"floor":9,"key":"Orichalcum"}],"event_choices":[{"event_name":"The Cleric","player_choice":"Card Removal","floor":2,"damage_taken":0},{"event_name":"Liars Game","player_choice":"agreed","floor":4,"damage_taken":0}],"is_beta":false,"boss_relics":[],"items_purged_floors":[5,7],"is_endless":false,"potions_floor_spawned":[1,3,11,14],"killed_by":"Hexaghost","ascension_level":0}