{"gold_per_floor":[109,122,122,72,72,115,115,130,130,155,171,171,96,115,115,115],"floor_reached":16,"playtime":880,"items_purged":["Strike_R"],"score":153,"play_id":"0defad59-2b74-4a8b-b057-3a0d5aa0111f","local_time":"20180925090138","is_ascension_mode":true,"campfire_choices":[{"floor":7,"key":"REST"},{"data":"Battle Trance","floor":12,"key":"SMITH"},{"data":"Bash","floor":15,"key":"SMITH"}],"neow_cost":"NONE","seed_source_timestamp":542440644053060,"circlet_count":0,"master_deck":["Strike_R","Strike_R","Strike_R","Defend_R","Defend_R","Defend_R","Defend_R","Bash+1","AscendersBane","Fiend Fire","Battle Trance+1","Cleave","Second Wind","Thunderclap"],"relics":["Burning Blood","Golden Idol","Frozen Egg 2","Regal Pillow"],"potions_floor_usage":[6,16,16],"damage_taken":[{"damage":1,"enemies":"Cultist","floor":1,"turns":3},{"damage":0,"enemies":"2 Louse","floor":2,"turns":2},{"damage":35,"enemies":"Lagavulin","floor":6,"turns":6},{"damage":3,"enemies":"Small Slimes","floor":8,"turns":2},{"damage":10,"enemies":"Exordium Wildlife","floor":10,"turns":3},{"damage":6,"enemies":"Blue Slaver","floor":11,"turns":3},{"damage":0,"enemies":"Large Slime","floor":14,"turns":3},{"damage":66,"enemies":"Hexaghost","floor":16,"turns":16}],"seed_played":"-9089034460996414598","potions_obtained":[{"floor":2,"key":"Poison Potion"},{"floor":6,"key":"Fire Potion"},{"floor":10,"key":"GamblersBrew"},{"floor":11,"key":"SkillPotion"}],"is_trial":false,"path_per_floor":["M","M","?","?","?","E","R","M","T","M","M","R","$","M","R"],"character_chosen":"IRONCLAD","items_purchased":[],"campfire_rested":1,"item_purchase_floors":[],"current_hp_per_floor":[77,80,60,60,65,36,61,64,64,60,60,60,60,66,66,0],"gold":115,"neow_bonus":"ONE_RANDOM_RARE_CARD","is_prod":false,"is_daily":false,"chose_seed":false,"campfire_upgraded":2,"win_rate":0,"timestamp":1537891298,"path_taken":["M","M","?","?","?","E","R","M","T","M","M","R","$","M","R","BOSS"],"build_version":"2018-09-20","purchased_purges":1,"victory":false,"max_hp_per_floor":[80,80,80,80,85,85,85,85,85,85,85,85,85,85,85,85],"card_choices":[{"not_picked":["Headbutt","Rupture"],"picked":"Battle Trance","floor":1},{"not_picked":["Clothesline","Inflame"],"picked":"Cleave","floor":2},{"not_picked":["Clash","Havoc","Flex"],"picked":"SKIP","floor":6},{"not_picked":["Bloodletting","Anger","Inflame+1"],"picked":"SKIP","floor":8},{"not_picked":["Anger","Body Slam"],"picked":"Second Wind","floor":10},{"not_picked":["Cleave","Shockwave","Warcry"],"picked":"SKIP","floor":11},{"not_picked":["Disarm","Blood for Blood"],"picked":"Thunderclap","floor":14}],"player_experience":839731,"relics_obtained":[{"floor":6,"key":"Frozen Egg 2"},{"floor":9,"key":"Regal Pillow"}],"event_choices":[{"event_name":"Golden Idol","player_choice":"Take Damage","floor":3,"damage_taken":0},{"event_name":"The Cleric","player_choice":"Card Removal","floor":4,"damage_taken":0},{"event_name":"Big Fish","player_choice":"Donut","floor":5,"damage_taken":0}],"is_beta":false,"boss_relics":[],"items_purged_floors":[13],"is_endless":false,"potions_floor_spawned":[2,6,10,11],"killed_by":"Hexaghost","ascension_level":10}