{"gold_per_floor":[118,92,104,104,116,149,149,176,176,176,193,36,55,70,70,70],"floor_reached":16,"playtime":469,"items_purged":[],"score":179,"play_id":"44b072e1-9d6f-4011-a0eb-6c0fe7c3ed1e","local_time":"20181011003059","is_ascension_mode":true,"campfire_choices":[{"floor":7,"key":"REST"},{"floor":10,"key":"REST"},{"floor":15,"key":"REST"}],"neow_cost":"NONE","seed_source_timestamp":1623380995858718,"circlet_count":0,"master_deck":["Strike_B+1","Strike_B","Strike_B+1","Strike_B","Defend_B","Defend_B","Defend_B","Defend_B","Zap","Dualcast","AscendersBane","Streamline","Beam Cell","Seek+1","Rebound","Melter","Genetic Algorithm+1"],"relics":["Philosopher\u0027s Stone","Toxic Egg 2","Orichalcum","Dodecahedron","Bottled Lightning","Whetstone"],"potions_floor_usage":[6],"damage_taken":[{"damage":11,"enemies":"2 Louse","floor":1,"turns":3},{"damage":0,"enemies":"Small Slimes","floor":3,"turns":2},{"damage":0,"enemies":"Cultist","floor":5,"turns":3},{"damage":36,"enemies":"Gremlin Nob","floor":6,"turns":4},{"damage":33,"enemies":"Lagavulin","floor":8,"turns":6},{"damage":9,"enemies":"Blue Slaver","floor":11,"turns":2},{"damage":0,"enemies":"2 Fungi Beasts","floor":13,"turns":2},{"damage":0,"enemies":"Looter","floor":14,"turns":1},{"damage":0,"enemies":"Slime Boss","floor":16,"turns":1}],"seed_played":"-6605912740956670325","potions_obtained":[{"floor":5,"key":"SkillPotion"},{"floor":8,"key":"Explosive Potion"},{"floor":14,"key":"SteroidPotion"}],"is_trial":false,"path_per_floor":["M","?","M","?","M","E","R","E","T","R","M","$","M","M","R"],"character_chosen":"DEFECT","items_purchased":["Whetstone"],"campfire_rested":3,"item_purchase_floors":[12],"current_hp_per_floor":[57,57,57,54,54,18,40,7,7,29,20,20,20,20,42,42],"gold":70,"neow_bonus":"BOSS_RELIC","is_prod":false,"is_daily":false,"chose_seed":false,"campfire_upgraded":0,"win_rate":0,"timestamp":1539243059,"path_taken":["M","?","M","?","M","E","R","E","T","R","M","$","M","M","R","BOSS"],"build_version":"2018-10-04v2","purchased_purges":0,"victory":false,"max_hp_per_floor":[75,75,75,75,75,75,75,75,75,75,75,75,75,75,75,75],"card_choices":[{"not_picked":["Steam","Genetic Algorithm"],"picked":"Streamline","floor":1},{"not_picked":["Darkness","Turbo","Redo"],"picked":"SKIP","floor":3},{"not_picked":["Gash","Coolheaded+1"],"picked":"Beam Cell","floor":5},{"not_picked":["Rebound","Loop"],"picked":"Seek+1","floor":6},{"not_picked":["Heatsinks","Cold Snap"],"picked":"Rebound","floor":8},{"not_picked":["Defragment","Consume+1","Recycle+1"],"picked":"SKIP","floor":11},{"not_picked":["Skim+1","Static Discharge"],"picked":"Melter","floor":13},{"not_picked":["Go for the Eyes","Coolheaded+1"],"picked":"Genetic Algorithm+1","floor":14}],"player_experience":872180,"relics_obtained":[{"floor":6,"key":"Orichalcum"},{"floor":8,"key":"Dodecahedron"},{"floor":9,"key":"Bottled Lightning"}],"event_choices":[{"event_name":"World of Goop","player_choice":"Left","floor":2,"damage_taken":0},{"event_name":"Scrap Ooze","player_choice":"success","floor":4,"damage_taken":3}],"is_beta":false,"boss_relics":[],"items_purged_floors":[],"is_endless":false,"potions_floor_spawned":[5,8,14],"killed_by":"Slime Boss","ascension_level":12}