{"gold_per_floor":[110,35,35,210,74,101,101,101,101,47,82,101,134,146,146,251,251,261,82,99,99,24,59,59,459,511,511,541,558,558,574,574,669,669,686,703,703,720,40,75,75,75,75,100,116,145,95,105,105,105],"floor_reached":50,"playtime":2128,"items_purged":["Shame","Doubt","Strike_R"],"score":896,"play_id":"16a886ba-2c68-459e-aebd-a5ebfc605a59","local_time":"20190413162000","is_ascension_mode":true,"campfire_choices":[{"data":"Immolate","floor":8,"key":"SMITH"},{"data":"Power Through","floor":15,"key":"SMITH"},{"data":"Battle Trance","floor":24,"key":"SMITH"},{"data":"True Grit","floor":27,"key":"SMITH"},{"data":"Feed","floor":32,"key":"SMITH"},{"data":"Mayhem","floor":41,"key":"SMITH"},{"data":"Apotheosis","floor":49,"key":"SMITH"}],"neow_cost":"CURSE","seed_source_timestamp":355476788542302,"circlet_count":0,"master_deck":["Strike_R","Strike_R","Strike_R","Strike_R","Defend_R","Defend_R+1","Defend_R","Bash+1","Immolate+1","Battle Trance+1","Wild Strike+1","Infernal Blade","Power Through+1","Exhume+1","Thunderclap","Havoc","Ghostly","Ghostly","Ghostly","Ghostly","Ghostly","True Grit+1","Infernal Blade+1","Feed+1","Dropkick","Exhume","Evolve","Dropkick+1","Headbutt+1","Evolve+1","Offering","Warcry+1","Mayhem+1","Offering","Apotheosis+1","Sentinel","Wild Strike+1","True Grit+1"],"relics":["Burning Blood","Matryoshka","Orichalcum","Bronze Scales","Sundial","Bag of Marbles","Champion Belt","Velvet Choker","PreservedInsect","Vajra","Old Coin","Pantograph","Lantern","War Paint","Whetstone","Orrery","Bottled Tornado","Tiny Chest","Anchor","Pear","Molten Egg 2","Kunai"],"potions_floor_usage":[33,50,50],"damage_taken":[{"damage":0,"enemies":"Small Slimes","floor":1,"turns":2},{"damage":27,"enemies":"Lagavulin","floor":6,"turns":6},{"damage":22,"enemies":"Gremlin Nob","floor":11,"turns":4},{"damage":0,"enemies":"2 Louse","floor":12,"turns":1},{"damage":4,"enemies":"3 Sentries","floor":13,"turns":3},{"damage":0,"enemies":"Cultist","floor":14,"turns":1},{"damage":8,"enemies":"Slime Boss","floor":16,"turns":5},{"damage":4,"enemies":"Shell Parasite","floor":18,"turns":4},{"damage":2,"enemies":"Chosen","floor":20,"turns":3},{"damage":0,"enemies":"Book of Stabbing","floor":23,"turns":5},{"damage":0,"enemies":"Colosseum Slavers","floor":25,"turns":1},{"damage":0,"enemies":"Colosseum Nobs","floor":25,"turns":2},{"damage":0,"enemies":"Gremlin Leader","floor":28,"turns":3},{"damage":0,"enemies":"Snecko","floor":29,"turns":5},{"damage":0,"enemies":"Snake Plant","floor":31,"turns":2},{"damage":4,"enemies":"Collector","floor":33,"turns":8},{"damage":13,"enemies":"3 Shapes","floor":35,"turns":7},{"damage":0,"enemies":"3 Darklings","floor":36,"turns":4},{"damage":0,"enemies":"Jaw Worm Horde","floor":38,"turns":1},{"damage":0,"enemies":"Reptomancer","floor":40,"turns":5},{"damage":6,"enemies":"Nemesis","floor":44,"turns":5},{"damage":7,"enemies":"Maw","floor":45,"turns":6},{"damage":8,"enemies":"Reptomancer","floor":46,"turns":4},{"damage":0,"enemies":"Transient","floor":48,"turns":5},{"damage":73,"enemies":"Awakened One","floor":50,"turns":8}],"seed_played":"-3245115832840712559","potions_obtained":[{"floor":1,"key":"Weak Potion"},{"floor":7,"key":"PowerPotion"},{"floor":7,"key":"Explosive Potion"},{"floor":36,"key":"AttackPotion"}],"is_trial":false,"path_per_floor":["M","$","?","?","$","E","?","R","T","$","E","M","E","M","R","B",null,"M","$","M","?","?","E","R","?","T","R","E","M","?","M","R","B",null,"M","M","?","M","$","E","R","?","T","E","M","E","$","M","R","B"],"character_chosen":"IRONCLAD","items_purchased":["Battle Trance","Wild Strike","PreservedInsect","Havoc","Mayhem","Bottled Tornado","Tiny Chest","Wild Strike+1"],"campfire_rested":0,"item_purchase_floors":[5,10,19,19,39,39,39,47],"current_hp_per_floor":[80,80,68,68,68,47,47,47,47,47,31,37,39,45,45,43,80,80,80,80,40,40,40,40,40,40,40,40,40,40,40,40,40,40,41,47,47,48,48,48,48,48,58,58,57,59,59,62,62,0],"gold":105,"neow_bonus":"THREE_RARE_CARDS","is_prod":false,"is_daily":false,"chose_seed":false,"campfire_upgraded":7,"win_rate":0,"timestamp":1555197600,"path_taken":["M","$","?","?","$","E","?","R","T","$","E","M","E","M","R","BOSS","M","$","M","?","?","E","R","?","T","R","E","M","?","?","R","BOSS","M","M","?","M","$","E","R","?","T","E","M","E","$","M","R","BOSS"],"build_version":"2019-01-23","purchased_purges":3,"victory":false,"max_hp_per_floor":[80,80,80,80,80,80,80,80,80,80,80,80,80,80,80,80,80,80,80,80,40,40,40,40,40,40,40,40,40,40,40,40,40,40,48,48,48,48,48,48,48,48,58,58,58,62,62,62,62,62],"card_choices":[{"not_picked":["Impervious","Brutality"],"picked":"Immolate","floor":0},{"not_picked":["Uppercut","Heavy Blade","Pommel Strike"],"picked":"SKIP","floor":1},{"not_picked":["Body Slam","Clothesline","Metallicize"],"picked":"SKIP","floor":6},{"not_picked":["Seeing Red","Rampage"],"picked":"Infernal Blade","floor":11},{"not_picked":["Dual Wield","Clash","Bloodletting"],"picked":"SKIP","floor":12},{"not_picked":["Heavy Blade","Evolve"],"picked":"Power Through","floor":13},{"not_picked":["Impervious","Pommel Strike","Perfected Strike"],"picked":"SKIP","floor":14},{"not_picked":["Reaper","Bludgeon"],"picked":"Exhume","floor":16},{"not_picked":["Body Slam","Sword Boomerang"],"picked":"Thunderclap","floor":18},{"not_picked":["Shrug It Off","Bloodletting","Inflame"],"picked":"SKIP","floor":20},{"not_picked":["Havoc","Heavy Blade"],"picked":"Disarm","floor":23},{"not_picked":["Thunderclap","Rupture"],"picked":"True Grit","floor":25},{"not_picked":["Dual Wield","Shockwave"],"picked":"Infernal Blade+1","floor":28},{"not_picked":["Clash+1","Armaments+1"],"picked":"Feed","floor":29},{"not_picked":["Twin Strike","Seeing Red"],"picked":"Dropkick","floor":31},{"not_picked":["Double Tap","Impervious"],"picked":"Exhume","floor":33},{"not_picked":["Pommel Strike","Metallicize"],"picked":"Evolve","floor":34},{"not_picked":["Flex","Iron Wave+1"],"picked":"Dropkick+1","floor":34},{"not_picked":["Searing Blow","Twin Strike"],"picked":"Headbutt+1","floor":34},{"not_picked":["Thunderclap+1","Body Slam+1"],"picked":"Evolve+1","floor":35},{"not_picked":["Wild Strike","Pommel Strike+1"],"picked":"Offering","floor":36},{"not_picked":["Hemokinesis+1","Heavy Blade+1"],"picked":"Warcry+1","floor":38},{"not_picked":["Clash","Combust"],"picked":"Offering","floor":40},{"not_picked":["Panache","Trip"],"picked":"Apotheosis","floor":42},{"not_picked":["Shrug It Off","Reaper"],"picked":"Sentinel","floor":44},{"not_picked":["Cleave+1","Flex+1","Inflame+1"],"picked":"SKIP","floor":45},{"not_picked":["Reckless Charge+1","Warcry","Cleave+1"],"picked":"SKIP","floor":46},{"not_picked":["Sword Boomerang+1","Rage"],"picked":"True Grit+1","floor":48}],"player_experience":1279592,"relics_obtained":[{"floor":6,"key":"Orichalcum"},{"floor":9,"key":"Bronze Scales"},{"floor":9,"key":"Sundial"},{"floor":11,"key":"Bag of Marbles"},{"floor":13,"key":"Champion Belt"},{"floor":23,"key":"Vajra"},{"floor":25,"key":"Old Coin"},{"floor":25,"key":"Pantograph"},{"floor":26,"key":"Lantern"},{"floor":26,"key":"War Paint"},{"floor":28,"key":"Whetstone"},{"floor":40,"key":"Anchor"},{"floor":43,"key":"Pear"},{"floor":44,"key":"Molten Egg 2"},{"floor":46,"key":"Kunai"}],"event_choices":[{"damage_healed":0,"gold_gain":0,"player_choice":"Success","damage_taken":12,"relics_obtained":["Matryoshka"],"max_hp_gain":0,"max_hp_loss":0,"event_name":"Scrap Ooze","floor":3,"gold_loss":0},{"damage_healed":0,"gold_gain":175,"player_choice":"AGREE","damage_taken":0,"max_hp_gain":0,"max_hp_loss":0,"event_name":"Liars Game","floor":4,"gold_loss":0,"cards_obtained":["Doubt"]},{"damage_healed":0,"gold_gain":0,"player_choice":"Got Potions","damage_taken":0,"max_hp_gain":0,"max_hp_loss":0,"event_name":"Lab","floor":7,"gold_loss":0},{"damage_healed":0,"gold_gain":0,"player_choice":"Became a Ghost","damage_taken":0,"max_hp_gain":0,"max_hp_loss":40,"event_name":"Ghosts","floor":21,"gold_loss":0,"cards_obtained":["Ghostly","Ghostly","Ghostly","Ghostly","Ghostly"]},{"cards_removed":["Defend_R"],"damage_healed":0,"gold_gain":0,"player_choice":"Gave Gold","damage_taken":0,"max_hp_gain":0,"max_hp_loss":0,"event_name":"Beggar","floor":22,"gold_loss":75},{"damage_healed":0,"gold_gain":0,"player_choice":"Fight","damage_taken":0,"max_hp_gain":0,"max_hp_loss":0,"event_name":"Colosseum","floor":25,"gold_loss":0},{"damage_healed":0,"gold_gain":0,"player_choice":"Fought Nobs","damage_taken":0,"max_hp_gain":0,"max_hp_loss":0,"event_name":"Colosseum","floor":25,"gold_loss":0},{"damage_healed":0,"gold_gain":0,"player_choice":"Ignored","damage_taken":0,"max_hp_gain":0,"max_hp_loss":0,"event_name":"N\u0027loth","floor":30,"gold_loss":0},{"cards_removed":["Disarm"],"damage_healed":0,"gold_gain":0,"player_choice":"Removed Skill","damage_taken":0,"max_hp_gain":0,"max_hp_loss":0,"event_name":"Falling","floor":37,"gold_loss":0},{"damage_healed":0,"gold_gain":0,"player_choice":"Memory 1","damage_taken":0,"max_hp_gain":0,"max_hp_loss":0,"event_name":"SensoryStone","floor":42,"gold_loss":0}],"is_beta":false,"boss_relics":[{"not_picked":["Pandora\u0027s Box","Ectoplasm"],"picked":"Velvet Choker"},{"not_picked":["Lizard Tail","Coffee Dripper"],"picked":"Orrery"}],"items_purged_floors":[2,5,39],"is_endless":false,"potions_floor_spawned":[1,12,16,18,20,25,31,36,44],"killed_by":"Awakened One","ascension_level":4}