{"gold_per_floor":[110,128,144,161,236,236,251,251,251,251,251,262,40,40,40,135,135],"floor_reached":17,"playtime":690,"items_purged":["Strike_R"],"score":147,"play_id":"896d41a9-7f65-42b0-a010-21272d3ab4f2","local_time":"20190730220756","is_ascension_mode":false,"campfire_choices":[{"data":"Searing Blow","floor":6,"key":"SMITH"},{"data":"Searing Blow+1","floor":8,"key":"SMITH"},{"data":"Searing Blow+2","floor":11,"key":"SMITH"},{"data":"Searing Blow+3","floor":15,"key":"SMITH"}],"neow_cost":"PERCENT_DAMAGE","seed_source_timestamp":83548316830163,"circlet_count":0,"master_deck":["Strike_R+1","Strike_R","Strike_R","Strike_R","Defend_R","Defend_R","Defend_R","Defend_R","Bash+1","Searing Blow+4"],"relics":["Burning Blood","Prayer Wheel","Molten Egg 2","Juzu Bracelet","Mummified Hand","Ectoplasm"],"potions_floor_usage":[7,16,16],"damage_taken":[{"damage":6,"enemies":"Cultist","floor":1,"turns":3},{"damage":0,"enemies":"2 Louse","floor":2,"turns":3},{"damage":2,"enemies":"Small Slimes","floor":3,"turns":5},{"damage":26,"enemies":"Exordium Wildlife","floor":4,"turns":6},{"damage":15,"enemies":"Looter","floor":7,"turns":3},{"damage":4,"enemies":"Blue Slaver","floor":12,"turns":3},{"damage":7,"enemies":"Slime Boss","floor":16,"turns":8}],"seed_played":"1051917443493283104","potions_obtained":[{"floor":2,"key":"Swift Potion"},{"floor":3,"key":"BloodPotion"},{"floor":4,"key":"Weak Potion"}],"is_trial":false,"path_per_floor":["M","M","M","M","?","R","M","R","T","?","R","M","$","?","R","B",null],"character_chosen":"IRONCLAD","items_purchased":["Juzu Bracelet"],"campfire_rested":0,"item_purchase_floors":[13],"current_hp_per_floor":[56,62,66,46,35,35,46,46,46,30,30,32,32,14,14,13,80],"gold":135,"neow_bonus":"ONE_RARE_RELIC","is_prod":false,"is_daily":false,"chose_seed":false,"campfire_upgraded":4,"win_rate":0,"timestamp":1564538876,"path_taken":["M","?","M","?","?","R","M","R","T","?","R","M","$","?","R","BOSS"],"build_version":"2019-07-17","purchased_purges":1,"victory":false,"max_hp_per_floor":[80,80,80,80,80,80,80,80,80,80,80,80,80,80,80,80,80],"card_choices":[{"not_picked":["True Grit","Shockwave","Intimidate"],"picked":"SKIP","floor":1},{"not_picked":["Uppercut","Burning Pact","Thunderclap"],"picked":"SKIP","floor":1},{"not_picked":["Intimidate","Heavy Blade"],"picked":"Searing Blow","floor":2},{"not_picked":["Body Slam","True Grit","Twin Strike"],"picked":"SKIP","floor":2},{"not_picked":["Corruption","True Grit","Body Slam"],"picked":"SKIP","floor":3},{"not_picked":["Havoc","Bludgeon","True Grit"],"picked":"SKIP","floor":3},{"not_picked":["Infernal Blade","Havoc","Dual Wield"],"picked":"SKIP","floor":4},{"not_picked":["Metallicize","Anger","Uppercut"],"picked":"SKIP","floor":4},{"not_picked":["Shrug It Off","Clash","Combust"],"picked":"SKIP","floor":7},{"not_picked":["Headbutt","Armaments","Clothesline"],"picked":"SKIP","floor":7},{"not_picked":["Body Slam+1","Clash+1","Headbutt+1"],"picked":"SKIP","floor":12},{"not_picked":["Demon Form","Burning Pact","Spot Weakness"],"picked":"SKIP","floor":12}],"player_experience":304841,"relics_obtained":[{"floor":9,"key":"Molten Egg 2"}],"event_choices":[{"damage_healed":0,"gold_gain":75,"player_choice":"Gather Gold","damage_taken":11,"max_hp_gain":0,"max_hp_loss":0,"event_name":"World of Goop","floor":5,"gold_loss":0},{"damage_healed":0,"gold_gain":0,"player_choice":"Entered Light","damage_taken":16,"max_hp_gain":0,"max_hp_loss":0,"event_name":"Shining Light","floor":10,"gold_loss":0,"cards_upgraded":["Bash","Strike_R"]},{"damage_healed":0,"gold_gain":0,"player_choice":"Success","damage_taken":18,"relics_obtained":["Mummified Hand"],"max_hp_gain":0,"max_hp_loss":0,"event_name":"Scrap Ooze","floor":14,"gold_loss":0}],"is_beta":false,"boss_relics":[{"not_picked":["Cursed Key","Orrery"],"picked":"Ectoplasm"}],"items_purged_floors":[13],"is_endless":false,"potions_floor_spawned":[2,3,4],"ascension_level":0}