{"gold_per_floor":[117,117,117,131,144,144,157,183,183,222,222,51,74,108,108,227,227,241,141,165,179,193,193,224,243,270,286,286,211,211,18,18,137,137,157,182,182,201,11,11,35,35,89,107,107,30,30,54,54,54],"floor_reached":50,"playtime":3262,"items_purged":["Injury","Defend_G"],"score":524,"play_id":"7de4f91f-c98b-4ed5-a055-2cc45b44a0cf","local_time":"20181105115001","daily_mods":["Allstar"],"is_ascension_mode":false,"campfire_choices":[{"data":"Chrysalis","floor":6,"key":"SMITH"},{"data":"Magnetism","floor":11,"key":"SMITH"},{"data":"Trip","floor":15,"key":"SMITH"},{"data":"Bandage Up","floor":23,"key":"SMITH"},{"data":"Adrenaline","floor":28,"key":"SMITH"},{"data":"Neutralize","floor":32,"key":"SMITH"},{"data":"Panache","floor":40,"key":"SMITH"},{"data":"Reprogram","floor":45,"key":"SMITH"},{"floor":47,"key":"REST"},{"data":"Anger","floor":49,"key":"SMITH"}],"neow_cost":"","seed_source_timestamp":0,"circlet_count":0,"master_deck":["Defend_G","Defend_G","Defend_G","Strike_G","Strike_G","Strike_G","Survivor","Neutralize+1","Sadistic Nature","Enlightenment","Trip+1","Chrysalis+1","Magnetism+1","Backstab","Dagger Throw","Backstab","Bandage Up+1","Slice","Endless Agony","Slice","Adrenaline+1","Backstab","All Out Attack","All For One","Enlightenment+1","Escape Plan","Panache+1","Reprogram+1","Anger+1","Well Laid Plans","Warcry+1"],"relics":["Unceasing Top","Golden Idol","Pen Nib","Ancient Tea Set","Anchor","Sundial","WristBlade","Lantern","Juzu Bracelet","PrismaticShard","Runic Dome","Vajra"],"potions_floor_usage":[10,10,24,30,36,50,50],"damage_taken":[{"damage":4,"enemies":"Cultist","floor":1,"turns":4},{"damage":0,"enemies":"Small Slimes","floor":4,"turns":3},{"damage":2,"enemies":"Jaw Worm","floor":5,"turns":4},{"damage":10,"enemies":"Gremlin Gang","floor":7,"turns":5},{"damage":26,"enemies":"3 Sentries","floor":10,"turns":7},{"damage":0,"enemies":"2 Fungi Beasts","floor":13,"turns":2},{"damage":0,"enemies":"Gremlin Nob","floor":14,"turns":3},{"damage":39,"enemies":"Hexaghost","floor":16,"turns":9},{"damage":0,"enemies":"Shell Parasite","floor":18,"turns":5},{"damage":0,"enemies":"Chosen","floor":20,"turns":4},{"damage":22,"enemies":"Shelled Parasite and Fungi","floor":21,"turns":4},{"damage":9,"enemies":"Cultist and Chosen","floor":22,"turns":5},{"damage":1,"enemies":"Slavers","floor":24,"turns":4},{"damage":0,"enemies":"Centurion and Healer","floor":25,"turns":2},{"damage":16,"enemies":"Snake Plant","floor":27,"turns":4},{"damage":0,"enemies":"Colosseum Slavers","floor":30,"turns":1},{"damage":8,"enemies":"Automaton","floor":33,"turns":6},{"damage":0,"enemies":"Orb Walker","floor":35,"turns":2},{"damage":26,"enemies":"3 Darklings","floor":36,"turns":3},{"damage":8,"enemies":"4 Shapes","floor":38,"turns":3},{"damage":0,"enemies":"Transient","floor":41,"turns":5},{"damage":0,"enemies":"Sphere and 2 Shapes","floor":44,"turns":1},{"damage":5,"enemies":"Writhing Mass","floor":48,"turns":2},{"damage":85,"enemies":"Time Eater","floor":50,"turns":6}],"seed_played":"3267112172407509092","potions_obtained":[{"floor":5,"key":"Regen Potion"},{"floor":7,"key":"SteroidPotion"},{"floor":16,"key":"Dexterity Potion"},{"floor":21,"key":"PowerPotion"},{"floor":25,"key":"SmokeBomb"},{"floor":27,"key":"Dexterity Potion"},{"floor":36,"key":"Ancient Potion"},{"floor":44,"key":"EssenceOfSteel"},{"floor":48,"key":"GamblersBrew"}],"is_trial":true,"path_per_floor":["M","?","?","M","M","R","M","T","T","E","R","$","M","E","R","B",null,"M","$","M","M","M","R","E","M","T","M","R","?","?","$","R","B",null,"M","M","?","M","$","R","M","?","T","M","R","$","R","M","R","B"],"character_chosen":"THE_SILENT","items_purchased":["Bandage Up","PrismaticShard","Panache","Well Laid Plans"],"campfire_rested":1,"item_purchase_floors":[12,31,39,46],"current_hp_per_floor":[66,66,66,66,64,64,54,54,54,43,43,43,47,51,51,16,70,70,70,70,52,43,43,48,54,54,44,44,44,44,44,44,42,70,70,44,44,42,42,42,48,48,48,48,48,48,69,70,70,0],"gold":54,"neow_bonus":"","is_prod":false,"is_daily":false,"chose_seed":false,"campfire_upgraded":9,"win_rate":0,"timestamp":1541447401,"path_taken":["M","?","?","M","M","R","M","?","T","E","R","$","M","E","R","BOSS","M","$","M","M","M","R","E","?","T","M","R","?","?","$","R","BOSS","M","M","?","M","$","R","M","?","T","M","R","$","R","M","R","BOSS"],"build_version":"2018-11-01","purchased_purges":2,"victory":false,"max_hp_per_floor":[70,70,70,70,70,70,70,70,70,70,70,70,70,70,70,70,70,70,70,70,70,70,70,70,70,70,70,70,70,70,70,70,70,70,70,70,70,70,70,70,70,70,70,70,70,70,70,70,70,70],"card_choices":[{"not_picked":["Backflip","Dagger Spray"],"picked":"Backstab","floor":1},{"not_picked":["Masterful Stab","Blade Dance"],"picked":"Dagger Throw","floor":4},{"not_picked":["Backflip","PiercingWail","Dodge and Roll"],"picked":"SKIP","floor":5},{"not_picked":["PiercingWail","Bane"],"picked":"Backstab","floor":7},{"not_picked":["Dagger Spray","Leg Sweep","Blade Dance"],"picked":"SKIP","floor":10},{"not_picked":["Blade Dance","Wraith Form v2"],"picked":"Slice","floor":13},{"not_picked":["Sucker Punch","Quick Slash"],"picked":"Endless Agony","floor":14},{"not_picked":["Sucker Punch","Bane"],"picked":"Slice","floor":18},{"not_picked":["Crippling Poison","Quick Slash+1","Blade Dance+1"],"picked":"SKIP","floor":20},{"not_picked":["Flying Knee","Footwork","Dagger Spray+1"],"picked":"SKIP","floor":21},{"not_picked":["Catalyst+1","Masterful Stab","Outmaneuver"],"picked":"SKIP","floor":22},{"not_picked":["Doppelganger","Blade Dance"],"picked":"Adrenaline","floor":24},{"not_picked":["Well Laid Plans","Flechettes"],"picked":"Backstab","floor":25},{"not_picked":["Dodge and Roll","Accuracy"],"picked":"All Out Attack","floor":27},{"not_picked":["Panache","Wraith Form v2"],"picked":"All For One","floor":33},{"not_picked":["Barrage","Hello World+1"],"picked":"Enlightenment+1","floor":35},{"not_picked":["Sucker Punch","Dash+1"],"picked":"Escape Plan","floor":36},{"not_picked":["Thunderclap","Coolheaded","Skewer"],"picked":"SKIP","floor":38},{"not_picked":["Flechettes","Shrug It Off"],"picked":"Reprogram","floor":41},{"not_picked":["Coolheaded+1","Bouncing Flask+1"],"picked":"Anger","floor":44},{"not_picked":["Rampage+1","Compile Driver"],"picked":"Warcry+1","floor":48}],"player_experience":936256,"relics_obtained":[{"floor":8,"key":"Pen Nib"},{"floor":9,"key":"Ancient Tea Set"},{"floor":10,"key":"Anchor"},{"floor":14,"key":"Sundial"},{"floor":24,"key":"Lantern"},{"floor":26,"key":"Juzu Bracelet"},{"floor":43,"key":"Vajra"}],"event_choices":[{"cards_removed":["Strike_G"],"damage_healed":0,"gold_gain":0,"player_choice":"Forget","damage_taken":0,"max_hp_gain":0,"max_hp_loss":0,"event_name":"Living Wall","floor":2,"gold_loss":0},{"damage_healed":0,"gold_gain":0,"player_choice":"Take Wound","damage_taken":0,"relics_obtained":["Golden Idol"],"max_hp_gain":0,"max_hp_loss":0,"event_name":"Golden Idol","floor":3,"gold_loss":0,"cards_obtained":["Injury"]},{"cards_removed":["Strike_G"],"damage_healed":0,"gold_gain":0,"player_choice":"Gave Gold","damage_taken":0,"max_hp_gain":0,"max_hp_loss":0,"event_name":"Beggar","floor":29,"gold_loss":75},{"damage_healed":0,"gold_gain":0,"player_choice":"Fight","damage_taken":0,"max_hp_gain":0,"max_hp_loss":0,"event_name":"Colosseum","floor":30,"gold_loss":0},{"damage_healed":0,"gold_gain":0,"player_choice":"Fled From Nobs","damage_taken":0,"max_hp_gain":0,"max_hp_loss":0,"event_name":"Colosseum","floor":30,"gold_loss":0},{"damage_healed":0,"gold_gain":0,"player_choice":"Ignored","damage_taken":0,"max_hp_gain":0,"max_hp_loss":0,"event_name":"Tomb of Lord Red Mask","floor":37,"gold_loss":0},{"cards_removed":["Defend_G"],"damage_healed":0,"gold_gain":0,"player_choice":"Offered Basic","damage_taken":0,"max_hp_gain":0,"max_hp_loss":0,"event_name":"Bonfire Elementals","floor":42,"gold_loss":0}],"is_beta":false,"boss_relics":[{"not_picked":["Cursed Key","Lizard Tail"],"picked":"WristBlade"},{"not_picked":["Philosopher\u0027s Stone","White Beast Statue"],"picked":"Runic Dome"}],"items_purged_floors":[12,19],"is_endless":false,"potions_floor_spawned":[5,7,16,21,25,27,30,36,44,48],"killed_by":"Time Eater","ascension_level":0}