{"gold_per_floor":[114,39,39,94,94,94,120,136,136,136,151,168,168,8,8,82,82,100,100,100,150,165,165,199,210,261,261,274,274,304,322,322,394,394,406,406,406,425,425,453,507,507,553,573,272,303,403,432,432,432,432],"floor_reached":52,"playtime":7438,"items_purged":["Rebound"],"score":1973,"play_id":"2390f681-954e-44ce-b12a-c42c97955a52","local_time":"20190816164402","is_ascension_mode":true,"campfire_choices":[{"data":"Zap","floor":6.0,"key":"SMITH"},{"floor":10.0,"key":"REST"},{"data":"Streamline","floor":15.0,"key":"SMITH"},{"data":"Darkness","floor":23.0,"key":"SMITH"},{"data":"White Noise","floor":27.0,"key":"SMITH"},{"floor":29.0,"key":"REST"},{"data":"Dualcast","floor":32.0,"key":"SMITH"},{"data":"Panacea","floor":42.0,"key":"SMITH"},{"floor":49.0,"key":"REST"}],"neow_cost":"CURSE","seed_source_timestamp":1525174961883178,"circlet_count":0,"master_deck":["AscendersBane","Zap+1","Dualcast+1","Self Repair","White Noise+1","Defragment+1","Glacier","Biased Cognition+1","Core Surge+1","Rainbow","Darkness+1","Leap","Redo+1","Leap","Core Surge+1","Conserve Battery+1","Reboot+1","Sweeping Beam+1","Hologram+1","Panacea+1","Thinking Ahead","Bandage Up","Undo","BootSequence+1","Redo+1","Core Surge"],"special_seed":0,"relics":["Cracked Core","Dead Branch","Frozen Egg 2","Tiny Chest","Smiling Mask","Gremlin Horn","Ancient Tea Set","Pandora\u0027s Box","Emotion Chip","PreservedInsect","Juzu Bracelet","Bag of Preparation","Astrolabe","Ornamental Fan","Mango","Lantern","Nunchaku","Shovel","Whetstone"],"potions_floor_usage":[51],"damage_taken":[{"damage":4.0,"enemies":"2 Louse","floor":1.0,"turns":2.0},{"damage":30.0,"enemies":"3 Sentries","floor":7.0,"turns":8.0},{"damage":11.0,"enemies":"Jaw Worm","floor":8.0,"turns":4.0},{"damage":10.0,"enemies":"Small Slimes","floor":11.0,"turns":3.0},{"damage":8.0,"enemies":"Blue Slaver","floor":12.0,"turns":2.0},{"damage":26.0,"enemies":"Slime Boss","floor":16.0,"turns":10.0},{"damage":13.0,"enemies":"3 Byrds","floor":18.0,"turns":4.0},{"damage":35.0,"enemies":"2 Thieves","floor":22.0,"turns":4.0},{"damage":0.0,"enemies":"Book of Stabbing","floor":24.0,"turns":5.0},{"damage":0.0,"enemies":"Snecko","floor":25.0,"turns":4.0},{"damage":24.0,"enemies":"Snake Plant","floor":28.0,"turns":3.0},{"damage":11.0,"enemies":"Gremlin Leader","floor":30.0,"turns":4.0},{"damage":8.0,"enemies":"3 Cultists","floor":31.0,"turns":4.0},{"damage":25.0,"enemies":"Automaton","floor":33.0,"turns":6.0},{"damage":11.0,"enemies":"3 Darklings","floor":35.0,"turns":4.0},{"damage":1.0,"enemies":"3 Shapes","floor":38.0,"turns":5.0},{"damage":9.0,"enemies":"Nemesis","floor":40.0,"turns":5.0},{"damage":3.0,"enemies":"2 Orb Walkers","floor":41.0,"turns":5.0},{"damage":2.0,"enemies":"Transient","floor":44.0,"turns":6.0},{"damage":15.0,"enemies":"Reptomancer","floor":46.0,"turns":5.0},{"damage":7.0,"enemies":"Mind Bloom Boss Battle","floor":47.0,"turns":6.0},{"damage":37.0,"enemies":"Nemesis","floor":48.0,"turns":7.0},{"damage":49.0,"enemies":"Donu and Deca","floor":50.0,"turns":10.0},{"damage":40,"enemies":"Awakened One","floor":51,"turns":15}],"seed_played":"1917798134837824390","potions_obtained":[{"floor":8.0,"key":"AttackPotion"},{"floor":11.0,"key":"PowerPotion"},{"floor":16.0,"key":"SkillPotion"},{"floor":18.0,"key":"Regen Potion"},{"floor":25.0,"key":"PowerPotion"},{"floor":30.0,"key":"SpeedPotion"},{"floor":35.0,"key":"EssenceOfSteel"},{"floor":40.0,"key":"Energy Potion"},{"floor":41.0,"key":"PowerPotion"},{"floor":47.0,"key":"FairyPotion"}],"is_trial":false,"path_per_floor":["M","?","T","T","?","R","E","M","T","R","M","M","?","$","R","B",null,"M","?","T","?","M","R","E","M","T","R","M","R","E","M","R","B",null,"M","?","?","M","?","E","?","R","T","M","$","E","?","E","R","B","B",null],"character_chosen":"DEFECT","items_purchased":["Defragment+1","Glacier","Lantern","LiquidBronze"],"campfire_rested":3,"item_purchase_floors":[14,14,45,45],"current_hp_per_floor":[60,60,60,60,42,42,19,15,15,36,33,32,32,32,32,13,57,51,51,51,51,35,35,35,42,42,42,25,46,42,41,41,16,57,53,43,43,53,53,55,77,77,77,85,85,81,85,59,84,46,17],"gold":432,"neow_bonus":"ONE_RARE_RELIC","is_prod":false,"is_daily":false,"chose_seed":false,"campfire_upgraded":6,"win_rate":0,"timestamp":1565988242,"path_taken":["M","?","?","?","?","R","E","M","T","R","M","?","?","?","R","BOSS","M","?","?","?","M","R","E","M","T","R","M","R","E","M","R","BOSS","M","?","?","M","?","E","?","R","T","M","$","E","?","E","R","BOSS","BOSS"],"build_version":"2019-07-17","purchased_purges":1,"victory":true,"max_hp_per_floor":[71,71,71,71,71,71,71,71,71,71,71,71,71,71,71,71,71,71,71,71,71,71,71,71,71,71,71,71,71,71,71,71,71,71,71,71,71,71,71,71,85,85,85,85,85,85,85,85,85,85,85],"card_choices":[{"not_picked":["Turbo","Darkness"],"picked":"Self Repair","floor":1.0},{"not_picked":["Barrage","Consume"],"picked":"Streamline","floor":7.0},{"not_picked":["Barrage","Rebound"],"picked":"White Noise","floor":8.0},{"not_picked":["Hello World+1","Stack","Steam"],"picked":"SKIP","floor":11.0},{"not_picked":["Hello World+1","Stack","Steam"],"picked":"SKIP","floor":11.0},{"not_picked":["Hello World+1","Stack","Steam"],"picked":"SKIP","floor":11.0},{"not_picked":["Turbo","Streamline"],"picked":"Ball Lightning","floor":12.0},{"not_picked":["Creative AI+1","Fission"],"picked":"Biased Cognition+1","floor":16.0},{"not_picked":["Melter","Darkness","Rebound"],"picked":"SKIP","floor":18.0},{"not_picked":["Rebound","Ball Lightning","Stack"],"picked":"SKIP","floor":22.0},{"not_picked":["Rebound","Ball Lightning","Stack"],"picked":"SKIP","floor":22.0},{"not_picked":["Rebound","Ball Lightning","Stack"],"picked":"SKIP","floor":22.0},{"not_picked":["Loop+1","Heatsinks+1"],"picked":"Redo+1","floor":24.0},{"not_picked":["Sweeping Beam","Beam Cell","Coolheaded"],"picked":"SKIP","floor":25.0},{"not_picked":["Turbo","Steam","Aggregate"],"picked":"SKIP","floor":28.0},{"not_picked":["Turbo","Steam","Aggregate"],"picked":"SKIP","floor":28.0},{"not_picked":["Coolheaded","Beam Cell","Turbo"],"picked":"SKIP","floor":30.0},{"not_picked":["Loop+1","Doom and Gloom"],"picked":"Leap","floor":31.0},{"not_picked":["Rainbow","All For One"],"picked":"Core Surge","floor":33.0},{"not_picked":["Go for the Eyes+1","Auto Shields"],"picked":"Hologram+1","floor":35.0},{"not_picked":["HandOfGreed","Blind"],"picked":"Panacea","floor":36.0},{"not_picked":["Dramatic Entrance","Discovery"],"picked":"Thinking Ahead","floor":36.0},{"not_picked":["Panacea","Panache+1"],"picked":"Bandage Up","floor":36.0},{"not_picked":["Blizzard","Double Energy"],"picked":"Undo","floor":38.0},{"not_picked":["Beam Cell","Sweeping Beam"],"picked":"BootSequence+1","floor":40.0},{"not_picked":["Skim","Barrage+1","Tempest"],"picked":"SKIP","floor":44.0},{"not_picked":["Recycle","Force Field","Sweeping Beam"],"picked":"SKIP","floor":46.0},{"not_picked":["Stack","Turbo"],"picked":"Redo+1","floor":47.0},{"not_picked":["Reprogram","Chaos+1"],"picked":"Core Surge","floor":48.0}],"player_experience":573040,"relics_obtained":[{"floor":3.0,"key":"Frozen Egg 2"},{"floor":4.0,"key":"Tiny Chest"},{"floor":7.0,"key":"Gremlin Horn"},{"floor":9.0,"key":"Ancient Tea Set"},{"floor":20.0,"key":"Emotion Chip"},{"floor":24.0,"key":"PreservedInsect"},{"floor":26.0,"key":"Juzu Bracelet"},{"floor":30.0,"key":"Bag of Preparation"},{"floor":40.0,"key":"Ornamental Fan"},{"floor":41.0,"key":"Mango"},{"floor":46.0,"key":"Nunchaku"},{"floor":47.0,"key":"Shovel"},{"floor":48.0,"key":"Whetstone"}],"event_choices":[{"cards_removed":["Regret"],"damage_healed":0.0,"max_hp_gain":0.0,"max_hp_loss":0.0,"gold_gain":0.0,"event_name":"The Cleric","player_choice":"Card Removal","floor":2.0,"gold_loss":75.0,"damage_taken":0.0},{"damage_healed":0.0,"max_hp_gain":0.0,"max_hp_loss":0.0,"gold_gain":0.0,"event_name":"Scrap Ooze","player_choice":"Success","floor":5.0,"gold_loss":0.0,"damage_taken":18.0,"relics_obtained":["Smiling Mask"]},{"cards_removed":["Strike_B"],"damage_healed":0.0,"max_hp_gain":0.0,"max_hp_loss":0.0,"gold_gain":0.0,"event_name":"Living Wall","player_choice":"Forget","floor":13.0,"gold_loss":0.0,"damage_taken":0.0},{"cards_removed":["Fusion"],"damage_healed":0.0,"max_hp_gain":0.0,"max_hp_loss":0.0,"gold_gain":0.0,"event_name":"Back to Basics","player_choice":"Elegance","floor":19.0,"gold_loss":0.0,"damage_taken":0.0},{"damage_healed":0.0,"max_hp_gain":0.0,"max_hp_loss":0.0,"gold_gain":50.0,"event_name":"Nest","player_choice":"Stole From Cult","floor":21.0,"gold_loss":0.0,"damage_taken":0.0},{"damage_healed":0.0,"max_hp_gain":0.0,"max_hp_loss":0.0,"gold_gain":0.0,"event_name":"SensoryStone","player_choice":"Memory 3","floor":36.0,"gold_loss":0.0,"damage_taken":10.0},{"damage_healed":0.0,"max_hp_gain":0.0,"max_hp_loss":0.0,"gold_gain":0.0,"event_name":"Tomb of Lord Red Mask","player_choice":"Ignored","floor":37.0,"gold_loss":0.0,"damage_taken":0.0},{"damage_healed":0.0,"max_hp_gain":0.0,"max_hp_loss":0.0,"gold_gain":0.0,"event_name":"Match and Keep!","player_choice":"0 cards matched","floor":39.0,"gold_loss":0.0,"damage_taken":0.0,"cards_obtained":[]},{"damage_healed":0.0,"max_hp_gain":0.0,"max_hp_loss":0.0,"gold_gain":0.0,"event_name":"Match and Keep!","player_choice":"0 cards matched","floor":39.0,"gold_loss":0.0,"damage_taken":0.0,"cards_obtained":[]},{"damage_healed":0.0,"max_hp_gain":0.0,"max_hp_loss":0.0,"gold_gain":0.0,"event_name":"Mysterious Sphere","player_choice":"Fight","floor":41.0,"gold_loss":0.0,"damage_taken":0.0},{"damage_healed":0.0,"max_hp_gain":0.0,"max_hp_loss":0.0,"gold_gain":0.0,"event_name":"MindBloom","player_choice":"Fight","floor":47.0,"gold_loss":0.0,"damage_taken":0.0}],"is_beta":false,"boss_relics":[{"not_picked":["Velvet Choker","Calling Bell"],"picked":"Pandora\u0027s Box"},{"not_picked":["FrozenCore","Lizard Tail"],"picked":"Astrolabe"}],"items_purged_floors":[45],"is_endless":false,"potions_floor_spawned":[8,11,16,18,25,30,35,40,41,47,48],"ascension_level":20}