{"gold_per_floor":[159,309,326,346,21,50,65,77,103,103,132,150,168,178,178,256,256,271,271,171,171,191,191,15,44,44,75,93,93,93,107,107,182,182,199,199,218,218,218,252,264,310,370,402,414,439,451,57,57,57],"floor_reached":51,"playtime":3609,"items_purged":["Doubt","Strike_R","Strike_R"],"score":1575,"play_id":"ca38191b-a6c6-48f6-affb-4e4acb7c4550","local_time":"20190518225419","is_ascension_mode":true,"campfire_choices":[{"floor":10,"key":"REST"},{"floor":15,"key":"REST"},{"floor":23,"key":"REST"},{"floor":30,"key":"REST"},{"floor":32,"key":"REST"},{"floor":41,"key":"REST"},{"floor":45,"key":"REST"},{"floor":47,"key":"REST"},{"floor":49,"key":"REST"}],"neow_cost":"NONE","seed_source_timestamp":1363266132033875,"circlet_count":0,"master_deck":["AscendersBane","Strike_R","Strike_R+1","Defend_R","Defend_R","Defend_R","Defend_R","Bash","Shrug It Off","Iron Wave","True Grit","Body Slam","Metallicize","Shrug It Off","Flame Barrier+1","Berserk+1","Body Slam","Ghostly Armor+1","Shrug It Off+1","Offering+1","Barricade+1","True Grit+1","Armaments+1","Battle Trance+1","Shrug It Off+1","Intimidate+1","Shrug It Off+1","Exhume+1","Parasite","Doubt","Parasite","Iron Wave+1","Sentinel+1","Madness+1","Warcry+1","Impervious+1"],"relics":["Tiny House","Dream Catcher","Toxic Egg 2","Bronze Scales","Bag of Preparation","Fusion Hammer","Boot","Blue Candle","Molten Egg 2","Calling Bell","Juzu Bracelet","Kunai","Girya","MawBank","Oddly Smooth Stone","Orichalcum","Bottled Tornado"],"potions_floor_usage":[7,8,16,16,25,33,33,50],"damage_taken":[{"damage":6,"enemies":"Jaw Worm","floor":1,"turns":4},{"damage":7,"enemies":"Small Slimes","floor":3,"turns":4},{"damage":3,"enemies":"2 Louse","floor":4,"turns":4},{"damage":28,"enemies":"3 Sentries","floor":6,"turns":19},{"damage":9,"enemies":"Lots of Slimes","floor":7,"turns":3},{"damage":14,"enemies":"Gremlin Gang","floor":8,"turns":6},{"damage":24,"enemies":"Lagavulin","floor":11,"turns":10},{"damage":5,"enemies":"Exordium Thugs","floor":12,"turns":7},{"damage":0,"enemies":"Large Slime","floor":13,"turns":8},{"damage":0,"enemies":"Exordium Wildlife","floor":14,"turns":3},{"damage":6,"enemies":"Hexaghost","floor":16,"turns":6},{"damage":8,"enemies":"Spheric Guardian","floor":18,"turns":5},{"damage":0,"enemies":"3 Byrds","floor":22,"turns":1},{"damage":17,"enemies":"Slavers","floor":25,"turns":9},{"damage":29,"enemies":"Book of Stabbing","floor":27,"turns":6},{"damage":6,"enemies":"Shelled Parasite and Fungi","floor":28,"turns":6},{"damage":6,"enemies":"Chosen and Byrds","floor":31,"turns":7},{"damage":7,"enemies":"Automaton","floor":33,"turns":12},{"damage":20,"enemies":"Orb Walker","floor":35,"turns":5},{"damage":10,"enemies":"3 Darklings","floor":37,"turns":7},{"damage":28,"enemies":"Nemesis","floor":40,"turns":11},{"damage":22,"enemies":"Giant Head","floor":42,"turns":7},{"damage":16,"enemies":"Sphere and 2 Shapes","floor":44,"turns":7},{"damage":17,"enemies":"Jaw Worm Horde","floor":46,"turns":7},{"damage":30,"enemies":"Donu and Deca","floor":50,"turns":11}],"seed_played":"-4522887129260438882","potions_obtained":[{"floor":0,"key":"FearPotion"},{"floor":6,"key":"Explosive Potion"},{"floor":12,"key":"SkillPotion"},{"floor":13,"key":"Regen Potion"},{"floor":14,"key":"PowerPotion"},{"floor":16,"key":"Ancient Potion"},{"floor":18,"key":"Weak Potion"},{"floor":27,"key":"Explosive Potion"},{"floor":29,"key":"Dexterity Potion"},{"floor":33,"key":"SkillPotion"},{"floor":35,"key":"Weak Potion"},{"floor":37,"key":"Dexterity Potion"}],"is_trial":false,"path_per_floor":["M","?","M","M","$","E","M","M","T","R","E","M","M","M","R","B",null,"M","?","$","?","M","R","$","E","T","E","M","?","R","M","R","B",null,"M","?","M","?","?","E","R","E","T","M","R","M","R","$","R","B",null],"character_chosen":"IRONCLAD","items_purchased":["Metallicize","Dream Catcher","Shrug It Off","Armaments+1","Bottled Tornado","Madness+1","Warcry+1"],"campfire_rested":9,"item_purchase_floors":[5,5,5,24,48,48,48],"current_hp_per_floor":[67,67,60,57,57,29,20,6,6,30,6,1,1,1,25,34,69,61,61,61,61,61,80,80,63,63,34,28,28,52,46,70,63,76,56,56,46,46,46,18,42,20,20,4,28,11,35,35,59,29],"gold":57,"neow_bonus":"BOSS_RELIC","is_prod":false,"is_daily":false,"chose_seed":false,"campfire_upgraded":0,"win_rate":0,"timestamp":1558245259,"path_taken":["M","?","M","M","$","E","M","M","T","R","E","M","M","M","R","BOSS","M","?","$","?","M","R","$","E","T","E","M","?","R","M","R","BOSS","M","?","M","?","?","E","R","E","T","M","R","M","R","$","R","BOSS"],"build_version":"2019-01-23","purchased_purges":3,"victory":true,"max_hp_per_floor":[80,80,80,80,80,80,80,80,80,80,80,80,80,80,80,80,80,80,80,80,80,80,80,80,80,80,80,80,80,80,80,80,80,80,80,80,80,80,80,80,80,80,80,80,80,80,80,80,80,80],"card_choices":[{"not_picked":["Warcry","Entrench"],"picked":"Shrug It Off","floor":0},{"not_picked":["Perfected Strike","Havoc"],"picked":"Iron Wave","floor":1},{"not_picked":["Clothesline","Sever Soul"],"picked":"True Grit","floor":3},{"not_picked":["Hemokinesis","Wild Strike"],"picked":"Body Slam","floor":4},{"not_picked":["Metallicize","Shrug It Off"],"picked":"Flame Barrier","floor":6},{"not_picked":["Flex+1","Heavy Blade"],"picked":"Berserk","floor":7},{"not_picked":["Burning Pact+1","Searing Blow","Thunderclap"],"picked":"SKIP","floor":8},{"not_picked":["Evolve","Anger"],"picked":"Body Slam","floor":10},{"not_picked":["Infernal Blade+1","Shockwave+1"],"picked":"Ghostly Armor+1","floor":11},{"not_picked":["Metallicize","Corruption"],"picked":"Shrug It Off+1","floor":12},{"not_picked":["Pommel Strike","Twin Strike","Sword Boomerang"],"picked":"SKIP","floor":13},{"not_picked":["Searing Blow","Hemokinesis","Perfected Strike"],"picked":"SKIP","floor":14},{"not_picked":["Whirlwind","Flex+1"],"picked":"Offering+1","floor":15},{"not_picked":["Limit Break+1","Offering+1"],"picked":"Barricade","floor":16},{"not_picked":["Perfected Strike","Second Wind+1"],"picked":"True Grit+1","floor":18},{"not_picked":["Evolve","Sword Boomerang","Flex+1"],"picked":"SKIP","floor":22},{"not_picked":["Perfected Strike","Dropkick","Twin Strike"],"picked":"SKIP","floor":25},{"not_picked":["Barricade","Intimidate+1"],"picked":"Battle Trance+1","floor":27},{"not_picked":["Sword Boomerang+1","Armaments+1"],"picked":"Shrug It Off+1","floor":28},{"not_picked":["Iron Wave+1","Flex+1"],"picked":"Intimidate+1","floor":30},{"not_picked":["Anger+1","Fire Breathing"],"picked":"Shrug It Off+1","floor":31},{"not_picked":["Barricade","Brutality"],"picked":"Exhume+1","floor":33},{"not_picked":["Second Wind+1","Armaments+1","Pommel Strike+1"],"picked":"SKIP","floor":35},{"not_picked":["Clothesline+1","Twin Strike+1","Pummel+1"],"picked":"SKIP","floor":37},{"not_picked":["Fire Breathing+1","Pommel Strike+1","Perfected Strike+1"],"picked":"SKIP","floor":40},{"not_picked":["Wild Strike+1","True Grit+1"],"picked":"Iron Wave+1","floor":42},{"not_picked":["Dark Embrace","Havoc+1","Wild Strike+1"],"picked":"SKIP","floor":44},{"not_picked":["True Grit+1","Pommel Strike+1"],"picked":"Sentinel+1","floor":46},{"not_picked":["Wild Strike+1","Feel No Pain"],"picked":"Impervious+1","floor":49}],"player_experience":1360607,"relics_obtained":[{"floor":6,"key":"Toxic Egg 2"},{"floor":9,"key":"Bronze Scales"},{"floor":11,"key":"Bag of Preparation"},{"floor":25,"key":"Boot"},{"floor":26,"key":"Blue Candle"},{"floor":27,"key":"Molten Egg 2"},{"floor":34,"key":"Juzu Bracelet"},{"floor":34,"key":"Kunai"},{"floor":34,"key":"Girya"},{"floor":40,"key":"MawBank"},{"floor":42,"key":"Oddly Smooth Stone"},{"floor":43,"key":"Orichalcum"}],"event_choices":[{"damage_healed":0,"gold_gain":150,"player_choice":"AGREE","damage_taken":0,"max_hp_gain":0,"max_hp_loss":0,"event_name":"Liars Game","floor":2,"gold_loss":0,"cards_obtained":["Doubt"]},{"damage_healed":0,"gold_gain":0,"player_choice":"Ignored","damage_taken":0,"max_hp_gain":0,"max_hp_loss":0,"event_name":"Vampires","floor":19,"gold_loss":0},{"cards_removed":["Strike_R"],"damage_healed":0,"gold_gain":0,"player_choice":"Elegance","damage_taken":0,"max_hp_gain":0,"max_hp_loss":0,"event_name":"Back to Basics","floor":21,"gold_loss":0},{"damage_healed":0,"gold_gain":0,"player_choice":"Got Potions","damage_taken":0,"max_hp_gain":0,"max_hp_loss":0,"event_name":"Lab","floor":29,"gold_loss":0},{"damage_healed":0,"gold_gain":0,"player_choice":"Upgraded","damage_taken":0,"max_hp_gain":0,"max_hp_loss":0,"event_name":"Upgrade Shrine","floor":36,"gold_loss":0,"cards_upgraded":["Barricade"]},{"damage_healed":0,"gold_gain":0,"player_choice":"Forge","damage_taken":0,"max_hp_gain":0,"max_hp_loss":0,"event_name":"Accursed Blacksmith","floor":38,"gold_loss":0,"cards_upgraded":["Berserk"]},{"damage_healed":0,"gold_gain":0,"player_choice":"Ignored","damage_taken":0,"max_hp_gain":0,"max_hp_loss":0,"event_name":"Tomb of Lord Red Mask","floor":39,"gold_loss":0}],"is_beta":false,"boss_relics":[{"not_picked":["Cursed Key","Eternal Feather"],"picked":"Fusion Hammer"},{"not_picked":["Snecko Eye","Orrery"],"picked":"Calling Bell"}],"items_purged_floors":[5,20,24],"is_endless":false,"potions_floor_spawned":[6,12,13,14,16,18,27,33,35,37],"ascension_level":19}