{"gold_per_floor":[118,137,137,152,77,104,104,119,419,430,449,449,469,76,76,76],"floor_reached":16,"playtime":798,"items_purged":["Defend_B","Strike_B"],"score":151,"play_id":"923283f4-1543-4a38-b223-515de6d0e623","local_time":"20180825152119","is_ascension_mode":true,"campfire_choices":[{"data":"Lockon","floor":7,"key":"SMITH"},{"floor":12,"key":"REST"},{"floor":15,"key":"REST"}],"neow_cost":"NONE","seed_source_timestamp":579678378000498,"circlet_count":0,"master_deck":["Strike_B","Strike_B","Strike_B","Defend_B","Defend_B","Defend_B","Zap","Dualcast","Biased Cognition","Static Discharge","Lockon+1","Ball Lightning","White Noise","Capacitor","Lockon","Capacitor"],"relics":["Cracked Core","Dead Branch","Old Coin","Dream Catcher"],"potions_floor_usage":[6,10,16,16],"damage_taken":[{"damage":0,"enemies":"Cultist","floor":1,"turns":3},{"damage":0,"enemies":"Small Slimes","floor":2,"turns":3},{"damage":0,"enemies":"2 Louse","floor":4,"turns":2},{"damage":23,"enemies":"Lagavulin","floor":6,"turns":3},{"damage":35,"enemies":"Gremlin Gang","floor":8,"turns":4},{"damage":2,"enemies":"Red Slaver","floor":10,"turns":2},{"damage":6,"enemies":"Looter","floor":11,"turns":2},{"damage":7,"enemies":"2 Fungi Beasts","floor":13,"turns":3},{"damage":47,"enemies":"The Guardian","floor":16,"turns":5}],"seed_played":"5744380407291504220","potions_obtained":[{"floor":1,"key":"SkillPotion"},{"floor":8,"key":"Block Potion"},{"floor":10,"key":"GamblersBrew"},{"floor":11,"key":"Ancient Potion"}],"is_trial":false,"path_per_floor":["M","M","$","M","$","E","R","M","T","M","M","R","M","$","R"],"character_chosen":"DEFECT","items_purchased":["Dream Catcher","Capacitor","Lockon"],"campfire_rested":2,"item_purchase_floors":[14,14,14],"current_hp_per_floor":[68,68,68,68,68,45,45,10,10,8,9,31,24,24,46,0],"gold":76,"neow_bonus":"ONE_RANDOM_RARE_CARD","is_prod":false,"is_daily":false,"chose_seed":false,"campfire_upgraded":1,"win_rate":0,"timestamp":1535235679,"path_taken":["M","M","$","?","$","E","R","M","T","M","M","R","?","$","R","BOSS"],"build_version":"2018-08-23v2","purchased_purges":2,"victory":false,"max_hp_per_floor":[75,75,75,75,75,75,75,75,75,75,75,75,75,75,75,75],"card_choices":[{"not_picked":["Genetic Algorithm","Darkness"],"picked":"Static Discharge","floor":1},{"not_picked":["Leap","Cold Snap"],"picked":"Lockon","floor":2},{"not_picked":["Rebound","Steam Power"],"picked":"Ball Lightning","floor":4},{"not_picked":["Redo","Meteor Strike","Steam Power"],"picked":"SKIP","floor":6},{"not_picked":["Compile Driver","Sweeping Beam","Turbo"],"picked":"SKIP","floor":8},{"not_picked":["Steam Power","Compile Driver"],"picked":"White Noise","floor":10},{"not_picked":["Rip and Tear","Compile Driver","Turbo"],"picked":"SKIP","floor":11},{"not_picked":["Sunder","Steam","BootSequence"],"picked":"SKIP","floor":13},{"not_picked":["Rip and Tear","Turbo"],"picked":"Capacitor","floor":15}],"player_experience":718186,"relics_obtained":[{"floor":6,"key":"Dead Branch"},{"floor":9,"key":"Old Coin"}],"event_choices":[],"is_beta":false,"boss_relics":[],"items_purged_floors":[5,14],"is_endless":false,"potions_floor_spawned":[1,8,10,11],"killed_by":"The Guardian","ascension_level":9}