{"gold_per_floor":[110,122,133,133,150,183,183,216,265,299,311,311,326,340,340,443,443,454,454,470,483,500,425,425,442,442,115,115,130,130,148,148,148],"floor_reached":33,"playtime":2811,"items_purged":["Burning Pact","Strike_R"],"score":323,"play_id":"12012add-6b0e-4bef-9ca8-b69e8b6495c4","local_time":"20190206151131","is_ascension_mode":false,"campfire_choices":[{"floor":7,"key":"REST"},{"data":"Brutality","floor":12,"key":"SMITH"},{"data":"Armaments","floor":15,"key":"SMITH"},{"floor":30,"key":"REST"},{"data":"Limit Break","floor":32,"key":"SMITH"}],"neow_cost":"PERCENT_DAMAGE","seed_source_timestamp":164426061061805,"circlet_count":0,"master_deck":["Strike_R","Strike_R","Strike_R","Defend_R","Defend_R","Defend_R","Defend_R","Bash","Reckless Charge","Flex","Combust","Hemokinesis","Armaments+1","Brutality+1","Blood for Blood","Armaments","True Grit","Fiend Fire","Combust","Limit Break+1","Combust"],"relics":["Burning Blood","Torii","Mercury Hourglass","Gremlin Horn","Red Skull","Happy Flower","Sozu","Thread and Needle"],"potions_floor_usage":[6,8,16],"damage_taken":[{"damage":2,"enemies":"Jaw Worm","floor":1,"turns":5},{"damage":0,"enemies":"Cultist","floor":2,"turns":2},{"damage":1,"enemies":"Small Slimes","floor":3,"turns":3},{"damage":13,"enemies":"Exordium Wildlife","floor":5,"turns":4},{"damage":47,"enemies":"Lagavulin","floor":6,"turns":6},{"damage":12,"enemies":"Gremlin Nob","floor":8,"turns":3},{"damage":8,"enemies":"3 Sentries","floor":10,"turns":4},{"damage":0,"enemies":"2 Fungi Beasts","floor":11,"turns":2},{"damage":8,"enemies":"Blue Slaver","floor":13,"turns":2},{"damage":1,"enemies":"Looter","floor":14,"turns":2},{"damage":11,"enemies":"Slime Boss","floor":16,"turns":6},{"damage":14,"enemies":"3 Byrds","floor":18,"turns":4},{"damage":17,"enemies":"Chosen","floor":20,"turns":4},{"damage":27,"enemies":"Centurion and Healer","floor":21,"turns":3},{"damage":18,"enemies":"Snake Plant","floor":22,"turns":3},{"damage":6,"enemies":"Chosen and Byrds","floor":25,"turns":4},{"damage":10,"enemies":"Snecko","floor":29,"turns":3},{"damage":17,"enemies":"Snake Plant","floor":31,"turns":3},{"damage":31,"enemies":"Automaton","floor":33,"turns":6}],"seed_played":"-6352893930366194123","potions_obtained":[{"floor":3,"key":"Strength Potion"},{"floor":6,"key":"AttackPotion"},{"floor":8,"key":"FairyPotion"},{"floor":11,"key":"PowerPotion"}],"is_trial":false,"path_per_floor":["M","M","M","?","M","E","R","E","T","E","M","R","M","M","R","B",null,"M","?","M","M","M","$","?","M","T","$","?","M","R","M","R","B"],"character_chosen":"IRONCLAD","items_purchased":["Limit Break","Combust"],"campfire_rested":2,"item_purchase_floors":[27,27],"current_hp_per_floor":[60,66,71,71,64,23,47,41,41,39,45,45,43,48,48,43,80,72,57,46,25,13,13,13,13,13,13,13,9,34,23,23,0],"gold":148,"neow_bonus":"ONE_RARE_RELIC","is_prod":false,"is_daily":false,"chose_seed":false,"campfire_upgraded":3,"win_rate":0,"timestamp":1549462291,"path_taken":["M","M","M","?","?","E","R","E","T","E","M","R","M","M","R","BOSS","M","?","M","M","M","$","?","M","T","$","?","M","R","M","R","BOSS"],"build_version":"2019-01-23","purchased_purges":2,"victory":false,"max_hp_per_floor":[80,80,80,80,80,80,80,80,80,80,80,80,80,80,80,80,80,80,85,85,85,85,85,85,85,85,85,85,85,85,85,85,85],"card_choices":[{"not_picked":["Sword Boomerang","Clothesline"],"picked":"Reckless Charge","floor":1},{"not_picked":["Body Slam","Rampage"],"picked":"Flex","floor":2},{"not_picked":["Sword Boomerang","Battle Trance"],"picked":"Combust","floor":3},{"not_picked":["Reckless Charge","Clash"],"picked":"Burning Pact","floor":5},{"not_picked":["Inflame","Carnage"],"picked":"Armaments","floor":6},{"not_picked":["Bludgeon","Pummel","Sword Boomerang"],"picked":"SKIP","floor":8},{"not_picked":["Perfected Strike","Disarm"],"picked":"Brutality","floor":10},{"not_picked":["Rage","True Grit"],"picked":"Blood for Blood","floor":11},{"not_picked":["Twin Strike","Entrench"],"picked":"Armaments","floor":13},{"not_picked":["Headbutt","Pommel Strike"],"picked":"True Grit","floor":14},{"not_picked":["Impervious","Juggernaut"],"picked":"Fiend Fire","floor":16},{"not_picked":["Headbutt","Clothesline","Spot Weakness"],"picked":"SKIP","floor":18},{"not_picked":["Sword Boomerang","Anger","Thunderclap"],"picked":"SKIP","floor":20},{"not_picked":["Heavy Blade","Second Wind","Bloodletting"],"picked":"SKIP","floor":21},{"not_picked":["Clothesline","Iron Wave","Impervious"],"picked":"SKIP","floor":22},{"not_picked":["Perfected Strike","Pommel Strike"],"picked":"Combust","floor":25},{"not_picked":["Disarm","Cleave","Clash"],"picked":"SKIP","floor":29},{"not_picked":["Sword Boomerang","Bloodletting","Disarm"],"picked":"SKIP","floor":31}],"player_experience":42294,"relics_obtained":[{"floor":6,"key":"Mercury Hourglass"},{"floor":8,"key":"Gremlin Horn"},{"floor":9,"key":"Red Skull"},{"floor":10,"key":"Happy Flower"},{"floor":26,"key":"Thread and Needle"}],"event_choices":[{"damage_healed":0,"gold_gain":0,"cards_transformed":["Strike_R"],"player_choice":"Transformed","damage_taken":0,"max_hp_gain":0,"max_hp_loss":0,"event_name":"Transmorgrifier","floor":4,"gold_loss":0,"cards_obtained":["Hemokinesis"]},{"damage_healed":0,"gold_gain":0,"player_choice":"Shed Blood","damage_taken":20,"max_hp_gain":5,"max_hp_loss":0,"event_name":"Forgotten Altar","floor":19,"gold_loss":0},{"damage_healed":0,"gold_gain":0,"player_choice":"Ignored","damage_taken":0,"max_hp_gain":0,"max_hp_loss":0,"event_name":"Ghosts","floor":24,"gold_loss":0},{"damage_healed":0,"gold_gain":0,"player_choice":"Ignored","damage_taken":0,"max_hp_gain":0,"max_hp_loss":0,"event_name":"Vampires","floor":28,"gold_loss":0}],"is_beta":true,"boss_relics":[{"not_picked":["Runic Dome","Fusion Hammer"],"picked":"Sozu"}],"items_purged_floors":[23,27],"is_endless":false,"potions_floor_spawned":[3,6,8,11,20,22,25],"killed_by":"Automaton","ascension_level":0}