{"gold_per_floor":[116,127,52,68,80,80,110,110,110,126,143,43,43,43,43,43],"floor_reached":16,"playtime":401,"items_purged":["Defend_R","Defend_R"],"score":199,"play_id":"04407e2c-6e8b-4a79-ae4c-6884ee80c303","local_time":"20190429174018","is_ascension_mode":true,"campfire_choices":[{"data":"Bash","floor":6,"key":"SMITH"},{"data":"Wild Strike","floor":8,"key":"SMITH"},{"data":"Wild Strike","floor":13,"key":"SMITH"},{"floor":15,"key":"REST"}],"neow_cost":"NONE","seed_source_timestamp":63559427589630,"circlet_count":0,"master_deck":["AscendersBane","Strike_R","Strike_R","Strike_R","Strike_R","Strike_R","Defend_R","Bash+1","Wild Strike+1","Wild Strike+1","Headbutt","Thunderclap","Reckless Charge","Sever Soul"],"relics":["Burning Blood","Boot","Kunai","Letter Opener"],"potions_floor_usage":[],"damage_taken":[{"damage":7,"enemies":"Cultist","floor":1,"turns":4},{"damage":3,"enemies":"2 Louse","floor":2,"turns":3},{"damage":6,"enemies":"Small Slimes","floor":4,"turns":3},{"damage":13,"enemies":"Red Slaver","floor":5,"turns":3},{"damage":8,"enemies":"Gremlin Nob","floor":7,"turns":3},{"damage":11,"enemies":"Looter","floor":10,"turns":2},{"damage":13,"enemies":"Blue Slaver","floor":11,"turns":2},{"damage":18,"enemies":"Slime Boss","floor":16,"turns":5}],"seed_played":"-3235607243433614653","potions_obtained":[{"floor":2,"key":"Regen Potion"},{"floor":5,"key":"GamblersBrew"},{"floor":7,"key":"Strength Potion"}],"is_trial":false,"path_per_floor":["M","M","$","M","M","R","E","R","T","M","M","$","R","?","R","B"],"character_chosen":"IRONCLAD","items_purchased":[],"campfire_rested":1,"item_purchase_floors":[],"current_hp_per_floor":[67,70,70,70,63,63,61,61,61,56,49,49,49,49,71,53],"gold":43,"neow_bonus":"RANDOM_COMMON_RELIC","is_prod":false,"is_daily":false,"chose_seed":false,"campfire_upgraded":3,"win_rate":0,"timestamp":1556584818,"path_taken":["M","M","$","M","M","R","E","R","T","M","?","$","R","?","R","BOSS"],"build_version":"2019-01-23","purchased_purges":2,"victory":false,"max_hp_per_floor":[75,75,75,75,75,75,75,75,75,75,75,75,75,75,75,75],"card_choices":[{"not_picked":["Cleave","True Grit"],"picked":"Wild Strike","floor":1},{"not_picked":["Armaments","Disarm","Warcry"],"picked":"SKIP","floor":2},{"not_picked":["Reaper","Searing Blow"],"picked":"Wild Strike","floor":4},{"not_picked":["Reckless Charge","Fire Breathing"],"picked":"Headbutt","floor":5},{"not_picked":["Barricade","Disarm"],"picked":"Thunderclap","floor":7},{"not_picked":["Combust","Warcry"],"picked":"Reckless Charge","floor":10},{"not_picked":["True Grit","Clothesline","Havoc"],"picked":"SKIP","floor":11}],"player_experience":1310726,"relics_obtained":[{"floor":7,"key":"Kunai"},{"floor":9,"key":"Letter Opener"}],"event_choices":[{"damage_healed":0,"gold_gain":0,"cards_transformed":["Defend_R"],"player_choice":"Transformed","damage_taken":0,"max_hp_gain":0,"max_hp_loss":0,"event_name":"Transmorgrifier","floor":14,"gold_loss":0,"cards_obtained":["Sever Soul"]}],"is_beta":false,"boss_relics":[],"items_purged_floors":[3,12],"is_endless":false,"potions_floor_spawned":[2,5,7,11],"killed_by":"Slime Boss","ascension_level":19}