{"gold_per_floor":[114,114,114,40,40,74,74,99,124,124,149,169,94,129,129,207,207,226,83,83,95,109,109,127,127,127,144,172,172,204,214,214,290,290,302,321,221,221,241,270,492,27,27,27,27,41,41,54,54,54,54,54,54,87,87],"floor_reached":56,"playtime":3695,"items_purged":["Strike_G","Noxious Fumes","Defend_G+1"],"score":2387,"play_id":"783a5862-3163-4981-9e72-8f64da3298c2","local_time":"20190813140243","is_ascension_mode":true,"campfire_choices":[{"data":"Strike_G","floor":7.0,"key":"PURGE"},{"floor":10.0,"key":"REST"},{"data":"Strike_G","floor":15.0,"key":"PURGE"},{"data":"Strike_G+1","floor":23.0,"key":"PURGE"},{"data":"Defend_G","floor":25.0,"key":"PURGE"},{"data":"Distraction","floor":32.0,"key":"PURGE"},{"data":"Survivor+1","floor":45.0,"key":"PURGE"},{"floor":47.0,"key":"RECALL"},{"data":"Wraith Form v2","floor":49.0,"key":"SMITH"},{"data":"Acrobatics","floor":52,"key":"SMITH"}],"neow_cost":"NONE","seed_source_timestamp":1261238385032338,"circlet_count":0,"master_deck":["AscendersBane","Neutralize","Acrobatics+1","After Image","Well Laid Plans","Grand Finale","Grand Finale","Acrobatics","Backflip","Wraith Form v2+1"],"special_seed":0,"relics":["Ring of the Snake","NeowsBlessing","Peace Pipe","Shuriken","Tingsha","Happy Flower","Whetstone","Kunai","Runic Pyramid","Turnip","Red Mask","Sundial","Empty Cage","Boot","TheAbacus","Blood Vial","Vajra"],"potions_floor_usage":[55,55],"damage_taken":[{"damage":0.0,"enemies":"2 Louse","floor":1.0,"turns":1.0},{"damage":0.0,"enemies":"Gremlin Nob","floor":6.0,"turns":1.0},{"damage":0.0,"enemies":"3 Sentries","floor":8.0,"turns":1.0},{"damage":6.0,"enemies":"Lagavulin","floor":11.0,"turns":8.0},{"damage":1.0,"enemies":"Small Slimes","floor":12.0,"turns":3.0},{"damage":10.0,"enemies":"Gremlin Nob","floor":14.0,"turns":4.0},{"damage":0.0,"enemies":"Slime Boss","floor":16.0,"turns":9.0},{"damage":0.0,"enemies":"Spheric Guardian","floor":18.0,"turns":3.0},{"damage":0.0,"enemies":"Shell Parasite","floor":21.0,"turns":2.0},{"damage":3.0,"enemies":"Shelled Parasite and Fungi","floor":22.0,"turns":4.0},{"damage":0.0,"enemies":"Centurion and Healer","floor":24.0,"turns":3.0},{"damage":0.0,"enemies":"3 Cultists","floor":27.0,"turns":2.0},{"damage":0.0,"enemies":"Masked Bandits","floor":28.0,"turns":2.0},{"damage":0.0,"enemies":"Book of Stabbing","floor":30.0,"turns":3.0},{"damage":3.0,"enemies":"Chosen and Byrds","floor":31.0,"turns":2.0},{"damage":0.0,"enemies":"Automaton","floor":33.0,"turns":4.0},{"damage":0.0,"enemies":"3 Shapes","floor":35.0,"turns":2.0},{"damage":0.0,"enemies":"3 Darklings","floor":36.0,"turns":1.0},{"damage":0.0,"enemies":"Maw","floor":39.0,"turns":3.0},{"damage":0.0,"enemies":"Giant Head","floor":40.0,"turns":2.0},{"damage":0.0,"enemies":"Spire Growth","floor":46.0,"turns":2.0},{"damage":0.0,"enemies":"3 Darklings","floor":48.0,"turns":1.0},{"damage":0,"enemies":"Awakened One","floor":50,"turns":3},{"damage":0,"enemies":"Shield and Spear","floor":54,"turns":2},{"damage":1,"enemies":"The Heart","floor":55,"turns":4}],"seed_played":"1700399230401231638","potions_obtained":[{"floor":11.0,"key":"Fire Potion"},{"floor":14.0,"key":"Fire Potion"},{"floor":20.0,"key":"SteroidPotion"},{"floor":20.0,"key":"LiquidBronze"},{"floor":22.0,"key":"Block Potion"},{"floor":28.0,"key":"Poison Potion"},{"floor":31.0,"key":"PowerPotion"},{"floor":35.0,"key":"Energy Potion"}],"is_trial":false,"path_per_floor":["M","?","?","$","?","E","R","E","T","R","E","M","?","E","R","B",null,"M","$","?","M","M","R","M","R","T","M","?","?","E","M","R","B",null,"M","M","$","?","M","E","?","$","T","?","R","M","R","M","R","B",null,"R","$","E","B",null],"character_chosen":"THE_SILENT","items_purchased":["Noxious Fumes","Grand Finale","TheAbacus","Blood Vial"],"campfire_rested":1,"item_purchase_floors":[4,19,42,42],"current_hp_per_floor":[59,39,13,13,13,13,13,13,13,32,26,25,25,15,15,15,53,53,53,53,53,50,50,50,50,50,50,50,50,50,47,47,47,61,61,61,61,61,61,61,61,61,61,61,61,63,63,65,65,66,66,66,66,66,65],"gold":87,"neow_bonus":"THREE_ENEMY_KILL","is_prod":false,"is_daily":false,"chose_seed":false,"campfire_upgraded":2,"win_rate":0,"timestamp":1565719363,"path_taken":["M","?","?","$","?","E","R","E","T","R","E","?","?","E","R","BOSS","M","$","?","?","M","R","M","R","T","M","?","?","E","M","R","BOSS","M","M","$","?","M","E","?","?","T","?","R","M","R","M","R","BOSS","R","$","E","BOSS"],"build_version":"2019-07-17","purchased_purges":3,"victory":true,"max_hp_per_floor":[66,66,66,66,66,66,66,66,66,66,66,66,66,66,66,66,66,66,66,66,66,66,66,66,66,66,66,66,66,66,66,66,66,66,66,66,66,66,66,66,66,66,66,66,66,66,66,66,66,66,66,66,66,66,66],"card_choices":[{"not_picked":["Prepared","Slice"],"picked":"Skewer","floor":1.0},{"not_picked":["Underhanded Strike","Deadly Poison"],"picked":"Acrobatics","floor":6.0},{"not_picked":["Well Laid Plans","Underhanded Strike"],"picked":"After Image","floor":8.0},{"not_picked":["Flying Knee","Sucker Punch","Bane"],"picked":"SKIP","floor":11.0},{"not_picked":["Flying Knee","Prepared","Predator"],"picked":"SKIP","floor":12.0},{"not_picked":["Burst","Deflect"],"picked":"Well Laid Plans","floor":14.0},{"not_picked":["After Image","Unload"],"picked":"Grand Finale","floor":16.0},{"not_picked":["PiercingWail","Blade Dance","Quick Slash"],"picked":"SKIP","floor":18.0},{"not_picked":["Slice","Skewer"],"picked":"Acrobatics","floor":21.0},{"not_picked":["Poisoned Stab","Flying Knee"],"picked":"Backflip","floor":22.0},{"not_picked":["Venomology","Cloak And Dagger","Expertise"],"picked":"SKIP","floor":24.0},{"not_picked":["Outmaneuver","Flying Knee","Poisoned Stab"],"picked":"SKIP","floor":27.0},{"not_picked":["Terror","Riddle With Holes","Dagger Spray"],"picked":"SKIP","floor":30.0},{"not_picked":["Flying Knee","Deflect","Terror"],"picked":"SKIP","floor":31.0},{"not_picked":["Burst","Phantasmal Killer"],"picked":"Wraith Form v2","floor":33.0},{"not_picked":["Quick Slash","Setup","Blade Dance"],"picked":"SKIP","floor":35.0},{"not_picked":["Backflip","Poisoned Stab","Deflect"],"picked":"SKIP","floor":36.0},{"not_picked":["Endless Agony","Distraction+1","Outmaneuver+1"],"picked":"SKIP","floor":39.0},{"not_picked":["Bullet Time","Phantasmal Killer","Dagger Throw+1"],"picked":"SKIP","floor":40.0},{"not_picked":["Outmaneuver","Prepared","Sucker Punch"],"picked":"SKIP","floor":46.0},{"not_picked":["Bouncing Flask","Prepared","Dagger Throw"],"picked":"SKIP","floor":48.0},{"not_picked":["Predator","Reflex","Outmaneuver"],"picked":"SKIP","floor":54}],"player_experience":496165,"relics_obtained":[{"floor":6.0,"key":"Shuriken"},{"floor":8.0,"key":"Tingsha"},{"floor":9.0,"key":"Happy Flower"},{"floor":11.0,"key":"Whetstone"},{"floor":14.0,"key":"Kunai"},{"floor":26.0,"key":"Turnip"},{"floor":28.0,"key":"Red Mask"},{"floor":30.0,"key":"Sundial"},{"floor":40.0,"key":"Boot"},{"floor":54,"key":"Vajra"}],"event_choices":[{"damage_healed":0.0,"max_hp_gain":0.0,"max_hp_loss":0.0,"gold_gain":0.0,"event_name":"Shining Light","player_choice":"Entered Light","floor":2.0,"gold_loss":0.0,"damage_taken":20.0,"cards_upgraded":["Survivor","Defend_G"]},{"damage_healed":0.0,"max_hp_gain":0.0,"max_hp_loss":0.0,"gold_gain":0.0,"event_name":"Scrap Ooze","player_choice":"Success","floor":3.0,"gold_loss":0.0,"damage_taken":26.0,"relics_obtained":["Peace Pipe"]},{"cards_removed":["Strike_G"],"damage_healed":0.0,"max_hp_gain":0.0,"max_hp_loss":0.0,"gold_gain":0.0,"event_name":"Wheel of Change","player_choice":"Card Removal","floor":5.0,"gold_loss":0.0,"damage_taken":0.0},{"cards_removed":["Defend_G"],"damage_healed":0.0,"max_hp_gain":0.0,"max_hp_loss":0.0,"gold_gain":0.0,"event_name":"The Cleric","player_choice":"Card Removal","floor":13.0,"gold_loss":75.0,"damage_taken":0.0},{"damage_healed":0.0,"max_hp_gain":0.0,"max_hp_loss":0.0,"gold_gain":0.0,"event_name":"Lab","player_choice":"Got Potions","floor":20.0,"gold_loss":0.0,"damage_taken":0.0},{"damage_healed":0.0,"max_hp_gain":0.0,"max_hp_loss":0.0,"gold_gain":0.0,"event_name":"Masked Bandits","player_choice":"Fought Bandits","floor":28.0,"gold_loss":0.0,"damage_taken":0.0},{"damage_healed":0.0,"max_hp_gain":0.0,"max_hp_loss":0.0,"gold_gain":0.0,"cards_transformed":["Defend_G","Defend_G"],"event_name":"Drug Dealer","player_choice":"Became Test Subject","floor":29.0,"gold_loss":0.0,"damage_taken":0.0,"cards_obtained":["Predator","Distraction"]},{"damage_healed":0.0,"max_hp_gain":0.0,"max_hp_loss":0.0,"gold_gain":0.0,"event_name":"SensoryStone","player_choice":"Memory 1","floor":38.0,"gold_loss":0.0,"damage_taken":0.0},{"damage_healed":0.0,"max_hp_gain":0.0,"max_hp_loss":0.0,"gold_gain":222.0,"event_name":"Tomb of Lord Red Mask","player_choice":"Wore Mask","floor":41.0,"gold_loss":0.0,"damage_taken":0.0},{"damage_healed":0.0,"max_hp_gain":0.0,"max_hp_loss":0.0,"gold_gain":0.0,"event_name":"Match and Keep!","player_choice":"0 cards matched","floor":44.0,"gold_loss":0.0,"damage_taken":0.0,"cards_obtained":[]}],"is_beta":false,"boss_relics":[{"not_picked":["Philosopher\u0027s Stone","Lizard Tail"],"picked":"Runic Pyramid"},{"not_picked":["Velvet Choker","Black Star"],"picked":"Empty Cage"}],"items_purged_floors":[19,37,42],"is_endless":false,"potions_floor_spawned":[11,14,22,28,30,31,33,35],"ascension_level":15}