{"gold_per_floor":[114,289,305,380,254,254,287,299,323,323,323,196,225,243,243,338,338,351,365,86,86],"floor_reached":21,"playtime":1191,"items_purged":["Doubt","Defend_R"],"score":271,"play_id":"2995f549-70d3-4081-a3f6-cdda2e441fe1","local_time":"20180916123055","is_ascension_mode":true,"campfire_choices":[{"data":"Armaments","floor":6,"key":"SMITH"},{"floor":11,"key":"REST"},{"floor":15,"key":"REST"}],"neow_cost":"NONE","seed_source_timestamp":1533666873334573,"circlet_count":0,"master_deck":["Strike_R","Strike_R","Strike_R","Strike_R","Defend_R","Defend_R","Defend_R","Bash","Brutality","Battle Trance","Armaments+1","Rupture","Shrug It Off","Sword Boomerang","Rampage","Sword Boomerang","Demon Form","Warcry+1","Limit Break","Rupture","Blood for Blood"],"relics":["Burning Blood","Dream Catcher","Bag of Preparation","PreservedInsect","Runic Cube"],"potions_floor_usage":[16,21],"damage_taken":[{"damage":10,"enemies":"Jaw Worm","floor":1,"turns":4},{"damage":2,"enemies":"2 Louse","floor":3,"turns":3},{"damage":42,"enemies":"Lagavulin","floor":7,"turns":9},{"damage":4,"enemies":"Small Slimes","floor":8,"turns":3},{"damage":26,"enemies":"3 Sentries","floor":13,"turns":8},{"damage":2,"enemies":"2 Fungi Beasts","floor":14,"turns":3},{"damage":22,"enemies":"Slime Boss","floor":16,"turns":7},{"damage":39,"enemies":"2 Thieves","floor":18,"turns":4},{"damage":25,"enemies":"3 Byrds","floor":19,"turns":5},{"damage":25,"enemies":"Centurion and Healer","floor":21,"turns":2}],"seed_played":"-1078310187671249553","potions_obtained":[{"floor":3,"key":"Strength Potion"},{"floor":7,"key":"PowerPotion"},{"floor":14,"key":"Weak Potion"},{"floor":16,"key":"PowerPotion"}],"is_trial":false,"path_per_floor":["M","?","M","?","$","R","E","M","T","?","R","$","E","M","R","B",null,"M","M","$"],"character_chosen":"IRONCLAD","items_purchased":["Armaments","Sword Boomerang","Limit Break","Rupture","Blood for Blood"],"campfire_rested":2,"item_purchase_floors":[5,12,20,20,20],"current_hp_per_floor":[68,68,72,61,61,61,25,27,27,27,51,51,31,35,59,43,71,38,19,19,0],"gold":86,"neow_bonus":"ONE_RANDOM_RARE_CARD","is_prod":false,"is_daily":false,"chose_seed":false,"campfire_upgraded":1,"win_rate":0,"timestamp":1537126255,"path_taken":["M","?","M","?","$","R","E","?","T","?","R","$","E","M","R","BOSS","M","M","$","M"],"build_version":"2018-09-06","purchased_purges":2,"victory":false,"max_hp_per_floor":[80,80,80,80,80,80,80,80,80,80,80,80,80,80,80,80,80,80,80,80,80],"card_choices":[{"not_picked":["Body Slam","True Grit","Fire Breathing"],"picked":"SKIP","floor":1},{"not_picked":["Power Through","Pommel Strike"],"picked":"Battle Trance","floor":3},{"not_picked":["Armaments","Anger","Dual Wield"],"picked":"SKIP","floor":7},{"not_picked":["Fiend Fire","Battle Trance"],"picked":"Rupture","floor":8},{"not_picked":["Cleave","Body Slam"],"picked":"Shrug It Off","floor":11},{"not_picked":["Body Slam","Havoc","Fiend Fire"],"picked":"SKIP","floor":13},{"not_picked":["Thunderclap","Sentinel"],"picked":"Rampage","floor":14},{"not_picked":["Shrug It Off","Rampage"],"picked":"Sword Boomerang","floor":15},{"not_picked":["Impervious","Exhume"],"picked":"Demon Form","floor":16},{"not_picked":["Pommel Strike","Body Slam","Clothesline"],"picked":"SKIP","floor":18},{"not_picked":["Wild Strike+1","Cleave"],"picked":"Warcry+1","floor":19}],"player_experience":814299,"relics_obtained":[{"floor":7,"key":"Dream Catcher"},{"floor":9,"key":"Bag of Preparation"},{"floor":13,"key":"PreservedInsect"}],"event_choices":[{"event_name":"Liars Game","player_choice":"agreed","floor":2,"damage_taken":0},{"event_name":"World of Goop","player_choice":"Gather Gold","floor":4,"damage_taken":0},{"event_name":"Living Wall","player_choice":"Forget","floor":10,"damage_taken":0}],"is_beta":false,"boss_relics":[{"not_picked":["Pandora\u0027s Box","Runic Dome"],"picked":"Runic Cube"}],"items_purged_floors":[5,12],"is_endless":false,"potions_floor_spawned":[3,7,14,16,18],"killed_by":"Centurion and Healer","ascension_level":9}