{"gold_per_floor":[15,33,49,49,49,49,64,64,64,14,32,49,49,80,80,184,184,195,205,225,242,260,260,585,275,275,275,275,275,275,305,305,410,410,430,430,151,168,168,200,200,231,231,248,248,265,265,265,265,265],"floor_reached":51,"playtime":4824,"items_purged":["Strike_G","Underhanded Strike"],"score":1105,"play_id":"5b6604b7-5fb7-4a0e-83da-0a632c7277f3","local_time":"20190322233049","is_ascension_mode":true,"campfire_choices":[{"data":"Deadly Poison","floor":6,"key":"SMITH"},{"data":"Catalyst","floor":8,"key":"SMITH"},{"floor":15,"key":"REST"},{"floor":23,"key":"REST"},{"floor":30,"key":"REST"},{"data":"Footwork","floor":32,"key":"SMITH"},{"data":"Mayhem","floor":41,"key":"SMITH"},{"data":"Noxious Fumes","floor":45,"key":"SMITH"},{"floor":47,"key":"REST"},{"data":"PiercingWail","floor":49,"key":"SMITH"}],"neow_cost":"NO_GOLD","seed_source_timestamp":102493312462010,"circlet_count":0,"master_deck":["Defend_G","Defend_G","Defend_G","Defend_G+1","Survivor","Neutralize","Escape Plan","Deadly Poison","Deadly Poison+1","Catalyst+1","Quick Slash+1","PiercingWail+1","Footwork+1","Corpse Explosion+1","Deadly Poison+1","Sucker Punch+1","Dodge and Roll+1","Leg Sweep+1","Dodge and Roll+1","Bouncing Flask+1","Leg Sweep+1","Night Terror+1","Clumsy","Dodge and Roll+1","Madness+1","Madness+1","Backflip+1","Noxious Fumes+1","Deep Breath+1","Mayhem+1","Dodge and Roll+1","Crippling Poison+1","Footwork+1","Dodge and Roll+1"],"relics":["Ring of the Snake","Omamori","Toxic Egg 2","Velvet Choker","Old Coin","Membership Card","Regal Pillow","Kunai","Nilry\u0027s Codex","Matryoshka","Centennial Puzzle","Calling Bell","Boot","Dodecahedron","Nunchaku","Tiny Chest","Bag of Preparation","Bottled Tornado","Whetstone","Frozen Egg 2","Bag of Marbles","Mercury Hourglass"],"potions_floor_usage":[16,21,31,33,50],"damage_taken":[{"damage":1,"enemies":"2 Louse","floor":1,"turns":4},{"damage":6,"enemies":"Jaw Worm","floor":2,"turns":7},{"damage":0,"enemies":"Cultist","floor":3,"turns":4},{"damage":8,"enemies":"Large Slime","floor":7,"turns":6},{"damage":4,"enemies":"Blue Slaver","floor":11,"turns":3},{"damage":5,"enemies":"3 Louse","floor":12,"turns":4},{"damage":17,"enemies":"Lagavulin","floor":14,"turns":6},{"damage":40,"enemies":"Slime Boss","floor":16,"turns":14},{"damage":8,"enemies":"Shell Parasite","floor":18,"turns":4},{"damage":10,"enemies":"2 Thieves","floor":19,"turns":2},{"damage":5,"enemies":"Sentry and Sphere","floor":20,"turns":3},{"damage":0,"enemies":"Chosen and Byrds","floor":21,"turns":4},{"damage":15,"enemies":"Snake Plant","floor":22,"turns":5},{"damage":0,"enemies":"Gremlin Leader","floor":24,"turns":5},{"damage":17,"enemies":"Slavers","floor":31,"turns":4},{"damage":7,"enemies":"Champ","floor":33,"turns":8},{"damage":17,"enemies":"3 Shapes","floor":35,"turns":4},{"damage":1,"enemies":"Orb Walker","floor":38,"turns":4},{"damage":1,"enemies":"Giant Head","floor":40,"turns":8},{"damage":1,"enemies":"Nemesis","floor":42,"turns":5},{"damage":19,"enemies":"Spire Growth","floor":44,"turns":6},{"damage":13,"enemies":"3 Darklings","floor":46,"turns":3},{"damage":37,"enemies":"Time Eater","floor":50,"turns":9}],"seed_played":"-6712231007581189856","potions_obtained":[{"floor":3,"key":"Swift Potion"},{"floor":11,"key":"Explosive Potion"},{"floor":16,"key":"PowerPotion"},{"floor":18,"key":"LiquidBronze"},{"floor":22,"key":"Dexterity Potion"},{"floor":31,"key":"SteroidPotion"},{"floor":33,"key":"GamblersBrew"},{"floor":35,"key":"Swift Potion"}],"is_trial":false,"path_per_floor":["M","M","M","?","?","R","M","R","T","?","M","M","$","E","R","B",null,"M","M","M","M","M","R","E","$","T","?","?","T","R","E","R","B",null,"M","?","$","M","?","E","R","E","T","M","R","M","R","T","R","B",null],"character_chosen":"THE_SILENT","items_purchased":["Membership Card","Regal Pillow","Tiny Chest","Backflip+1","Noxious Fumes","Deep Breath+1","Mayhem"],"campfire_rested":4,"item_purchase_floors":[25,25,37,37,37,37,37],"current_hp_per_floor":[62,56,56,42,65,65,57,57,57,57,53,48,48,31,52,12,56,48,38,33,33,18,39,39,39,39,39,23,23,59,42,42,35,61,44,35,35,34,61,60,60,59,59,40,40,27,60,60,60,23],"gold":265,"neow_bonus":"REMOVE_TWO","is_prod":false,"is_daily":false,"chose_seed":false,"campfire_upgraded":6,"win_rate":0,"timestamp":1553322649,"path_taken":["M","M","M","?","?","R","M","R","T","?","M","M","?","E","R","BOSS","M","M","M","?","M","R","E","$","T","?","?","?","R","E","R","BOSS","M","?","$","M","?","E","R","E","T","?","R","M","R","?","R","BOSS"],"build_version":"2019-01-23","purchased_purges":2,"victory":true,"max_hp_per_floor":[70,70,70,70,70,70,70,70,70,70,70,70,70,70,70,70,70,70,70,70,70,70,70,70,70,70,70,70,70,70,70,70,70,70,70,70,70,70,61,61,61,61,61,61,61,61,61,61,61,61],"card_choices":[{"not_picked":["Deadly Poison","Masterful Stab"],"picked":"Escape Plan","floor":1},{"not_picked":["Slice","Dash"],"picked":"Deadly Poison","floor":2},{"not_picked":["Dagger Spray","Flying Knee"],"picked":"Deadly Poison","floor":3},{"not_picked":["Deflect","Masterful Stab"],"picked":"Catalyst","floor":7},{"not_picked":["Accuracy","Dagger Throw"],"picked":"Quick Slash","floor":11},{"not_picked":["Tactician","Bullet Time"],"picked":"PiercingWail","floor":12},{"not_picked":["Flying Knee","Underhanded Strike"],"picked":"Footwork","floor":14},{"not_picked":["Wraith Form v2","Storm of Steel+1"],"picked":"Corpse Explosion+1","floor":16},{"not_picked":["Tactician+1","Caltrops+1"],"picked":"Deadly Poison+1","floor":18},{"not_picked":["Eviscerate+1","Dagger Throw","Cloak And Dagger+1"],"picked":"SKIP","floor":19},{"not_picked":["Terror+1","Underhanded Strike"],"picked":"Sucker Punch","floor":20},{"not_picked":["Predator","Deflect+1"],"picked":"Dodge and Roll+1","floor":21},{"not_picked":["Cloak And Dagger+1","Deflect+1"],"picked":"Leg Sweep+1","floor":22},{"not_picked":["Skewer","Reflex+1"],"picked":"Dodge and Roll+1","floor":24},{"not_picked":["Tactician+1","Slice"],"picked":"Leg Sweep+1","floor":31},{"not_picked":["Glass Knife","Corpse Explosion+1"],"picked":"Night Terror+1","floor":33},{"not_picked":["Bane+1","Accuracy"],"picked":"Dodge and Roll+1","floor":35},{"not_picked":["Calculated Gamble+1","Underhanded Strike"],"picked":"Dodge and Roll+1","floor":38},{"not_picked":["Deadly Poison+1","Wraith Form v2"],"picked":"Crippling Poison+1","floor":40},{"not_picked":["Dagger Throw+1","Poisoned Stab+1"],"picked":"Footwork+1","floor":42},{"not_picked":["Bane+1","Poisoned Stab"],"picked":"Dodge and Roll+1","floor":44},{"not_picked":["Quick Slash+1","Flying Knee","Underhanded Strike"],"picked":"SKIP","floor":46}],"player_experience":1239641,"relics_obtained":[{"floor":9,"key":"Omamori"},{"floor":14,"key":"Toxic Egg 2"},{"floor":24,"key":"Old Coin"},{"floor":26,"key":"Kunai"},{"floor":28,"key":"Nilry\u0027s Codex"},{"floor":29,"key":"Matryoshka"},{"floor":31,"key":"Centennial Puzzle"},{"floor":34,"key":"Boot"},{"floor":34,"key":"Dodecahedron"},{"floor":34,"key":"Nunchaku"},{"floor":40,"key":"Bag of Preparation"},{"floor":42,"key":"Bottled Tornado"},{"floor":43,"key":"Whetstone"},{"floor":43,"key":"Frozen Egg 2"},{"floor":48,"key":"Bag of Marbles"},{"floor":48,"key":"Mercury Hourglass"}],"event_choices":[{"damage_healed":0,"gold_gain":0,"player_choice":"Entered Light","damage_taken":14,"max_hp_gain":0,"max_hp_loss":0,"event_name":"Shining Light","floor":4,"gold_loss":0,"cards_upgraded":["Strike_G","Defend_G"]},{"damage_healed":23,"gold_gain":0,"player_choice":"Banana","damage_taken":0,"max_hp_gain":0,"max_hp_loss":0,"event_name":"Big Fish","floor":5,"gold_loss":0},{"cards_removed":["Strike_G"],"damage_healed":0,"gold_gain":0,"player_choice":"Card Removal","damage_taken":0,"max_hp_gain":0,"max_hp_loss":0,"event_name":"The Cleric","floor":10,"gold_loss":50},{"damage_healed":0,"gold_gain":0,"cards_transformed":["Strike_G","Strike_G"],"player_choice":"Became Test Subject","damage_taken":0,"max_hp_gain":0,"max_hp_loss":0,"event_name":"Drug Dealer","floor":27,"gold_loss":0,"cards_obtained":["Underhanded Strike","Bouncing Flask"]},{"damage_healed":0,"gold_gain":0,"player_choice":"Obtained Book","damage_taken":16,"max_hp_gain":0,"max_hp_loss":0,"event_name":"Cursed Tome","floor":28,"gold_loss":0},{"damage_healed":0,"gold_gain":0,"player_choice":"Embrace Madness","damage_taken":9,"max_hp_gain":0,"max_hp_loss":0,"event_name":"Winding Halls","floor":36,"gold_loss":0,"cards_obtained":["Madness","Madness"]},{"damage_healed":61,"gold_gain":0,"player_choice":"Heal","damage_taken":0,"max_hp_gain":0,"max_hp_loss":9,"event_name":"The Moai Head","floor":39,"gold_loss":0}],"is_beta":false,"boss_relics":[{"not_picked":["Sozu","Snecko Eye"],"picked":"Velvet Choker"},{"not_picked":["Runic Pyramid","Astrolabe"],"picked":"Calling Bell"}],"items_purged_floors":[25,37],"is_endless":false,"potions_floor_spawned":[3,11,16,18,22,31,33,35,40,42,46],"ascension_level":9}