{"gold_per_floor":[109,109,125,145,70,97,97,111,111,111,127,127,137,151,151,255,255,255,255,205,205,205,205,205,205,205,205,205,205,205,205,205,205,205,205,124,124],"floor_reached":37,"playtime":1184,"items_purged":["Regret"],"score":389,"play_id":"1e7e97d6-cb3f-4cfb-ad70-93d8fbb87e42","local_time":"20190806200230","is_ascension_mode":false,"campfire_choices":[{"data":"Anger","floor":7,"key":"SMITH"},{"floor":12,"key":"REST"},{"data":"Anger","floor":15,"key":"SMITH"},{"floor":24,"key":"REST"},{"floor":27,"key":"REST"},{"floor":30,"key":"REST"},{"floor":32,"key":"REST"}],"neow_cost":"NONE","seed_source_timestamp":594978674717100,"circlet_count":0,"master_deck":["Strike_R+1","Strike_R","Strike_R","Strike_R","Defend_R","Defend_R","Defend_R","Defend_R","Bash","Iron Wave","Battle Trance","Anger+1","Thunderclap","Anger+1","Anger","Demon Form","Limit Break","Battle Trance","Rage+1","Finesse"],"relics":["Burning Blood","Paper Frog","Shuriken","Matryoshka","Ectoplasm","Shovel","Letter Opener","Juzu Bracelet","Philosopher\u0027s Stone"],"potions_floor_usage":[14,16,16,33,33,37,37],"damage_taken":[{"damage":1,"enemies":"Jaw Worm","floor":1,"turns":5},{"damage":5,"enemies":"Small Slimes","floor":3,"turns":3},{"damage":7,"enemies":"Cultist","floor":4,"turns":4},{"damage":40,"enemies":"3 Sentries","floor":6,"turns":11},{"damage":7,"enemies":"Large Slime","floor":8,"turns":5},{"damage":8,"enemies":"Lots of Slimes","floor":11,"turns":3},{"damage":9,"enemies":"Blue Slaver","floor":13,"turns":3},{"damage":0,"enemies":"3 Louse","floor":14,"turns":1},{"damage":28,"enemies":"Hexaghost","floor":16,"turns":6},{"damage":10,"enemies":"Chosen","floor":18,"turns":3},{"damage":19,"enemies":"Spheric Guardian","floor":21,"turns":4},{"damage":50,"enemies":"Book of Stabbing","floor":23,"turns":5},{"damage":16,"enemies":"Cultist and Chosen","floor":25,"turns":5},{"damage":12,"enemies":"3 Cultists","floor":31,"turns":3},{"damage":64,"enemies":"Collector","floor":33,"turns":6},{"damage":20,"enemies":"Orb Walker","floor":35,"turns":3},{"damage":100,"enemies":"2 Orb Walkers","floor":37,"turns":4}],"seed_played":"-6121237256538862783","potions_obtained":[{"floor":4,"key":"Energy Potion"},{"floor":8,"key":"Explosive Potion"},{"floor":13,"key":"Swift Potion"},{"floor":25,"key":"AttackPotion"},{"floor":33,"key":"PowerPotion"},{"floor":35,"key":"BloodPotion"}],"is_trial":false,"path_per_floor":["M","?","M","M","$","E","R","M","T","?","M","R","M","M","R","B",null,"M","$","?","M","$","E","R","M","T","R","?","?","R","M","R","B",null,"M","$","?"],"character_chosen":"IRONCLAD","items_purchased":["Finesse"],"campfire_rested":5,"item_purchase_floors":[36],"current_hp_per_floor":[80,80,80,79,79,45,45,44,44,37,35,59,56,62,62,40,80,76,76,76,63,63,19,43,33,33,57,57,41,65,59,80,22,80,66,66,0],"gold":124,"neow_bonus":"UPGRADE_CARD","is_prod":false,"is_daily":false,"chose_seed":false,"campfire_upgraded":2,"win_rate":0.0,"timestamp":1565085750,"path_taken":["M","?","M","M","$","E","R","M","T","?","M","R","M","M","R","BOSS","M","$","?","M","$","E","R","M","T","R","?","?","R","M","R","BOSS","M","?","?"],"build_version":"2019-07-17","purchased_purges":1,"victory":false,"max_hp_per_floor":[80,80,80,80,80,80,80,80,80,80,80,80,80,80,80,80,80,80,80,80,80,80,80,80,80,80,80,80,80,80,80,80,80,80,80,80,80],"card_choices":[{"not_picked":["Sword Boomerang","Bloodletting","Body Slam"],"picked":"SKIP","floor":1},{"not_picked":["Combust","Evolve"],"picked":"Iron Wave","floor":3},{"not_picked":["Headbutt","Twin Strike"],"picked":"Battle Trance","floor":4},{"not_picked":["Ghostly Armor","Whirlwind"],"picked":"Anger","floor":6},{"not_picked":["Clothesline","Flex"],"picked":"Thunderclap","floor":8},{"not_picked":["Twin Strike","Disarm","Body Slam"],"picked":"SKIP","floor":11},{"not_picked":["Blood for Blood","True Grit"],"picked":"Anger","floor":13},{"not_picked":["Twin Strike","Armaments"],"picked":"Anger","floor":14},{"not_picked":["Fiend Fire","Reaper"],"picked":"Demon Form","floor":16},{"not_picked":["True Grit","Sword Boomerang","Burning Pact"],"picked":"SKIP","floor":18},{"not_picked":["Sword Boomerang","Clash","Combust"],"picked":"SKIP","floor":21},{"not_picked":["Bloodletting","Ghostly Armor"],"picked":"Limit Break","floor":23},{"not_picked":["True Grit","Flex"],"picked":"Battle Trance","floor":25},{"not_picked":["Flex","Sword Boomerang","Cleave+1"],"picked":"SKIP","floor":31},{"not_picked":["Twin Strike","Infernal Blade"],"picked":"Rage+1","floor":35}],"player_experience":14007,"relics_obtained":[{"floor":6,"key":"Shuriken"},{"floor":9,"key":"Matryoshka"},{"floor":23,"key":"Shovel"},{"floor":26,"key":"Letter Opener"},{"floor":26,"key":"Juzu Bracelet"}],"event_choices":[{"damage_healed":0,"gold_gain":0,"player_choice":"Box","damage_taken":0,"relics_obtained":["Paper Frog"],"max_hp_gain":0,"max_hp_loss":0,"event_name":"Big Fish","floor":2,"gold_loss":0,"cards_obtained":["Regret"]},{"cards_removed":["Strike_R"],"damage_healed":0,"gold_gain":0,"player_choice":"Card Removal","damage_taken":7,"max_hp_gain":0,"max_hp_loss":0,"event_name":"Golden Wing","floor":10,"gold_loss":0},{"damage_healed":0,"gold_gain":250,"player_choice":"Bet on Owner","damage_taken":0,"max_hp_gain":0,"max_hp_loss":0,"event_name":"The Joust","floor":20,"gold_loss":50},{"damage_healed":0,"gold_gain":99,"player_choice":"Stole From Cult","damage_taken":0,"max_hp_gain":0,"max_hp_loss":0,"event_name":"Nest","floor":28,"gold_loss":0},{"damage_healed":0,"gold_gain":0,"player_choice":"POTION ","damage_taken":16,"max_hp_gain":0,"max_hp_loss":0,"event_name":"Knowing Skull","floor":29,"potions_obtained":["AttackPotion"],"gold_loss":0,"cards_obtained":[]},{"damage_healed":0,"gold_gain":0,"player_choice":"Fight","damage_taken":0,"max_hp_gain":0,"max_hp_loss":0,"event_name":"Mysterious Sphere","floor":37,"gold_loss":0}],"is_beta":false,"boss_relics":[{"not_picked":["Empty Cage","Runic Cube"],"picked":"Ectoplasm"},{"not_picked":["Runic Dome","White Beast Statue"],"picked":"Philosopher\u0027s Stone"}],"items_purged_floors":[5],"is_endless":false,"potions_floor_spawned":[4,8,13,25,33,35],"killed_by":"2 Orb Walkers","ascension_level":0}