{"gold_per_floor":[110,110,70,145,157,185,195,213,213,488,520,520,47,58,58,159,159,178,193,212,212,212],"floor_reached":22,"playtime":4760,"items_purged":["Strike_B"],"score":223,"play_id":"6a395c33-3854-428f-a9dc-bcfdce7e1564","local_time":"20190207202321","is_ascension_mode":false,"campfire_choices":[{"data":"Storm","floor":12,"key":"SMITH"},{"data":"Zap","floor":15,"key":"SMITH"}],"neow_cost":"NONE","seed_source_timestamp":267614202310316,"circlet_count":0,"master_deck":["Strike_B","Strike_B","Strike_B","Defend_B","Defend_B","Defend_B","Defend_B","Zap+1","Dualcast","Storm+1","Capacitor","White Noise","Streamline","Regret","Conserve Battery","Loop","White Noise","Leap","Barrage","Amplify","Heatsinks+1","Static Discharge+1"],"relics":["Cracked Core","NeowsBlessing","Thread and Needle","Mango","Letter Opener","Bottled Tornado","Philosopher\u0027s Stone"],"potions_floor_usage":[8,11,11,16,18,19],"damage_taken":[{"damage":0,"enemies":"Jaw Worm","floor":1,"turns":1},{"damage":0,"enemies":"2 Louse","floor":5,"turns":1},{"damage":0,"enemies":"Lagavulin","floor":6,"turns":1},{"damage":0,"enemies":"Small Slimes","floor":7,"turns":4},{"damage":2,"enemies":"Exordium Thugs","floor":8,"turns":6},{"damage":21,"enemies":"Gremlin Nob","floor":11,"turns":4},{"damage":3,"enemies":"3 Louse","floor":14,"turns":3},{"damage":15,"enemies":"Hexaghost","floor":16,"turns":8},{"damage":26,"enemies":"3 Byrds","floor":18,"turns":3},{"damage":3,"enemies":"Spheric Guardian","floor":19,"turns":3},{"damage":28,"enemies":"Snake Plant","floor":20,"turns":4},{"damage":22,"enemies":"Centurion and Healer","floor":21,"turns":6},{"damage":10,"enemies":"Shelled Parasite and Fungi","floor":22,"turns":3}],"seed_played":"-804867824649142418","potions_obtained":[{"floor":1,"key":"Swift Potion"},{"floor":7,"key":"EssenceOfSteel"},{"floor":8,"key":"FocusPotion"},{"floor":11,"key":"Block Potion"},{"floor":16,"key":"Weak Potion"},{"floor":18,"key":"Strength Potion"}],"is_trial":false,"path_per_floor":["M","?","$","?","M","E","M","M","T","?","E","R","$","M","R","B",null,"M","M","M","M","M"],"character_chosen":"DEFECT","items_purchased":["Capacitor","Loop","Bottled Tornado","White Noise","Leap"],"campfire_rested":0,"item_purchase_floors":[3,13,13,13,13],"current_hp_per_floor":[75,75,75,64,64,64,64,62,76,76,55,55,55,52,52,37,89,63,60,32,10,0],"gold":212,"neow_bonus":"THREE_ENEMY_KILL","is_prod":false,"is_daily":false,"chose_seed":false,"campfire_upgraded":2,"win_rate":0.0,"timestamp":1549567401,"path_taken":["M","?","$","?","M","E","M","M","T","?","E","R","$","M","R","BOSS","M","M","M","M","M"],"build_version":"2019-02-06","purchased_purges":1,"victory":false,"max_hp_per_floor":[75,75,75,75,75,75,75,75,89,89,89,89,89,89,89,89,89,89,89,89,89,89],"card_choices":[{"not_picked":["Steam Power","Double Energy"],"picked":"Storm","floor":1},{"not_picked":["Darkness","Cold Snap","Chill"],"picked":"SKIP","floor":5},{"not_picked":["Go for the Eyes","Reboot"],"picked":"White Noise","floor":6},{"not_picked":["Lockon","Coolheaded","Steam"],"picked":"SKIP","floor":7},{"not_picked":["Compile Driver","Stack"],"picked":"Streamline","floor":8},{"not_picked":["Compile Driver","All For One"],"picked":"Conserve Battery","floor":11},{"not_picked":["Compile Driver","Genetic Algorithm"],"picked":"Barrage","floor":14},{"not_picked":["Rainbow","Multi-Cast"],"picked":"Amplify","floor":16},{"not_picked":["Rip and Tear+1","Barrage","Coolheaded"],"picked":"SKIP","floor":18},{"not_picked":["Melter+1","Steam"],"picked":"Heatsinks+1","floor":19},{"not_picked":["Streamline","Coolheaded","Beam Cell+1"],"picked":"SKIP","floor":20},{"not_picked":["Blizzard+1","Go for the Eyes"],"picked":"Static Discharge+1","floor":21}],"player_experience":64905,"relics_obtained":[{"floor":6,"key":"Thread and Needle"},{"floor":9,"key":"Mango"},{"floor":11,"key":"Letter Opener"}],"event_choices":[{"damage_healed":0,"gold_gain":0,"player_choice":"Ignored","damage_taken":0,"max_hp_gain":0,"max_hp_loss":0,"event_name":"Golden Idol","floor":2,"gold_loss":0},{"damage_healed":0,"gold_gain":75,"player_choice":"Gather Gold","damage_taken":11,"max_hp_gain":0,"max_hp_loss":0,"event_name":"World of Goop","floor":4,"gold_loss":0},{"damage_healed":0,"gold_gain":275,"player_choice":"Desecrate","damage_taken":0,"max_hp_gain":0,"max_hp_loss":0,"event_name":"Golden Shrine","floor":10,"gold_loss":0,"cards_obtained":["Regret"]}],"is_beta":true,"boss_relics":[{"not_picked":["Lizard Tail","Busted Crown"],"picked":"Philosopher\u0027s Stone"}],"items_purged_floors":[13],"is_endless":false,"potions_floor_spawned":[1,7,8,11,16,18],"killed_by":"Shelled Parasite and Fungi","ascension_level":0}