{"gold_per_floor":[111,111,111,111,131,164,164,198,244,28,28,62,90,118,130,142],"floor_reached":16,"playtime":1072,"items_purged":["Regret"],"score":143,"play_id":"84810313-937f-49e0-a55c-6c30d775b08b","local_time":"20190811093147","is_ascension_mode":false,"campfire_choices":[{"data":"Bash","floor":7,"key":"SMITH"},{"data":"Armaments","floor":11,"key":"SMITH"},{"floor":15,"key":"REST"}],"neow_cost":"NONE","seed_source_timestamp":538872454700,"circlet_count":0,"master_deck":["Strike_R","Strike_R","Strike_R","Strike_R","Strike_R","Defend_R","Defend_R","Defend_R","Defend_R","Bash+1","Perfected Strike","Rampage","Infernal Blade","Armaments+1","Burning Pact","Pummel","Fiend Fire","True Grit","Sentinel","Spot Weakness"],"relics":["Burning Blood","NeowsBlessing","Omamori","Champion Belt","FaceOfCleric","Dream Catcher","Kunai","Centennial Puzzle","MawBank"],"potions_floor_usage":[8,14,14,16,16],"damage_taken":[{"damage":0,"enemies":"Cultist","floor":1,"turns":1},{"damage":0,"enemies":"Jaw Worm","floor":5,"turns":1},{"damage":0,"enemies":"Gremlin Nob","floor":6,"turns":1},{"damage":39,"enemies":"3 Sentries","floor":8,"turns":9},{"damage":21,"enemies":"Gremlin Nob","floor":12,"turns":4},{"damage":2,"enemies":"2 Louse","floor":13,"turns":3},{"damage":59,"enemies":"Gremlin Gang","floor":14,"turns":7},{"damage":45,"enemies":"Slime Boss","floor":16,"turns":8}],"seed_played":"-4455713734146937148","potions_obtained":[{"floor":5,"key":"BloodPotion"},{"floor":8,"key":"Fruit Juice"},{"floor":12,"key":"Poison Potion"},{"floor":13,"key":"Weak Potion"},{"floor":14,"key":"Strength Potion"}],"is_trial":false,"path_per_floor":["M","?","?","?","M","E","R","E","T","$","R","E","M","M","R","B"],"character_chosen":"IRONCLAD","items_purchased":["Burning Pact","Pummel"],"campfire_rested":1,"item_purchase_floors":[10,10],"current_hp_per_floor":[80,80,77,77,81,82,82,55,55,55,55,41,46,16,43,0],"gold":142,"neow_bonus":"THREE_ENEMY_KILL","is_prod":false,"is_daily":false,"chose_seed":false,"campfire_upgraded":2,"win_rate":0,"timestamp":1565487107,"path_taken":["M","?","?","?","M","E","R","E","T","$","R","E","?","M","R","BOSS"],"build_version":"2019-07-17","purchased_purges":1,"victory":false,"max_hp_per_floor":[80,80,80,80,81,82,82,88,88,88,88,89,90,91,91,91],"card_choices":[{"not_picked":["Iron Wave","Body Slam"],"picked":"Perfected Strike","floor":1},{"not_picked":["Clash","Cleave"],"picked":"Rampage","floor":5},{"not_picked":["Dual Wield","Ghostly Armor"],"picked":"Infernal Blade","floor":6},{"not_picked":["Wild Strike","Reckless Charge"],"picked":"Armaments","floor":8},{"not_picked":["Combust","Body Slam"],"picked":"Fiend Fire","floor":12},{"not_picked":["Body Slam","Anger"],"picked":"True Grit","floor":13},{"not_picked":["Clothesline","Havoc"],"picked":"Sentinel","floor":14},{"not_picked":["Iron Wave","Intimidate"],"picked":"Spot Weakness","floor":15}],"player_experience":39649,"relics_obtained":[{"floor":6,"key":"Dream Catcher"},{"floor":8,"key":"Kunai"},{"floor":9,"key":"Centennial Puzzle"},{"floor":12,"key":"MawBank"}],"event_choices":[{"damage_healed":0,"gold_gain":0,"player_choice":"Box","damage_taken":0,"relics_obtained":["Omamori"],"max_hp_gain":0,"max_hp_loss":0,"event_name":"Big Fish","floor":2,"gold_loss":0,"cards_obtained":["Regret"]},{"damage_healed":0,"gold_gain":0,"player_choice":"Success","damage_taken":3,"relics_obtained":["Champion Belt"],"max_hp_gain":0,"max_hp_loss":0,"event_name":"Scrap Ooze","floor":3,"gold_loss":0},{"damage_healed":0,"gold_gain":0,"player_choice":"Trade","damage_taken":0,"relics_obtained":["FaceOfCleric"],"max_hp_gain":0,"max_hp_loss":0,"event_name":"FaceTrader","floor":4,"gold_loss":0}],"is_beta":false,"boss_relics":[],"items_purged_floors":[10],"is_endless":false,"potions_floor_spawned":[5,8,12,13,14],"killed_by":"Slime Boss","ascension_level":0}