{"gold_per_floor":[109,128,148,166,186,212,225,253,278,278,4,20,38,54,54,149,149,167,184,204,204],"floor_reached":21,"playtime":1461,"items_purged":["Strike_R"],"score":224,"play_id":"3263e28f-2852-4cb7-b36d-bf82f896fa65","local_time":"20190811182755","is_ascension_mode":false,"campfire_choices":[{"data":"Iron Wave","floor":10,"key":"SMITH"},{"data":"Armaments","floor":15,"key":"SMITH"}],"neow_cost":"NONE","seed_source_timestamp":410273965494100,"circlet_count":0,"master_deck":["Strike_R","Defend_R","Defend_R","Defend_R","Defend_R","Bash","Dropkick","Dropkick","Iron Wave+1","Body Slam","Iron Wave","Feed","Perfected Strike","Iron Wave","Body Slam","Armaments+1","Reaper","Iron Wave","Demon Form","Cleave"],"relics":["Burning Blood","Gambling Chip","Ancient Tea Set","Bag of Marbles","ClockworkSouvenir","Empty Cage"],"potions_floor_usage":[6,7,16,19],"damage_taken":[{"damage":9,"enemies":"Cultist","floor":1,"turns":4},{"damage":0,"enemies":"Small Slimes","floor":2,"turns":4},{"damage":1,"enemies":"Jaw Worm","floor":3,"turns":3},{"damage":0,"enemies":"Large Slime","floor":4,"turns":4},{"damage":11,"enemies":"Blue Slaver","floor":5,"turns":6},{"damage":17,"enemies":"Gremlin Nob","floor":6,"turns":4},{"damage":3,"enemies":"Exordium Wildlife","floor":7,"turns":4},{"damage":35,"enemies":"Lagavulin","floor":8,"turns":6},{"damage":0,"enemies":"Lots of Slimes","floor":12,"turns":3},{"damage":0,"enemies":"3 Louse","floor":13,"turns":2},{"damage":0,"enemies":"Looter","floor":14,"turns":3},{"damage":35,"enemies":"Hexaghost","floor":16,"turns":8},{"damage":27,"enemies":"3 Byrds","floor":18,"turns":9},{"damage":45,"enemies":"Spheric Guardian","floor":19,"turns":10},{"damage":23,"enemies":"Centurion and Healer","floor":20,"turns":8},{"damage":35,"enemies":"Masked Bandits","floor":21,"turns":3}],"seed_played":"3482374817559509180","potions_obtained":[{"floor":1,"key":"Poison Potion"},{"floor":2,"key":"Energy Potion"},{"floor":4,"key":"Dexterity Potion"},{"floor":12,"key":"PowerPotion"},{"floor":16,"key":"Regen Potion"}],"is_trial":false,"path_per_floor":["M","M","M","M","M","E","M","E","T","R","$","M","M","M","R","B",null,"M","M","M","?"],"character_chosen":"IRONCLAD","items_purchased":["ClockworkSouvenir"],"campfire_rested":0,"item_purchase_floors":[11],"current_hp_per_floor":[77,80,80,80,75,64,70,41,41,41,41,50,59,65,65,36,89,75,51,34,0],"gold":204,"neow_bonus":"REMOVE_CARD","is_prod":false,"is_daily":false,"chose_seed":false,"campfire_upgraded":2,"win_rate":0.0,"timestamp":1565512075,"path_taken":["M","M","M","M","M","E","M","E","T","R","$","M","M","?","R","BOSS","M","M","M","?"],"build_version":"2019-07-17","purchased_purges":1,"victory":false,"max_hp_per_floor":[80,80,80,80,80,80,83,83,83,83,83,86,89,89,89,89,89,92,92,92,92],"card_choices":[{"not_picked":["Spot Weakness","Intimidate"],"picked":"Dropkick","floor":1},{"not_picked":["Wild Strike","Headbutt"],"picked":"Dropkick","floor":2},{"not_picked":["Sword Boomerang","Clash"],"picked":"Iron Wave","floor":3},{"not_picked":["Iron Wave","Headbutt"],"picked":"Body Slam","floor":4},{"not_picked":["Clash","True Grit"],"picked":"Iron Wave","floor":5},{"not_picked":["Second Wind","Warcry"],"picked":"Feed","floor":6},{"not_picked":["Havoc","Hemokinesis"],"picked":"Perfected Strike","floor":7},{"not_picked":["Flame Barrier","Heavy Blade"],"picked":"Iron Wave","floor":8},{"not_picked":["Infernal Blade","Shrug It Off"],"picked":"Body Slam","floor":12},{"not_picked":["Carnage","Pommel Strike"],"picked":"Armaments","floor":13},{"not_picked":["Feel No Pain","Sentinel","Clothesline"],"picked":"SKIP","floor":14},{"not_picked":["Bludgeon","Feed"],"picked":"Reaper","floor":16},{"not_picked":["Clash","Intimidate+1"],"picked":"Iron Wave","floor":18},{"not_picked":["Shockwave","Twin Strike+1"],"picked":"Demon Form","floor":19},{"not_picked":["Iron Wave","True Grit"],"picked":"Cleave","floor":20}],"player_experience":22710,"relics_obtained":[{"floor":6,"key":"Gambling Chip"},{"floor":8,"key":"Ancient Tea Set"},{"floor":9,"key":"Bag of Marbles"}],"event_choices":[{"damage_healed":0,"gold_gain":0,"player_choice":"Fought Bandits","damage_taken":0,"max_hp_gain":0,"max_hp_loss":0,"event_name":"Masked Bandits","floor":21,"gold_loss":0}],"is_beta":false,"boss_relics":[{"not_picked":["Mark of Pain","Coffee Dripper"],"picked":"Empty Cage"}],"items_purged_floors":[11],"is_endless":false,"potions_floor_spawned":[1,2,4,12,16],"killed_by":"Masked Bandits","ascension_level":0}