{"gold_per_floor":[113,113,128,27,45,45,61,91,114,14,14,25,25,25,25,128,128,144,144],"floor_reached":19,"playtime":1748,"items_purged":["Defend_B","Strike_B"],"score":267,"play_id":"2bcd3c6d-0440-4d60-81fd-21e329b736f4","local_time":"20180926090422","is_ascension_mode":true,"campfire_choices":[{"data":"Hologram","floor":6,"key":"SMITH"},{"data":"Fusion","floor":11,"key":"SMITH"},{"data":"Redo","floor":13,"key":"SMITH"},{"data":"Dualcast","floor":15,"key":"SMITH"}],"neow_cost":"NONE","seed_source_timestamp":586971913729853,"circlet_count":0,"master_deck":["Strike_B","Strike_B","Strike_B","Defend_B","Defend_B","Zap","Dualcast+1","AscendersBane","Echo Form","Conserve Battery","Hologram+1","Redo+1","BootSequence","Conserve Battery","Fusion+1","Amplify","Creative AI","Undo"],"relics":["Cracked Core","Oddly Smooth Stone","DataDisk","Lantern","Cursed Key"],"potions_floor_usage":[8,16,19],"damage_taken":[{"damage":12,"enemies":"Jaw Worm","floor":1,"turns":4},{"damage":6,"enemies":"Small Slimes","floor":3,"turns":3},{"damage":0,"enemies":"Cultist","floor":5,"turns":3},{"damage":0,"enemies":"Exordium Wildlife","floor":7,"turns":3},{"damage":1,"enemies":"Lagavulin","floor":8,"turns":8},{"damage":0,"enemies":"3 Louse","floor":12,"turns":3},{"damage":44,"enemies":"Hexaghost","floor":16,"turns":11},{"damage":21,"enemies":"Shell Parasite","floor":18,"turns":7},{"damage":49,"enemies":"Masked Bandits","floor":19,"turns":3}],"seed_played":"2524983299001592278","potions_obtained":[{"floor":5,"key":"Regen Potion"},{"floor":7,"key":"GamblersBrew"},{"floor":8,"key":"Dexterity Potion"}],"is_trial":false,"path_per_floor":["M","?","M","$","M","R","M","E","T","$","R","M","R","?","R","B",null,"M"],"character_chosen":"DEFECT","items_purchased":["Redo"],"campfire_rested":0,"item_purchase_floors":[4],"current_hp_per_floor":[56,49,43,43,43,43,43,57,57,57,57,57,57,57,57,13,60,39,0],"gold":144,"neow_bonus":"ONE_RANDOM_RARE_CARD","is_prod":false,"is_daily":false,"chose_seed":false,"campfire_upgraded":4,"win_rate":0,"timestamp":1537977862,"path_taken":["M","?","M","$","M","R","M","E","T","?","R","?","R","?","R","BOSS","M","?"],"build_version":"2018-09-20","purchased_purges":2,"victory":false,"max_hp_per_floor":[75,75,75,75,75,75,75,75,75,75,75,75,75,75,75,75,75,75,75],"card_choices":[{"not_picked":["White Noise","Turbo"],"picked":"Conserve Battery","floor":1},{"not_picked":["Beam Cell","Darkness"],"picked":"Hologram","floor":3},{"not_picked":["Beam Cell","Compile Driver"],"picked":"BootSequence","floor":5},{"not_picked":["Heatsinks","Recycle"],"picked":"Conserve Battery","floor":7},{"not_picked":["Heatsinks","Gash"],"picked":"Fusion","floor":8},{"not_picked":["Steam","Coolheaded"],"picked":"Amplify","floor":12},{"not_picked":["Seek","All For One"],"picked":"Creative AI","floor":16},{"not_picked":["Blizzard","Redo"],"picked":"Undo","floor":18}],"player_experience":849580,"relics_obtained":[{"floor":8,"key":"DataDisk"},{"floor":9,"key":"Lantern"}],"event_choices":[{"event_name":"Scrap Ooze","player_choice":"success","floor":2,"damage_taken":7},{"event_name":"Living Wall","player_choice":"Forget","floor":14,"damage_taken":0},{"event_name":"Masked Bandits","player_choice":"Fought Bandits","floor":19,"damage_taken":0}],"is_beta":false,"boss_relics":[{"not_picked":["Runic Pyramid","White Beast Statue"],"picked":"Cursed Key"}],"items_purged_floors":[4,10],"is_endless":false,"potions_floor_spawned":[5,7,8,12],"killed_by":"Masked Bandits","ascension_level":12}