{"gold_per_floor":[109,109,109,121,137,163,163,196,196,196,196,211,231,245,245,341],"floor_reached":16,"playtime":670,"items_purged":[],"score":194,"play_id":"14ce5c53-89c2-47e4-b966-806d1a56c419","local_time":"20190413154320","is_ascension_mode":true,"campfire_choices":[{"floor":7,"key":"REST"},{"data":"Armaments","floor":11,"key":"SMITH"},{"data":"True Grit","floor":15,"key":"SMITH"}],"neow_cost":"NONE","seed_source_timestamp":354762778395766,"circlet_count":0,"master_deck":["Strike_R","Strike_R","Strike_R","Strike_R","Defend_R","Defend_R","Defend_R","Bash","Armaments+1","Corruption","Shrug It Off","Parasite","True Grit+1","Reckless Charge"],"relics":["Runic Pyramid","Kunai","Paper Frog","Question Card"],"potions_floor_usage":[],"damage_taken":[{"damage":1,"enemies":"Cultist","floor":1,"turns":3},{"damage":7,"enemies":"Small Slimes","floor":4,"turns":3},{"damage":0,"enemies":"Jaw Worm","floor":5,"turns":3},{"damage":32,"enemies":"Gremlin Nob","floor":6,"turns":5},{"damage":30,"enemies":"Lagavulin","floor":8,"turns":8},{"damage":7,"enemies":"Large Slime","floor":12,"turns":7},{"damage":2,"enemies":"Gremlin Gang","floor":13,"turns":8},{"damage":1,"enemies":"2 Fungi Beasts","floor":14,"turns":4},{"damage":27,"enemies":"The Guardian","floor":16,"turns":14}],"seed_played":"-220981014193390899","potions_obtained":[{"floor":5,"key":"SpeedPotion"},{"floor":12,"key":"EntropicBrew"},{"floor":16,"key":"Ancient Potion"}],"is_trial":false,"path_per_floor":["M","?","?","M","M","E","R","E","T","?","R","M","M","M","R","B"],"character_chosen":"IRONCLAD","items_purchased":[],"campfire_rested":1,"item_purchase_floors":[],"current_hp_per_floor":[79,72,72,65,65,33,57,27,27,47,47,40,38,37,37,10],"gold":341,"neow_bonus":"BOSS_RELIC","is_prod":false,"is_daily":false,"chose_seed":false,"campfire_upgraded":2,"win_rate":0,"timestamp":1555195400,"path_taken":["M","?","?","M","M","E","R","E","T","?","R","M","M","M","R","BOSS"],"build_version":"2019-01-23","purchased_purges":0,"victory":false,"max_hp_per_floor":[80,80,80,80,80,80,80,80,80,80,80,80,80,80,80,80],"card_choices":[{"not_picked":["Bloodletting","Sword Boomerang"],"picked":"Armaments","floor":1},{"not_picked":["Thunderclap","Spot Weakness"],"picked":"Corruption","floor":4},{"not_picked":["Flex","Entrench"],"picked":"Shrug It Off","floor":5},{"not_picked":["Sword Boomerang","Anger","Heavy Blade"],"picked":"SKIP","floor":6},{"not_picked":["Brutality","Rage","Twin Strike"],"picked":"SKIP","floor":8},{"not_picked":["Cleave","Twin Strike","Blood for Blood","Carnage"],"picked":"SKIP","floor":12},{"not_picked":["Wild Strike","Entrench","Body Slam"],"picked":"True Grit","floor":13},{"not_picked":["Pommel Strike","Clash","Heavy Blade"],"picked":"Reckless Charge","floor":14}],"player_experience":1278922,"relics_obtained":[{"floor":6,"key":"Kunai"},{"floor":8,"key":"Paper Frog"},{"floor":9,"key":"Question Card"}],"event_choices":[{"cards_removed":["Defend_R"],"damage_healed":0,"gold_gain":0,"player_choice":"Card Removal","damage_taken":7,"max_hp_gain":0,"max_hp_loss":0,"event_name":"Golden Wing","floor":2,"gold_loss":0},{"cards_removed":["Strike_R"],"damage_healed":0,"gold_gain":0,"player_choice":"Forget","damage_taken":0,"max_hp_gain":0,"max_hp_loss":0,"event_name":"Living Wall","floor":3,"gold_loss":0},{"damage_healed":20,"gold_gain":0,"player_choice":"Healed and dodged fight","damage_taken":0,"max_hp_gain":0,"max_hp_loss":0,"event_name":"Mushrooms","floor":10,"gold_loss":0,"cards_obtained":["Parasite"]}],"is_beta":false,"boss_relics":[],"items_purged_floors":[],"is_endless":false,"potions_floor_spawned":[5,12,16],"killed_by":"The Guardian","ascension_level":4}