{"gold_per_floor":[110,110,210,15,38,38,54,54,54,69,69,83,104,118,118,239,239,254,10,10,10,10,10,24,24,48,48,65,80,90,90,90,187,187,204,215,90,105,105,105,137,137,164,264,264,204,218,44,44,44],"floor_reached":51,"playtime":3624,"items_purged":["Strike_R","Strike_R","Strike_R"],"score":642,"play_id":"60ce5635-d35a-4cb4-ba11-6cc0a15fed83","local_time":"20190811103253","is_ascension_mode":false,"campfire_choices":[{"data":"Corruption","floor":6,"key":"SMITH"},{"data":"Havoc","floor":8,"key":"SMITH"},{"data":"Headbutt","floor":11,"key":"SMITH"},{"floor":15,"key":"REST"},{"data":"Armaments","floor":23,"key":"SMITH"},{"data":"Uppercut","floor":25,"key":"SMITH"},{"data":"Clothesline","floor":27,"key":"SMITH"},{"data":"Feel No Pain","floor":32,"key":"SMITH"},{"floor":40,"key":"REST"},{"data":"Seeing Red","floor":42,"key":"SMITH"},{"floor":49,"key":"REST"}],"neow_cost":"NONE","seed_source_timestamp":1633669118700,"circlet_count":0,"master_deck":["Strike_R+1","Defend_R","Defend_R","Defend_R","Defend_R","Bash","Shockwave","Havoc+1","Corruption+1","Clothesline+1","Heavy Blade+1","Disarm","Headbutt+1","Uppercut+1","Evolve","Intimidate","Impervious","Armaments+1","Ghostly Armor","Feel No Pain+1","Seeing Red+1","Intimidate+1","Demon Form","Reckless Charge+1","Sadistic Nature"],"relics":["Burning Blood","Bloody Idol","Paper Frog","Sozu","Lantern","Enchiridion","Pen Nib","Lizard Tail","Ornamental Fan","Whetstone","Bird Faced Urn","Shuriken"],"potions_floor_usage":[13,16,33,50],"damage_taken":[{"damage":16,"enemies":"Cultist","floor":1,"turns":5},{"damage":13,"enemies":"Jaw Worm","floor":5,"turns":4},{"damage":9,"enemies":"2 Louse","floor":7,"turns":3},{"damage":5,"enemies":"Blue Slaver","floor":10,"turns":3},{"damage":12,"enemies":"Looter","floor":12,"turns":4},{"damage":0,"enemies":"3 Louse","floor":13,"turns":3},{"damage":5,"enemies":"Exordium Wildlife","floor":14,"turns":3},{"damage":47,"enemies":"Hexaghost","floor":16,"turns":9},{"damage":6,"enemies":"Chosen","floor":18,"turns":3},{"damage":8,"enemies":"2 Thieves","floor":24,"turns":4},{"damage":4,"enemies":"Chosen and Byrds","floor":28,"turns":5},{"damage":4,"enemies":"Centurion and Healer","floor":29,"turns":6},{"damage":6,"enemies":"Snake Plant","floor":30,"turns":4},{"damage":69,"enemies":"Automaton","floor":33,"turns":10},{"damage":16,"enemies":"3 Shapes","floor":35,"turns":5},{"damage":14,"enemies":"3 Darklings","floor":36,"turns":8},{"damage":38,"enemies":"Sphere and 2 Shapes","floor":38,"turns":5},{"damage":6,"enemies":"Giant Head","floor":41,"turns":10},{"damage":36,"enemies":"Mind Bloom Boss Battle","floor":44,"turns":8},{"damage":25,"enemies":"Jaw Worm Horde","floor":47,"turns":7},{"damage":27,"enemies":"Time Eater","floor":50,"turns":9}],"seed_played":"-2011158539526348091","potions_obtained":[{"floor":5,"key":"EssenceOfSteel"},{"floor":7,"key":"GamblersBrew"},{"floor":13,"key":"Poison Potion"},{"floor":16,"key":"Explosive Potion"}],"is_trial":false,"path_per_floor":["M","?","?","$","M","R","M","R","T","M","R","M","M","M","R","B",null,"M","$","?","?","?","R","M","R","T","R","M","M","M","$","R","B",null,"M","M","$","M","$","R","E","R","T","?","T","?","M","$","R","B",null],"character_chosen":"IRONCLAD","items_purchased":["Corruption","Clothesline","Lantern","Sadistic Nature"],"campfire_rested":3,"item_purchase_floors":[4,4,19,48],"current_hp_per_floor":[70,50,50,50,43,43,40,40,40,41,41,35,41,42,66,25,80,80,80,64,64,64,64,72,72,77,77,80,80,80,80,80,22,80,75,72,72,45,45,69,74,74,79,54,54,54,50,50,74,65],"gold":44,"neow_bonus":"THREE_CARDS","is_prod":false,"is_daily":false,"chose_seed":false,"campfire_upgraded":8,"win_rate":0,"timestamp":1565490773,"path_taken":["M","?","?","$","M","R","M","R","T","M","R","?","M","M","R","BOSS","M","$","?","?","?","R","M","R","T","R","M","M","M","$","R","BOSS","M","M","$","M","$","R","E","R","T","?","?","?","?","$","R","BOSS"],"build_version":"2019-07-17","purchased_purges":3,"victory":true,"max_hp_per_floor":[80,80,80,80,80,80,80,80,80,80,80,80,80,80,80,80,80,80,80,80,80,80,80,80,80,80,80,80,80,80,80,80,80,80,80,80,80,80,80,80,80,80,80,80,80,80,80,80,80,80],"card_choices":[{"not_picked":["Shrug It Off","Sentinel"],"picked":"Shockwave","floor":0},{"not_picked":["Shockwave","Clash"],"picked":"Havoc","floor":1},{"not_picked":["Perfected Strike","Iron Wave"],"picked":"Heavy Blade","floor":5},{"not_picked":["Wild Strike","Thunderclap"],"picked":"Disarm","floor":7},{"not_picked":["Clash","Flex"],"picked":"Headbutt","floor":10},{"not_picked":["Cleave","Heavy Blade"],"picked":"Uppercut","floor":12},{"not_picked":["Bludgeon","Reckless Charge"],"picked":"Evolve","floor":13},{"not_picked":["Shrug It Off","Disarm"],"picked":"Intimidate","floor":14},{"not_picked":["Fiend Fire","Berserk"],"picked":"Impervious","floor":16},{"not_picked":["Headbutt+1","Body Slam"],"picked":"Armaments","floor":18},{"not_picked":["Anger","Thunderclap"],"picked":"Feel No Pain","floor":24},{"not_picked":["Flex","Clothesline","Wild Strike"],"picked":"SKIP","floor":28},{"not_picked":["Feel No Pain","Armaments+1"],"picked":"Seeing Red","floor":29},{"not_picked":["Power Through","Feel No Pain"],"picked":"Intimidate+1","floor":30},{"not_picked":["Feed","Dark Embrace"],"picked":"Demon Form","floor":33},{"not_picked":["Flex+1","Iron Wave","Cleave+1"],"picked":"SKIP","floor":35},{"not_picked":["Fire Breathing","Anger+1","Dual Wield"],"picked":"SKIP","floor":36},{"not_picked":["Cleave","Pommel Strike+1","Reckless Charge"],"picked":"SKIP","floor":38},{"not_picked":["Twin Strike","Rupture+1","Thunderclap+1"],"picked":"SKIP","floor":41},{"not_picked":["Shrug It Off","Dark Embrace"],"picked":"Reckless Charge+1","floor":47}],"player_experience":40721,"relics_obtained":[{"floor":9,"key":"Paper Frog"},{"floor":20,"key":"Enchiridion"},{"floor":26,"key":"Pen Nib"},{"floor":41,"key":"Ornamental Fan"},{"floor":43,"key":"Whetstone"},{"floor":44,"key":"Bird Faced Urn"},{"floor":45,"key":"Shuriken"}],"event_choices":[{"damage_healed":0,"gold_gain":0,"player_choice":"Take Damage","damage_taken":20,"relics_obtained":["Golden Idol"],"max_hp_gain":0,"max_hp_loss":0,"event_name":"Golden Idol","floor":2,"gold_loss":0},{"damage_healed":0,"gold_gain":100,"player_choice":"Pray","damage_taken":0,"max_hp_gain":0,"max_hp_loss":0,"event_name":"Golden Shrine","floor":3,"gold_loss":0},{"damage_healed":0,"gold_gain":0,"player_choice":"Obtained Book","damage_taken":16,"max_hp_gain":0,"max_hp_loss":0,"event_name":"Cursed Tome","floor":20,"gold_loss":0},{"damage_healed":0,"gold_gain":0,"player_choice":"Read","damage_taken":0,"max_hp_gain":0,"max_hp_loss":0,"event_name":"The Library","floor":21,"gold_loss":0,"cards_obtained":["Ghostly Armor"]},{"damage_healed":0,"gold_gain":0,"player_choice":"Gave Idol","damage_taken":0,"relics_obtained":["Bloody Idol"],"max_hp_gain":0,"max_hp_loss":0,"event_name":"Forgotten Altar","floor":22,"relics_lost":["Golden Idol"],"gold_loss":0},{"damage_healed":0,"gold_gain":0,"player_choice":"Fight","damage_taken":0,"max_hp_gain":0,"max_hp_loss":0,"event_name":"MindBloom","floor":44,"gold_loss":0},{"cards_removed":["Strike_R"],"damage_healed":0,"gold_gain":0,"player_choice":"Single Remove","damage_taken":0,"max_hp_gain":0,"max_hp_loss":0,"event_name":"Designer","floor":46,"gold_loss":60}],"is_beta":false,"boss_relics":[{"not_picked":["Runic Dome","Cursed Key"],"picked":"Sozu"},{"not_picked":["Philosopher\u0027s Stone","Mark of Pain"],"picked":"Lizard Tail"}],"items_purged_floors":[4,19,37],"is_endless":false,"potions_floor_spawned":[5,7,13,16,24,33,35,38,47],"ascension_level":0}