{"gold_per_floor":[115,115,115,115,136,136,177,177,177,217,217,61,101,116,116,210,210,223,223,242,37,55,55,55,88,88,111,111,132,132,148,148,238,238,261,285,19,19,33,58,71,71,96,161,161,194,52,71,71,71],"floor_reached":51,"playtime":1963,"items_purged":["Strike_B","Strike_B","Defend_B"],"score":1682,"play_id":"d2e3dcea-452e-4f46-b1a2-f3264fce1941","local_time":"20190407133505","is_ascension_mode":true,"campfire_choices":[{"data":"Streamline","floor":6.0,"key":"SMITH"},{"data":"Zap","floor":8.0,"key":"SMITH"},{"data":"Dualcast","floor":11.0,"key":"SMITH"},{"floor":15.0,"key":"REST"},{"data":"Seek","floor":23,"key":"SMITH"},{"data":"Steam Power","floor":28,"key":"SMITH"},{"data":"Turbo","floor":30,"key":"SMITH"},{"data":"Turbo","floor":32,"key":"SMITH"},{"floor":42,"key":"REST"},{"floor":45,"key":"REST"},{"floor":49,"key":"RECALL"}],"neow_cost":"NONE","seed_source_timestamp":0,"circlet_count":0,"master_deck":["AscendersBane","Strike_B","Defend_B","Zap+1","Dualcast+1","Streamline+1","Compile Driver","All For One","FTL","FTL","Steam","Gash","Seek+1","Steam Power+1","Steam","Beam Cell","Turbo+1","All For One","Beam Cell","Go for the Eyes","Beam Cell","Gash","Turbo+1","FTL","Beam Cell","Gash","Gash","Madness","Madness","Gash","Hologram+1","Steam","Gash","Hologram","Beam Cell","Gash"],"special_seed":0,"relics":["Cracked Core","NeowsBlessing","Golden Idol","Unceasing Top","Sundial","Anchor","Ice Cream","Orrery","Ancient Tea Set","The Courier","Fusion Hammer","Prayer Wheel","Potion Belt","Dead Branch","Thread and Needle"],"potions_floor_usage":[33,33,50,50],"damage_taken":[{"damage":0.0,"enemies":"Jaw Worm","floor":1.0,"turns":1.0},{"damage":0.0,"enemies":"Small Slimes","floor":5.0,"turns":1.0},{"damage":0.0,"enemies":"Lagavulin","floor":7.0,"turns":1.0},{"damage":10.0,"enemies":"Gremlin Nob","floor":10.0,"turns":3.0},{"damage":20.0,"enemies":"Lagavulin","floor":13.0,"turns":3.0},{"damage":0.0,"enemies":"2 Louse","floor":14.0,"turns":2.0},{"damage":0.0,"enemies":"Slime Boss","floor":16.0,"turns":5.0},{"damage":11.0,"enemies":"Spheric Guardian","floor":18.0,"turns":3.0},{"damage":0,"enemies":"3 Byrds","floor":20,"turns":2},{"damage":0,"enemies":"Snake Plant","floor":22,"turns":3},{"damage":0,"enemies":"Book of Stabbing","floor":25,"turns":2},{"damage":0,"enemies":"Snecko","floor":27,"turns":1},{"damage":0,"enemies":"Centurion and Healer","floor":29,"turns":1},{"damage":0,"enemies":"3 Cultists","floor":31,"turns":3},{"damage":8,"enemies":"Automaton","floor":33,"turns":6},{"damage":6,"enemies":"Orb Walker","floor":35,"turns":2},{"damage":0,"enemies":"3 Darklings","floor":36,"turns":2},{"damage":3,"enemies":"4 Shapes","floor":39,"turns":2},{"damage":3,"enemies":"Transient","floor":40,"turns":5},{"damage":0,"enemies":"Sphere and 2 Shapes","floor":41,"turns":1},{"damage":1,"enemies":"2 Orb Walkers","floor":44,"turns":2},{"damage":0,"enemies":"Giant Head","floor":46,"turns":3},{"damage":0,"enemies":"Spire Growth","floor":48,"turns":2},{"damage":0,"enemies":"Donu and Deca","floor":50,"turns":2}],"seed_played":"1723453489564699771","potions_obtained":[{"floor":5.0,"key":"Regen Potion"},{"floor":14.0,"key":"Energy Potion"},{"floor":16.0,"key":"FearPotion"},{"floor":18.0,"key":"Swift Potion"},{"floor":25,"key":"FearPotion"},{"floor":35,"key":"PowerPotion"},{"floor":36,"key":"Energy Potion"},{"floor":46,"key":"SkillPotion"},{"floor":48,"key":"Regen Potion"}],"is_trial":false,"path_per_floor":["M","?","?","?","M","R","E","R","T","E","R","$","E","M","R","B",null,"M","?","M","$","M","R","?","E","T","M","R","M","R","M","R","B",null,"M","M","$","?","M","M","M","R","T","?","R","E","$","M","R","B",null],"character_chosen":"DEFECT","items_purchased":["FTL","Beam Cell","Go for the Eyes","Prayer Wheel","Hologram"],"campfire_rested":3,"item_purchase_floors":[12,21,21,37,47],"current_hp_per_floor":[64,57,57,57,57,57,57,57,57,47,47,47,36,36,55,55,62,51,51,51,51,51,51,51,51,51,51,51,51,51,51,51,43,59,53,53,53,41,38,35,35,54,54,53,64,64,64,64,64,64],"gold":71,"neow_bonus":"THREE_ENEMY_KILL","is_prod":false,"is_daily":false,"chose_seed":false,"campfire_upgraded":7,"win_rate":0,"timestamp":1554669305,"path_taken":["M","?","?","?","M","R","E","R","T","E","R","$","E","M","R","BOSS","M","?","M","?","M","R","?","E","T","?","R","M","R","?","R","BOSS","M","M","$","?","M","M","M","R","T","?","R","E","$","?","R","BOSS"],"build_version":"2019-01-23","purchased_purges":3,"victory":true,"max_hp_per_floor":[71,71,64,64,64,64,64,64,64,64,64,64,64,64,64,64,64,64,64,64,64,64,64,64,64,64,64,64,64,64,64,64,64,64,64,64,64,64,64,64,64,64,64,64,64,64,64,64,64,64],"card_choices":[{"not_picked":["Compile Driver","Ball Lightning"],"picked":"Streamline","floor":1.0},{"not_picked":["Redo","Barrage"],"picked":"Compile Driver","floor":5.0},{"not_picked":["Aggregate","Melter"],"picked":"All For One","floor":7.0},{"not_picked":["Capacitor","Consume"],"picked":"FTL","floor":10.0},{"not_picked":["Conserve Battery","Loop"],"picked":"Steam","floor":13.0},{"not_picked":["Cold Snap","Ball Lightning"],"picked":"Gash","floor":14.0},{"not_picked":["Electrodynamics","Reboot"],"picked":"Seek","floor":16.0},{"not_picked":["Conserve Battery","Barrage"],"picked":"Steam Power","floor":17.0},{"not_picked":["Storm","Blizzard"],"picked":"Steam","floor":17.0},{"not_picked":["Undo","Coolheaded"],"picked":"Beam Cell","floor":17.0},{"not_picked":["Rebound","Gash"],"picked":"Turbo","floor":17.0},{"not_picked":["Sweeping Beam","Chaos","Rainbow"],"picked":"SKIP","floor":18.0},{"not_picked":["Leap","Hello World","Sweeping Beam"],"picked":"SKIP","floor":20},{"not_picked":["Darkness","Cold Snap"],"picked":"Beam Cell","floor":22},{"not_picked":["Self Repair","Barrage"],"picked":"Turbo","floor":25},{"not_picked":["Barrage","Leap"],"picked":"FTL","floor":27},{"not_picked":["Go for the Eyes","Doom and Gloom"],"picked":"Beam Cell","floor":29},{"not_picked":["Compile Driver","Coolheaded","Undo+1"],"picked":"SKIP","floor":31},{"not_picked":["Rebound","Sweeping Beam"],"picked":"Gash","floor":35},{"not_picked":["Coolheaded","Leap"],"picked":"Gash","floor":36},{"not_picked":["Core Surge","Leap"],"picked":"Gash","floor":39},{"not_picked":["Conserve Battery","Turbo","Stack+1"],"picked":"SKIP","floor":39},{"not_picked":["Conserve Battery","Consume","Ball Lightning+1"],"picked":"SKIP","floor":40},{"not_picked":["Leap","White Noise","Tempest+1"],"picked":"SKIP","floor":40},{"not_picked":["Stack","Streamline+1"],"picked":"Hologram+1","floor":41},{"not_picked":["Loop+1","Fusion"],"picked":"Steam","floor":41},{"not_picked":["Darkness+1","Rebound+1"],"picked":"Gash","floor":44},{"not_picked":["Reinforced Body","Hello World+1","Creative AI"],"picked":"SKIP","floor":46},{"not_picked":["Ball Lightning","Redo"],"picked":"Beam Cell","floor":48},{"not_picked":["Go for the Eyes","Double Energy"],"picked":"Gash","floor":48}],"player_experience":1266717,"relics_obtained":[{"floor":7.0,"key":"Unceasing Top"},{"floor":9.0,"key":"Sundial"},{"floor":10.0,"key":"Anchor"},{"floor":13.0,"key":"Ice Cream"},{"floor":25,"key":"Ancient Tea Set"},{"floor":26,"key":"The Courier"},{"floor":43,"key":"Potion Belt"},{"floor":44,"key":"Dead Branch"},{"floor":46,"key":"Thread and Needle"}],"event_choices":[{"cards_removed":["Defend_B"],"damage_healed":0.0,"max_hp_gain":0.0,"max_hp_loss":0.0,"gold_gain":0.0,"event_name":"Golden Wing","player_choice":"Card Removal","floor":2.0,"gold_loss":0.0,"damage_taken":7.0},{"damage_healed":0.0,"max_hp_gain":0.0,"max_hp_loss":7.0,"gold_gain":0.0,"event_name":"Golden Idol","player_choice":"Lose Max HP","floor":3.0,"gold_loss":0.0,"damage_taken":0.0,"relics_obtained":["Golden Idol"]},{"cards_removed":["Defend_B"],"damage_healed":0.0,"max_hp_gain":0.0,"max_hp_loss":0.0,"gold_gain":0.0,"event_name":"Living Wall","player_choice":"Forget","floor":4.0,"gold_loss":0.0,"damage_taken":0.0},{"damage_healed":0,"gold_gain":0,"cards_transformed":["Strike_B"],"player_choice":"Transformed","damage_taken":0,"max_hp_gain":0,"max_hp_loss":0,"event_name":"Transmorgrifier","floor":19,"gold_loss":0,"cards_obtained":["All For One"]},{"damage_healed":0,"gold_gain":0,"player_choice":"Read","damage_taken":0,"max_hp_gain":0,"max_hp_loss":0,"event_name":"The Library","floor":24,"gold_loss":0,"cards_obtained":["Gash"]},{"damage_healed":0,"gold_gain":0,"player_choice":"Embrace Madness","damage_taken":12,"max_hp_gain":0,"max_hp_loss":0,"event_name":"Winding Halls","floor":38,"gold_loss":0,"cards_obtained":["Madness","Madness"]},{"damage_healed":0,"gold_gain":0,"player_choice":"Fight","damage_taken":0,"max_hp_gain":0,"max_hp_loss":0,"event_name":"Mysterious Sphere","floor":44,"gold_loss":0}],"is_beta":false,"boss_relics":[{"not_picked":["Snecko Eye","Tiny House"],"picked":"Orrery"},{"not_picked":["Philosopher\u0027s Stone","Sozu"],"picked":"Fusion Hammer"}],"items_purged_floors":[12,21,47],"is_endless":false,"potions_floor_spawned":[5,14,16,18,25,27,35,36,46,48],"ascension_level":16}