{"gold_per_floor":[117,117,67,79,79,79,79,79,79,27,27,38,53,63,63,164,164,174,273,24,36,48,48,60,86,86,86,86,35,35,45,45,45],"floor_reached":33,"playtime":860,"items_purged":["Defend_R"],"score":255,"play_id":"e0d5bbb9-071b-4632-a50c-f310eba844ac","local_time":"20190501021609","is_ascension_mode":false,"campfire_choices":[{"data":"Pommel Strike","floor":6,"key":"SMITH"},{"data":"Bash","floor":8,"key":"SMITH"},{"data":"Perfected Strike","floor":11,"key":"SMITH"},{"data":"Wild Strike","floor":15,"key":"SMITH"},{"data":"Pommel Strike","floor":23,"key":"SMITH"},{"floor":27,"key":"REST"},{"floor":30,"key":"REST"},{"data":"Perfected Strike","floor":32,"key":"SMITH"}],"neow_cost":"NONE","seed_source_timestamp":14635872434171,"circlet_count":0,"master_deck":["Strike_R","Strike_R","Strike_R","Strike_R","Strike_R","Defend_R+1","Bash+1","Pommel Strike+1","Pommel Strike+1","Perfected Strike+1","Wild Strike+1","Twin Strike","Sever Soul","Brutality","Pommel Strike+1","Wild Strike","Combust+1","Warcry","Perfected Strike+1"],"relics":["Burning Blood","NeowsBlessing","Ancient Tea Set","Centennial Puzzle","Runic Dome","Membership Card","Charon\u0027s Ashes","Mummified Hand"],"potions_floor_usage":[],"damage_taken":[{"damage":0,"enemies":"2 Louse","floor":1,"turns":1},{"damage":0,"enemies":"Small Slimes","floor":4,"turns":1},{"damage":0,"enemies":"Jaw Worm","floor":12,"turns":1},{"damage":13,"enemies":"Red Slaver","floor":13,"turns":2},{"damage":0,"enemies":"Large Slime","floor":14,"turns":3},{"damage":52,"enemies":"Hexaghost","floor":16,"turns":5},{"damage":13,"enemies":"3 Byrds","floor":18,"turns":4},{"damage":20,"enemies":"2 Thieves","floor":21,"turns":2},{"damage":15,"enemies":"Shelled Parasite and Fungi","floor":22,"turns":3},{"damage":25,"enemies":"Centurion and Healer","floor":24,"turns":3},{"damage":28,"enemies":"Gremlin Leader","floor":25,"turns":4},{"damage":1,"enemies":"Snecko","floor":31,"turns":2},{"damage":101,"enemies":"Automaton","floor":33,"turns":6}],"seed_played":"4214405286172774441","potions_obtained":[{"floor":12,"key":"GamblersBrew"},{"floor":14,"key":"Explosive Potion"},{"floor":21,"key":"SkillPotion"},{"floor":25,"key":"Fire Potion"}],"is_trial":false,"path_per_floor":["M","?","?","M","?","R","?","R","T","$","R","M","M","M","R","B",null,"M","?","$","M","M","R","M","E","T","R","?","$","R","M","R","B"],"character_chosen":"IRONCLAD","items_purchased":["Perfected Strike","Membership Card","Pommel Strike","Wild Strike","Perfected Strike"],"campfire_rested":2,"item_purchase_floors":[10,20,20,20,29],"current_hp_per_floor":[80,77,77,80,64,64,64,64,64,64,64,70,63,69,69,23,80,73,73,73,59,50,50,31,9,9,33,33,33,57,62,62,0],"gold":45,"neow_bonus":"THREE_ENEMY_KILL","is_prod":false,"is_daily":false,"chose_seed":false,"campfire_upgraded":6,"win_rate":0,"timestamp":1556702169,"path_taken":["M","?","?","M","?","R","?","R","T","$","R","M","M","M","R","BOSS","M","?","?","M","M","R","?","E","T","R","?","$","R","M","R","BOSS"],"build_version":"2019-01-23","purchased_purges":1,"victory":false,"max_hp_per_floor":[80,80,80,80,80,80,80,80,80,80,80,80,80,80,80,80,80,80,80,80,80,80,80,80,80,80,80,80,80,80,80,80,80],"card_choices":[{"not_picked":["Havoc","Shockwave"],"picked":"Pommel Strike","floor":1},{"not_picked":["Perfected Strike","Twin Strike"],"picked":"Pommel Strike","floor":4},{"not_picked":["Cleave","True Grit"],"picked":"Wild Strike","floor":12},{"not_picked":["Anger","Corruption"],"picked":"Twin Strike","floor":13},{"not_picked":["Flame Barrier","Clothesline"],"picked":"Sever Soul","floor":14},{"not_picked":["Bludgeon","Impervious"],"picked":"Brutality","floor":16},{"not_picked":["Blood for Blood","Shrug It Off","Ghostly Armor"],"picked":"SKIP","floor":18},{"not_picked":["Cleave","Seeing Red+1"],"picked":"Combust+1","floor":21},{"not_picked":["Flame Barrier","Disarm+1","Thunderclap+1"],"picked":"SKIP","floor":22},{"not_picked":["Sword Boomerang","Shrug It Off","Body Slam"],"picked":"SKIP","floor":24},{"not_picked":["Iron Wave+1","Searing Blow"],"picked":"Warcry","floor":25},{"not_picked":["Anger","Sentinel+1","Demon Form"],"picked":"SKIP","floor":31}],"player_experience":1314671,"relics_obtained":[{"floor":9,"key":"Centennial Puzzle"},{"floor":25,"key":"Charon\u0027s Ashes"},{"floor":26,"key":"Mummified Hand"}],"event_choices":[{"damage_healed":0,"gold_gain":0,"player_choice":"Success","damage_taken":3,"relics_obtained":["Ancient Tea Set"],"max_hp_gain":0,"max_hp_loss":0,"event_name":"Scrap Ooze","floor":2,"gold_loss":0},{"cards_removed":["Defend_R"],"damage_healed":0,"gold_gain":0,"player_choice":"Card Removal","damage_taken":0,"max_hp_gain":0,"max_hp_loss":0,"event_name":"The Cleric","floor":3,"gold_loss":50},{"damage_healed":0,"gold_gain":0,"player_choice":"Entered Light","damage_taken":16,"max_hp_gain":0,"max_hp_loss":0,"event_name":"Shining Light","floor":5,"gold_loss":0,"cards_upgraded":["Pommel Strike","Defend_R"]},{"cards_removed":["Defend_R"],"damage_healed":0,"gold_gain":0,"player_choice":"Forget","damage_taken":0,"max_hp_gain":0,"max_hp_loss":0,"event_name":"Living Wall","floor":7,"gold_loss":0},{"damage_healed":0,"gold_gain":99,"player_choice":"Stole From Cult","damage_taken":0,"max_hp_gain":0,"max_hp_loss":0,"event_name":"Nest","floor":19,"gold_loss":0},{"damage_healed":0,"gold_gain":0,"player_choice":"Ignored","damage_taken":0,"max_hp_gain":0,"max_hp_loss":0,"event_name":"Ghosts","floor":28,"gold_loss":0}],"is_beta":false,"boss_relics":[{"not_picked":["Pandora\u0027s Box","Black Star"],"picked":"Runic Dome"}],"items_purged_floors":[29],"is_endless":false,"potions_floor_spawned":[12,14,21,25,31],"killed_by":"Automaton","ascension_level":0}