{"gold_per_floor":[115,129,129,12,0,25,25,25,49,49,80,96,96,115,115,194,194,154,154,154,173,41,41,56,56,83,100,100,13,39,59,59,136,136,156,175,100,100,100,100,100,113,138,38,91,91,119,130,130,130],"floor_reached":51,"playtime":3061,"items_purged":["Strike_B","Defend_B"],"score":1229,"play_id":"8ca9ad67-5fa4-4908-b1b8-caee72bc3ec5","local_time":"20190425220426","is_ascension_mode":true,"campfire_choices":[{"data":"Capacitor","floor":7,"key":"SMITH"},{"data":"Barrage","floor":10,"key":"SMITH"},{"floor":13,"key":"REST"},{"floor":15,"key":"REST"},{"data":"Seek","floor":23,"key":"SMITH"},{"data":"Consume","floor":25,"key":"SMITH"},{"data":"Coolheaded","floor":28,"key":"SMITH"},{"data":"Coolheaded","floor":32,"key":"SMITH"},{"floor":40,"key":"REST"},{"data":"Chill","floor":46,"key":"SMITH"},{"data":"Chill","floor":49,"key":"SMITH"}],"neow_cost":"NONE","seed_source_timestamp":1119506046488904,"circlet_count":0,"master_deck":["AscendersBane","Defend_B","Zap","Dualcast","Consume+1","Cold Snap","Capacitor+1","Cold Snap","Barrage+1","Chill+1","Coolheaded+1","Coolheaded+1","Machine Learning+1","Seek+1","Leap","Defragment+1","Melter","Barrage+1","Capacitor+1","Self Repair+1","Loop+1","Conserve Battery+1","Chill+1"],"relics":["Velvet Choker","Pear","Regal Pillow","Frozen Egg 2","Empty Cage","Bag of Preparation","Centennial Puzzle","Lizard Tail","Nunchaku","Dream Catcher","Art of War","Letter Opener"],"potions_floor_usage":[14,18,21,33],"damage_taken":[{"damage":2,"enemies":"Jaw Worm","floor":1,"turns":3},{"damage":18,"enemies":"Small Slimes","floor":2,"turns":3},{"damage":19,"enemies":"3 Sentries","floor":6,"turns":7},{"damage":20,"enemies":"Gremlin Nob","floor":11,"turns":6},{"damage":9,"enemies":"2 Louse","floor":12,"turns":3},{"damage":6,"enemies":"Exordium Thugs","floor":14,"turns":4},{"damage":12,"enemies":"Slime Boss","floor":16,"turns":11},{"damage":20,"enemies":"2 Thieves","floor":18,"turns":5},{"damage":12,"enemies":"Shell Parasite","floor":21,"turns":7},{"damage":1,"enemies":"Centurion and Healer","floor":24,"turns":8},{"damage":0,"enemies":"Chosen and Byrds","floor":27,"turns":9},{"damage":6,"enemies":"Book of Stabbing","floor":30,"turns":5},{"damage":10,"enemies":"Shelled Parasite and Fungi","floor":31,"turns":5},{"damage":14,"enemies":"Champ","floor":33,"turns":13},{"damage":24,"enemies":"3 Shapes","floor":35,"turns":6},{"damage":24,"enemies":"Orb Walker","floor":36,"turns":4},{"damage":10,"enemies":"Jaw Worm Horde","floor":42,"turns":6},{"damage":40,"enemies":"Reptomancer","floor":47,"turns":8},{"damage":0,"enemies":"Spire Growth","floor":48,"turns":6},{"damage":24,"enemies":"Time Eater","floor":50,"turns":13}],"seed_played":"-9009421421511519870","potions_obtained":[{"floor":1,"key":"Ancient Potion"},{"floor":11,"key":"AttackPotion"},{"floor":16,"key":"SkillPotion"},{"floor":18,"key":"SkillPotion"},{"floor":21,"key":"LiquidBronze"},{"floor":31,"key":"FocusPotion"},{"floor":36,"key":"Energy Potion"}],"is_trial":false,"path_per_floor":["M","M","?","$","?","E","R","$","T","R","E","M","R","M","R","B",null,"M","?","?","M","$","R","M","R","T","M","R","$","E","M","R","B",null,"M","M","$","?","T","R","?","M","T","$","T","R","E","M","R","B",null],"character_chosen":"DEFECT","items_purchased":["Capacitor","Cold Snap","Defragment+1","Melter","Capacitor+1"],"campfire_rested":3,"item_purchase_floors":[4,4,22,22,29],"current_hp_per_floor":[62,44,49,49,49,40,40,40,40,40,20,11,51,45,85,73,83,63,63,63,51,51,51,50,50,50,50,50,50,44,44,44,40,75,61,47,47,47,47,86,86,86,86,86,86,86,56,66,66,52],"gold":130,"neow_bonus":"BOSS_RELIC","is_prod":false,"is_daily":false,"chose_seed":false,"campfire_upgraded":8,"win_rate":0,"timestamp":1556255066,"path_taken":["M","M","?","$","?","E","R","$","T","R","E","M","R","M","R","BOSS","M","?","?","M","$","R","M","R","T","M","R","$","E","M","R","BOSS","M","M","$","?","?","R","?","?","T","$","?","R","E","M","R","BOSS"],"build_version":"2019-01-23","purchased_purges":2,"victory":true,"max_hp_per_floor":[71,71,76,76,76,86,86,86,86,86,86,86,86,86,86,86,86,86,86,86,86,86,86,86,86,86,86,86,86,86,86,86,86,86,86,86,86,86,86,86,86,86,86,86,86,86,86,86,86,86],"card_choices":[{"not_picked":["Force Field","Sweeping Beam"],"picked":"Consume","floor":1},{"not_picked":["Undo","Coolheaded"],"picked":"Cold Snap","floor":2},{"not_picked":["Tempest","Conserve Battery"],"picked":"Barrage","floor":6},{"not_picked":["Rebound","Ball Lightning"],"picked":"Chill","floor":11},{"not_picked":["Heatsinks+1","Reprogram"],"picked":"Coolheaded","floor":12},{"not_picked":["Compile Driver","Electrodynamics+1"],"picked":"Coolheaded","floor":14},{"not_picked":["Fission","Reboot"],"picked":"Machine Learning+1","floor":16},{"not_picked":["Turbo","Gash","Double Energy"],"picked":"SKIP","floor":18},{"not_picked":["Beam Cell","Reinforced Body+1","Consume"],"picked":"SKIP","floor":21},{"not_picked":["BootSequence","Cold Snap"],"picked":"Barrage+1","floor":24},{"not_picked":["BootSequence","Steam","Redo"],"picked":"SKIP","floor":27},{"not_picked":["Steam","Go for the Eyes+1"],"picked":"Self Repair+1","floor":30},{"not_picked":["Cold Snap","Steam"],"picked":"Loop+1","floor":31},{"not_picked":["Melter","Stack"],"picked":"Conserve Battery+1","floor":35},{"not_picked":["Stack","Rip and Tear"],"picked":"Force Field","floor":36},{"not_picked":["Beam Cell+1","Redo","Conserve Battery"],"picked":"SKIP","floor":42},{"not_picked":["Reinforced Body","Self Repair+1"],"picked":"Chill","floor":47},{"not_picked":["Hello World+1","Leap","Conserve Battery"],"picked":"SKIP","floor":48}],"player_experience":1303601,"relics_obtained":[{"floor":6,"key":"Pear"},{"floor":9,"key":"Regal Pillow"},{"floor":11,"key":"Frozen Egg 2"},{"floor":26,"key":"Bag of Preparation"},{"floor":30,"key":"Centennial Puzzle"},{"floor":39,"key":"Nunchaku"},{"floor":43,"key":"Dream Catcher"},{"floor":45,"key":"Art of War"},{"floor":47,"key":"Letter Opener"}],"event_choices":[{"damage_healed":0,"gold_gain":0,"player_choice":"Donut","damage_taken":0,"max_hp_gain":5,"max_hp_loss":0,"event_name":"Big Fish","floor":3,"gold_loss":0},{"damage_healed":0,"gold_gain":0,"player_choice":"Left Gold","damage_taken":0,"max_hp_gain":0,"max_hp_loss":0,"event_name":"World of Goop","floor":5,"gold_loss":12},{"damage_healed":0,"gold_gain":0,"cards_transformed":["Strike_B","Defend_B"],"player_choice":"Became Test Subject","damage_taken":0,"max_hp_gain":0,"max_hp_loss":0,"event_name":"Drug Dealer","floor":19,"gold_loss":0,"cards_obtained":["Seek","Leap"]},{"damage_healed":0,"gold_gain":0,"player_choice":"Ignored","damage_taken":0,"max_hp_gain":0,"max_hp_loss":0,"event_name":"Ghosts","floor":20,"gold_loss":0},{"cards_removed":["Force Field"],"damage_healed":0,"gold_gain":0,"player_choice":"Removed Skill","damage_taken":0,"max_hp_gain":0,"max_hp_loss":0,"event_name":"Falling","floor":38,"gold_loss":0},{"cards_removed":["Strike_B"],"damage_healed":0,"gold_gain":0,"player_choice":"Card Removal","damage_taken":0,"max_hp_gain":0,"max_hp_loss":0,"event_name":"Wheel of Change","floor":41,"gold_loss":0}],"is_beta":false,"boss_relics":[{"not_picked":["Tiny House","Cursed Key"],"picked":"Empty Cage"},{"not_picked":["Astrolabe","Coffee Dripper"],"picked":"Lizard Tail"}],"items_purged_floors":[37,44],"is_endless":false,"potions_floor_spawned":[1,11,12,16,18,21,24,31,36],"ascension_level":17}