{"gold_per_floor":[109,109,8,22,41,41,52,52,106,106,116,132,132,142,142,142],"floor_reached":16,"playtime":214,"items_purged":["Defend_R"],"score":94,"play_id":"9e116cd9-89e9-474b-b395-4b5b83d577f3","local_time":"20190707124235","is_ascension_mode":false,"campfire_choices":[{"data":"Whirlwind","floor":6,"key":"SMITH"},{"floor":15,"key":"REST"}],"neow_cost":"NONE","seed_source_timestamp":1061557852414199,"circlet_count":0,"master_deck":["Strike_R","Strike_R","Strike_R","Strike_R","Strike_R","Defend_R","Defend_R","Defend_R","Bash","Whirlwind+1","Flex+1","Heavy Blade","Reckless Charge","Seeing Red","Pommel Strike","Regret","Twin Strike"],"relics":["Burning Blood","NeowsBlessing","Tiny Chest","Happy Flower"],"potions_floor_usage":[],"damage_taken":[{"damage":0,"enemies":"Small Slimes","floor":1,"turns":2},{"damage":0,"enemies":"Cultist","floor":4,"turns":1},{"damage":0,"enemies":"2 Louse","floor":5,"turns":1},{"damage":0,"enemies":"Exordium Wildlife","floor":7,"turns":2},{"damage":1,"enemies":"Large Slime","floor":11,"turns":4},{"damage":12,"enemies":"Blue Slaver","floor":12,"turns":2},{"damage":12,"enemies":"Exordium Thugs","floor":14,"turns":3},{"damage":0,"enemies":"The Guardian","floor":16,"turns":1}],"seed_played":"3897380710480253099","potions_obtained":[{"floor":5,"key":"Poison Potion"},{"floor":11,"key":"SkillPotion"},{"floor":14,"key":"Fire Potion"}],"is_trial":false,"path_per_floor":["M","?","$","M","M","R","M","$","T","?","M","M","?","M","R","B"],"character_chosen":"IRONCLAD","items_purchased":["Flex"],"campfire_rested":1,"item_purchase_floors":[3],"current_hp_per_floor":[80,80,80,80,80,80,80,80,80,80,80,74,74,68,80,80],"gold":142,"neow_bonus":"THREE_ENEMY_KILL","is_prod":false,"is_daily":false,"chose_seed":false,"campfire_upgraded":1,"win_rate":0,"timestamp":1562528555,"path_taken":["M","?","$","?","?","R","M","$","T","?","?","M","?","M","R","BOSS"],"build_version":"2019-07-05","purchased_purges":1,"victory":false,"max_hp_per_floor":[80,80,80,80,80,80,80,80,80,80,80,80,80,80,80,80],"card_choices":[{"not_picked":["Heavy Blade","Sentinel"],"picked":"Whirlwind","floor":1},{"not_picked":["Searing Blow","Iron Wave"],"picked":"Heavy Blade","floor":4},{"not_picked":["Uppercut","Rage"],"picked":"Reckless Charge","floor":5},{"not_picked":["Iron Wave","Clothesline"],"picked":"Seeing Red","floor":7},{"not_picked":["Burning Pact","Clothesline"],"picked":"Pommel Strike","floor":11},{"not_picked":["Metallicize","Body Slam","Burning Pact"],"picked":"SKIP","floor":12},{"not_picked":["Heavy Blade","Pommel Strike"],"picked":"Twin Strike","floor":14}],"player_experience":1428366,"relics_obtained":[{"floor":9,"key":"Tiny Chest"}],"event_choices":[{"damage_healed":0,"gold_gain":0,"player_choice":"Bought 0 Potions","damage_taken":0,"max_hp_gain":0,"max_hp_loss":0,"event_name":"The Woman in Blue","floor":2,"gold_loss":0},{"damage_healed":0,"gold_gain":0,"player_choice":"Upgraded","damage_taken":0,"max_hp_gain":0,"max_hp_loss":0,"event_name":"Upgrade Shrine","floor":10,"gold_loss":0,"cards_upgraded":["Flex"]},{"damage_healed":0,"gold_gain":0,"player_choice":"Box","damage_taken":0,"relics_obtained":["Happy Flower"],"max_hp_gain":0,"max_hp_loss":0,"event_name":"Big Fish","floor":13,"gold_loss":0,"cards_obtained":["Regret"]}],"is_beta":false,"boss_relics":[],"items_purged_floors":[3],"is_endless":false,"potions_floor_spawned":[5,11,14],"killed_by":"The Guardian","ascension_level":0}