{"gold_per_floor":[115,115,115,130,45,72,72,86,86,86,100,194,3,21,21,122,122,104,104,29,46,46,83,112,150,185,197,124,169,199,238,250,362,374,405,417,529,541,573,619,631,677,764,776,804,816,193,206,206,206,206,206,6,38,38],"floor_reached":55,"playtime":9786,"items_purged":["Strike_G","Writhe"],"score":1370,"play_id":"eba95f1f-d590-4eb6-9ef5-cce156f8621e","local_time":"20190806032757","is_ascension_mode":true,"campfire_choices":[{"data":"Noxious Fumes","floor":7.0,"key":"SMITH"},{"data":"Venomology","floor":10.0,"key":"SMITH"},{"data":"Well Laid Plans","floor":15.0,"key":"SMITH"},{"floor":32.0,"key":"RECALL"},{"floor":49.0,"key":"REST"},{"floor":52.0,"key":"REST"}],"neow_cost":"NONE","seed_source_timestamp":611875045707437,"circlet_count":0,"master_deck":["Defend_G","Defend_G","Defend_G","Defend_G","Defend_G","Survivor","Neutralize","Panacea","Backflip","Cloak And Dagger","Noxious Fumes+1","Backflip","Venomology+1","Cloak And Dagger","Sucker Punch","Well Laid Plans+1","Malaise","Backflip","Heel Hook","Deflect","PiercingWail+1","Backflip+1","Acrobatics+1","Blade Dance+1","Leg Sweep+1","A Thousand Cuts","Flying Knee+1","Sadistic Nature","PiercingWail","Crippling Poison+1","Sucker Punch+1","Noxious Fumes","After Image","Cloak And Dagger","Deflect+1","PiercingWail+1"],"special_seed":0,"relics":["Ring of the Serpent","Pear","Ginger","Tiny Chest","Fusion Hammer","MawBank","WingedGreaves","The Specimen","Blood Vial","Dodecahedron","Regal Pillow","Bottled Lightning","Matryoshka","Ice Cream","Pantograph","FossilizedHelix","Smiling Mask","Meat on the Bone","Vajra","Nunchaku","TwistedFunnel","Art of War"],"potions_floor_usage":[55,55,55],"damage_taken":[{"damage":0.0,"enemies":"Cultist","floor":1.0,"turns":4.0},{"damage":0.0,"enemies":"2 Louse","floor":4.0,"turns":3.0},{"damage":12.0,"enemies":"Lagavulin","floor":6.0,"turns":10.0},{"damage":0.0,"enemies":"Jaw Worm","floor":8.0,"turns":5.0},{"damage":10.0,"enemies":"Exordium Thugs","floor":11.0,"turns":5.0},{"damage":14.0,"enemies":"Gremlin Nob","floor":12.0,"turns":4.0},{"damage":12.0,"enemies":"Large Slime","floor":14.0,"turns":6.0},{"damage":9.0,"enemies":"Hexaghost","floor":16.0,"turns":11.0},{"damage":1.0,"enemies":"2 Thieves","floor":18.0,"turns":4.0},{"damage":0.0,"enemies":"3 Byrds","floor":21.0,"turns":5.0},{"damage":0.0,"enemies":"Book of Stabbing","floor":23.0,"turns":8.0},{"damage":0.0,"enemies":"Snake Plant","floor":24.0,"turns":6.0},{"damage":0.0,"enemies":"Gremlin Leader","floor":25.0,"turns":7.0},{"damage":33.0,"enemies":"Slavers","floor":29.0,"turns":5.0},{"damage":0.0,"enemies":"Centurion and Healer","floor":30.0,"turns":9.0},{"damage":0.0,"enemies":"Gremlin Leader","floor":31.0,"turns":6.0},{"damage":27.0,"enemies":"Automaton","floor":33.0,"turns":12.0},{"damage":0.0,"enemies":"Orb Walker","floor":35.0,"turns":6.0},{"damage":4.0,"enemies":"Mind Bloom Boss Battle","floor":37.0,"turns":11.0},{"damage":0.0,"enemies":"3 Shapes","floor":39.0,"turns":6.0},{"damage":20.0,"enemies":"Giant Head","floor":40.0,"turns":8.0},{"damage":2.0,"enemies":"Reptomancer","floor":42.0,"turns":7.0},{"damage":0.0,"enemies":"Jaw Worm Horde","floor":45.0,"turns":5.0},{"damage":0.0,"enemies":"Writhing Mass","floor":48.0,"turns":9.0},{"damage":0.0,"enemies":"Donu and Deca","floor":50.0,"turns":10.0},{"damage":69.0,"enemies":"Shield and Spear","floor":54.0,"turns":8.0},{"damage":58,"enemies":"The Heart","floor":55,"turns":14}],"seed_played":"-599430890517804100","potions_obtained":[{"floor":4.0,"key":"Strength Potion"},{"floor":8.0,"key":"Block Potion"},{"floor":11.0,"key":"Explosive Potion"},{"floor":16.0,"key":"Block Potion"},{"floor":21.0,"key":"SkillPotion"},{"floor":25.0,"key":"Regen Potion"},{"floor":29.0,"key":"Fire Potion"},{"floor":33.0,"key":"SteroidPotion"},{"floor":37.0,"key":"SkillPotion"},{"floor":45.0,"key":"Poison Potion"},{"floor":48.0,"key":"EssenceOfSteel"}],"is_trial":false,"path_per_floor":["M","?","?","M","$","E","R","M","T","R","M","?","$","M","R","B",null,"M","?","?","M","T","E","M","E","T","T","?","E","M","E","R","B",null,"M","?","?","?","M","E","?","E","T","?","M","?","$","M","R","B",null,"R","$","E","B"],"character_chosen":"THE_SILENT","items_purchased":["Noxious Fumes","Backflip","Well Laid Plans","Poisoned Stab","After Image","Vajra","Nunchaku","Cloak And Dagger","TwistedFunnel"],"campfire_rested":2,"item_purchase_floors":[5,5,13,13,47,47,47,47,53],"current_hp_per_floor":[63,70,63,63,63,51,51,51,51,51,41,27,27,15,15,6,62,73,73,73,73,73,73,73,73,73,73,73,57,59,61,61,36,69,71,71,69,69,71,53,53,53,53,53,55,75,75,77,80,80,80,80,80,23,0],"gold":38,"neow_bonus":"RANDOM_COLORLESS","is_prod":false,"is_daily":false,"chose_seed":false,"campfire_upgraded":3,"win_rate":0,"timestamp":1565076477,"path_taken":["M","?","?","?","?","E","R","M","T","R","M","?","$","M","R","BOSS","M","?","?","M","?","E","?","E","T","?","?","E","M","E","R","BOSS","M","?","?","?","?","E","?","E","T","?","?","?","$","M","R","BOSS","R","$","E","BOSS"],"build_version":"2019-07-17","purchased_purges":2,"victory":false,"max_hp_per_floor":[70,80,80,80,80,80,80,80,80,80,80,80,80,80,80,80,80,80,80,80,80,80,80,80,80,80,80,80,80,80,80,80,80,80,80,80,80,80,80,80,80,80,80,80,80,80,80,80,80,80,80,80,80,80,80],"card_choices":[{"not_picked":["Acrobatics","Dagger Throw"],"picked":"Backflip","floor":1.0},{"not_picked":["Distraction","Quick Slash"],"picked":"Cloak And Dagger","floor":4.0},{"not_picked":["Backflip","Predator"],"picked":"Venomology","floor":6.0},{"not_picked":["Dodge and Roll","Distraction","Concentrate"],"picked":"SKIP","floor":8.0},{"not_picked":["Expertise","Quick Slash"],"picked":"Cloak And Dagger","floor":11.0},{"not_picked":["Backflip","Leg Sweep"],"picked":"Sucker Punch","floor":12.0},{"not_picked":["Acrobatics","Dash","Deadly Poison"],"picked":"SKIP","floor":14.0},{"not_picked":["Die Die Die","Night Terror"],"picked":"Malaise","floor":16.0},{"not_picked":["Prepared","Expertise"],"picked":"Backflip","floor":18.0},{"not_picked":["Infinite Blades","Underhanded Strike"],"picked":"PiercingWail+1","floor":21.0},{"not_picked":["Deflect+1","Masterful Stab"],"picked":"Backflip+1","floor":23.0},{"not_picked":["Flying Knee","Dodge and Roll"],"picked":"Acrobatics+1","floor":24.0},{"not_picked":["Acrobatics","Slice+1"],"picked":"Blade Dance+1","floor":25.0},{"not_picked":["Backflip","Die Die Die"],"picked":"Leg Sweep+1","floor":29.0},{"not_picked":["Flying Knee","Prepared","Deadly Poison"],"picked":"SKIP","floor":30.0},{"not_picked":["Choke","Bouncing Flask","Bane"],"picked":"SKIP","floor":31.0},{"not_picked":["Doppelganger","Venomology"],"picked":"A Thousand Cuts","floor":33.0},{"not_picked":["Blade Dance","Reflex"],"picked":"Flying Knee+1","floor":35.0},{"not_picked":["The Bomb","Blind"],"picked":"Sadistic Nature","floor":38.0},{"not_picked":["Underhanded Strike","Dagger Spray"],"picked":"PiercingWail","floor":39.0},{"not_picked":["Malaise","Endless Agony"],"picked":"Crippling Poison+1","floor":40.0},{"not_picked":["Dash+1","Skewer+1"],"picked":"Sucker Punch+1","floor":42.0},{"not_picked":["Acrobatics","Dagger Spray+1"],"picked":"Noxious Fumes","floor":45.0},{"not_picked":["Dodge and Roll","Skewer"],"picked":"Deflect+1","floor":48.0},{"not_picked":["Flechettes","A Thousand Cuts"],"picked":"PiercingWail+1","floor":54.0}],"player_experience":359040,"relics_obtained":[{"floor":6.0,"key":"Ginger"},{"floor":12.0,"key":"Tiny Chest"},{"floor":22.0,"key":"MawBank"},{"floor":23.0,"key":"WingedGreaves"},{"floor":25.0,"key":"The Specimen"},{"floor":26.0,"key":"Blood Vial"},{"floor":27.0,"key":"Dodecahedron"},{"floor":29.0,"key":"Bottled Lightning"},{"floor":31.0,"key":"Matryoshka"},{"floor":37.0,"key":"Ice Cream"},{"floor":40.0,"key":"Pantograph"},{"floor":42.0,"key":"FossilizedHelix"},{"floor":43.0,"key":"Smiling Mask"},{"floor":43.0,"key":"Meat on the Bone"},{"floor":54.0,"key":"Art of War"}],"event_choices":[{"damage_healed":0.0,"max_hp_gain":0.0,"max_hp_loss":0.0,"gold_gain":0.0,"event_name":"Scrap Ooze","player_choice":"Success","floor":2.0,"gold_loss":0.0,"damage_taken":3.0,"relics_obtained":["Pear"]},{"cards_removed":["Strike_G"],"damage_healed":0.0,"max_hp_gain":0.0,"max_hp_loss":0.0,"gold_gain":0.0,"event_name":"Golden Wing","player_choice":"Card Removal","floor":3.0,"gold_loss":0.0,"damage_taken":7.0},{"damage_healed":0.0,"max_hp_gain":0.0,"max_hp_loss":0.0,"gold_gain":0.0,"event_name":"Dead Adventurer","player_choice":"Searched \u00271\u0027 times","floor":12.0,"gold_loss":0.0,"damage_taken":0.0},{"damage_healed":0.0,"max_hp_gain":0.0,"max_hp_loss":0.0,"gold_gain":0.0,"cards_transformed":["Strike_G","Strike_G"],"event_name":"Drug Dealer","player_choice":"Became Test Subject","floor":19.0,"gold_loss":0.0,"damage_taken":0.0,"cards_obtained":["Heel Hook","Deflect"]},{"cards_removed":["Strike_G"],"damage_healed":0.0,"max_hp_gain":0.0,"max_hp_loss":0.0,"gold_gain":0.0,"event_name":"Beggar","player_choice":"Gave Gold","floor":20.0,"gold_loss":75.0,"damage_taken":0.0},{"damage_healed":0.0,"max_hp_gain":0.0,"max_hp_loss":0.0,"gold_gain":0.0,"event_name":"Addict","player_choice":"Obtained Relic","floor":28.0,"gold_loss":85.0,"damage_taken":0.0,"relics_obtained":["Regal Pillow"]},{"cards_removed":["Poisoned Stab"],"damage_healed":0.0,"max_hp_gain":0.0,"max_hp_loss":0.0,"gold_gain":0.0,"event_name":"Falling","player_choice":"Removed Attack","floor":36.0,"gold_loss":0.0,"damage_taken":0.0},{"damage_healed":0.0,"max_hp_gain":0.0,"max_hp_loss":0.0,"gold_gain":0.0,"event_name":"MindBloom","player_choice":"Fight","floor":37.0,"gold_loss":0.0,"damage_taken":0.0},{"damage_healed":0.0,"max_hp_gain":0.0,"max_hp_loss":0.0,"gold_gain":0.0,"event_name":"SensoryStone","player_choice":"Memory 1","floor":38.0,"gold_loss":0.0,"damage_taken":0.0},{"damage_healed":0.0,"max_hp_gain":0.0,"max_hp_loss":0.0,"gold_gain":0.0,"event_name":"Mysterious Sphere","player_choice":"Ignored","floor":41.0,"gold_loss":0.0,"damage_taken":0.0},{"damage_healed":0.0,"max_hp_gain":0.0,"max_hp_loss":0.0,"gold_gain":0.0,"event_name":"SecretPortal","player_choice":"Ignored","floor":44.0,"gold_loss":0.0,"damage_taken":0.0},{"damage_healed":20.0,"max_hp_gain":0.0,"max_hp_loss":0.0,"gold_gain":0.0,"event_name":"Winding Halls","player_choice":"Writhe","floor":46.0,"gold_loss":0.0,"damage_taken":0.0,"cards_obtained":["Writhe"]}],"is_beta":false,"boss_relics":[{"not_picked":["Philosopher\u0027s Stone","Sozu"],"picked":"Fusion Hammer"},{"not_picked":["Runic Pyramid","Tiny House"],"picked":"Ring of the Serpent"}],"items_purged_floors":[13,47],"is_endless":false,"potions_floor_spawned":[4,8,11,16,21,25,29,33,37,45,48],"killed_by":"The Heart","ascension_level":9}