{"gold_per_floor":[117,42,42,59,9,9,41,53,53,83,83,83,100,132,132,237,237,257,257,277,277,277,312,312,324,324,124,158,158,33,46,46,143,143,155,5,1004,1022,1022,773,773,808,808,834,114,114,161,174,174,174],"floor_reached":51,"playtime":4588,"items_purged":["Strike_R","Defend_R","Strike_R","Shrug It Off+1","Bash","Twin Strike+1"],"score":817,"play_id":"a256351f-7018-4d22-8aab-d72b7903c64f","local_time":"20180727222741","is_ascension_mode":true,"campfire_choices":[{"data":"Hemokinesis","floor":6,"key":"SMITH"},{"floor":12,"key":"DIG"},{"floor":15,"key":"DIG"},{"data":"Heavy Blade","floor":24,"key":"SMITH"},{"floor":29,"key":"DIG"},{"data":"Heavy Blade","floor":32,"key":"SMITH"},{"data":"Pummel","floor":41,"key":"SMITH"},{"floor":46,"key":"DIG"},{"floor":49,"key":"REST"}],"neow_cost":"NONE","seed_source_timestamp":335426873167034,"circlet_count":0,"master_deck":["Hemokinesis+1","Blood for Blood","Blood for Blood","Brutality","Rupture+1","Ghostly+1","Ghostly+1","Ghostly+1","Ghostly+1","Ghostly+1","Heavy Blade+1","Brutality+1","Hemokinesis","Heavy Blade","Inflame+1","Heavy Blade+1","Sword Boomerang","Reaper","Heavy Blade","Normality","Normality","Dual Wield+1","Flex+1","Writhe","Pummel+1","Sword Boomerang+1","Double Tap+1"],"relics":["Burning Blood","Prayer Wheel","Shovel","Blue Candle","Toxic Egg 2","Ornamental Fan","Strawberry","Empty Cage","Frozen Egg 2","Pantograph","Question Card","Blood Vial","Paper Frog","Busted Crown","Bag of Marbles","Matryoshka","Bronze Scales","Lantern","HandDrill","Bottled Lightning","Champion Belt"],"potions_floor_usage":[10,16,28,44,47,50,50,50,50,50,50],"damage_taken":[{"damage":3,"enemies":"Small Slimes","floor":1,"turns":2},{"damage":4,"enemies":"Cultist","floor":4,"turns":3},{"damage":13,"enemies":"3 Sentries","floor":7,"turns":6},{"damage":3,"enemies":"Jaw Worm","floor":8,"turns":2},{"damage":12,"enemies":"Lagavulin","floor":10,"turns":5},{"damage":8,"enemies":"3 Louse","floor":13,"turns":3},{"damage":20,"enemies":"3 Sentries","floor":14,"turns":6},{"damage":18,"enemies":"Hexaghost","floor":16,"turns":6},{"damage":13,"enemies":"2 Thieves","floor":18,"turns":3},{"damage":7,"enemies":"Chosen","floor":20,"turns":5},{"damage":9,"enemies":"Slavers","floor":23,"turns":6},{"damage":11,"enemies":"Snecko","floor":25,"turns":6},{"damage":11,"enemies":"Book of Stabbing","floor":28,"turns":4},{"damage":6,"enemies":"Centurion and Healer","floor":31,"turns":3},{"damage":37,"enemies":"Automaton","floor":33,"turns":7},{"damage":11,"enemies":"Orb Walker","floor":35,"turns":4},{"damage":32,"enemies":"Flame Bruiser 1 Orb","floor":38,"turns":5},{"damage":28,"enemies":"Nemesis","floor":42,"turns":5},{"damage":19,"enemies":"2 Orb Walkers","floor":44,"turns":3},{"damage":29,"floor":47,"turns":4},{"damage":9,"enemies":"Transient","floor":48,"turns":5},{"damage":50,"enemies":"Time Eater","floor":50,"turns":8}],"seed_played":"-5111744734159000531","potions_obtained":[{"floor":1,"key":"SkillPotion"},{"floor":8,"key":"AttackPotion"},{"floor":10,"key":"EntropicBrew"},{"floor":13,"key":"SpeedPotion"},{"floor":14,"key":"AttackPotion"},{"floor":28,"key":"Dexterity Potion"},{"floor":31,"key":"Explosive Potion"},{"floor":44,"key":"AttackPotion"},{"floor":47,"key":"Strength Potion"}],"is_trial":false,"path_per_floor":["M","$","?","M","?","R","E","M","T","E","?","R","M","E","R","B",null,"M","?","M","?","?","E","R","M","T","$","E","R","$","M","R","B",null,"M","$","?","M","?","$","R","E","T","E","$","R","?","M","R","B"],"character_chosen":"IRONCLAD","items_purchased":["Hemokinesis","Heavy Blade","Pummel","Lantern","HandDrill","Double Tap+1"],"campfire_rested":1,"item_purchase_floors":[27,27,40,45,45,45],"current_hp_per_floor":[80,80,80,80,80,80,73,76,76,70,63,63,61,47,54,42,87,80,43,42,42,42,39,39,34,34,34,33,33,33,35,35,12,43,42,42,42,20,31,31,31,27,27,16,16,16,21,31,43,35],"gold":174,"neow_bonus":"TRANSFORM_CARD","is_prod":false,"is_daily":false,"chose_seed":false,"campfire_upgraded":4,"win_rate":0,"timestamp":1532755661,"path_taken":["M","$","?","M","?","R","E","M","T","E","?","R","M","E","R","BOSS","M","?","M","?","?","E","R","?","T","$","E","R","?","M","R","BOSS","M","$","?","M","?","?","R","E","T","E","$","R","?","M","R","BOSS"],"build_version":"2018-07-26","purchased_purges":6,"victory":true,"max_hp_per_floor":[80,80,80,80,80,80,80,80,80,80,80,80,80,80,87,87,87,87,43,43,43,43,43,43,43,43,43,43,43,43,43,43,43,43,43,43,43,43,43,43,43,43,43,43,43,43,43,43,43,43],"card_choices":[{"not_picked":["Heavy Blade","Perfected Strike"],"picked":"Blood for Blood","floor":1},{"not_picked":["Anger","Twin Strike"],"picked":"Blood for Blood","floor":4},{"not_picked":["Warcry","Pommel Strike","True Grit"],"picked":"SKIP","floor":7},{"not_picked":["Warcry","Flex","Rage"],"picked":"SKIP","floor":8},{"not_picked":["Warcry","Evolve","Ghostly Armor"],"picked":"SKIP","floor":8},{"not_picked":["Thunderclap","Barricade","Body Slam"],"picked":"SKIP","floor":10},{"not_picked":["Warcry+1","Iron Wave"],"picked":"Shrug It Off+1","floor":13},{"not_picked":["Cleave","Flex+1","Iron Wave"],"picked":"SKIP","floor":13},{"not_picked":["Metallicize","Heavy Blade","Sword Boomerang"],"picked":"SKIP","floor":14},{"not_picked":["Reaper","Fiend Fire"],"picked":"Brutality","floor":16},{"not_picked":["Carnage","Body Slam"],"picked":"Rupture+1","floor":18},{"not_picked":["Pommel Strike","Cleave+1","Corruption+1"],"picked":"SKIP","floor":18},{"not_picked":["Thunderclap","Headbutt+1","Evolve"],"picked":"SKIP","floor":20},{"not_picked":["Spot Weakness+1","Iron Wave","Ghostly Armor+1"],"picked":"SKIP","floor":20},{"not_picked":["Spot Weakness+1","Wild Strike","Dropkick+1"],"picked":"SKIP","floor":23},{"not_picked":["Evolve+1","Cleave"],"picked":"Brutality+1","floor":25},{"not_picked":["Shrug It Off+1","Headbutt"],"picked":"Twin Strike+1","floor":25},{"not_picked":["Evolve+1","Warcry+1","Havoc+1"],"picked":"Inflame+1","floor":28},{"not_picked":["Armaments+1","Havoc+1","Sword Boomerang"],"picked":"Heavy Blade","floor":31},{"not_picked":["Dark Embrace+1","Iron Wave","Clothesline"],"picked":"Sword Boomerang","floor":31},{"not_picked":["Exhume+1","Fiend Fire","Impervious+1"],"picked":"Reaper","floor":33},{"not_picked":["Twin Strike+1"],"picked":"Heavy Blade","floor":35},{"not_picked":["Body Slam","Wild Strike"],"picked":"SKIP","floor":35},{"not_picked":["Burning Pact+1"],"picked":"Dual Wield+1","floor":38},{"not_picked":["Reckless Charge+1"],"picked":"Flex+1","floor":38},{"not_picked":["Burning Pact+1"],"picked":"Sword Boomerang+1","floor":42},{"not_picked":["Metallicize+1","True Grit+1"],"picked":"SKIP","floor":44},{"not_picked":["Juggernaut+1","Carnage+1"],"picked":"SKIP","floor":48},{"not_picked":["Whirlwind+1","Flame Barrier+1"],"picked":"SKIP","floor":48}],"player_experience":553778,"relics_obtained":[{"floor":7,"key":"Prayer Wheel"},{"floor":9,"key":"Shovel"},{"floor":10,"key":"Blue Candle"},{"floor":12,"key":"Toxic Egg 2"},{"floor":14,"key":"Ornamental Fan"},{"floor":15,"key":"Strawberry"},{"floor":23,"key":"Pantograph"},{"floor":26,"key":"Question Card"},{"floor":28,"key":"Blood Vial"},{"floor":29,"key":"Paper Frog"},{"floor":42,"key":"Bag of Marbles"},{"floor":43,"key":"Matryoshka"},{"floor":44,"key":"Bronze Scales"},{"floor":46,"key":"Bottled Lightning"},{"floor":47,"key":"Champion Belt"}],"event_choices":[{"event_name":"Bonfire Elementals","player_choice":"BASIC","floor":3,"damage_taken":0},{"event_name":"The Cleric","player_choice":"Card Removal","floor":5,"damage_taken":0},{"event_name":"Golden Wing","player_choice":"Card Removal","floor":11,"damage_taken":0},{"event_name":"Ghosts","player_choice":"Became a Ghost","floor":19,"damage_taken":0},{"event_name":"The Mausoleum","player_choice":"Yes","floor":21,"damage_taken":0},{"event_name":"The Library","player_choice":"Read","floor":22,"damage_taken":0},{"event_name":"MindBloom","player_choice":"Gold","floor":37,"damage_taken":0},{"event_name":"Winding Halls","player_choice":"Writhe","floor":39,"damage_taken":0},{"event_name":"Mysterious Sphere","player_choice":"Fight","floor":47,"damage_taken":0}],"is_beta":false,"boss_relics":[{"not_picked":["Runic Dome","Philosopher\u0027s Stone"],"picked":"Empty Cage"},{"not_picked":["Black Blood","Calling Bell"],"picked":"Busted Crown"}],"items_purged_floors":[2,27,30,36,40,45],"is_endless":false,"potions_floor_spawned":[1,8,10,13,14,28,31,44,47],"ascension_level":1}