{"gold_per_floor":[369,384,399,409,80,80,113,113,113,113,127,142,142,16,16,16],"floor_reached":16,"playtime":1639,"items_purged":["Strike_R","Strike_R"],"score":168,"play_id":"c4ee10b7-3c74-419a-a15c-e24ca81afd9b","local_time":"20190702200239","is_ascension_mode":true,"campfire_choices":[{"data":"Whirlwind","floor":6,"key":"SMITH"},{"data":"Corruption","floor":8,"key":"SMITH"},{"data":"Combust","floor":10,"key":"SMITH"},{"data":"Clothesline","floor":13,"key":"SMITH"},{"data":"Bash","floor":15,"key":"SMITH"}],"neow_cost":"TEN_PERCENT_HP_LOSS","seed_source_timestamp":47777922865090,"circlet_count":0,"master_deck":["AscendersBane","Strike_R","Strike_R","Strike_R","Defend_R","Defend_R","Defend_R","Defend_R","Bash+1","Combust+1","Evolve","Clothesline+1","Corruption+1","Whirlwind+1","Disarm","Shrug It Off"],"relics":["Burning Blood","Bag of Preparation","Pocketwatch","Gambling Chip"],"potions_floor_usage":[11,12],"damage_taken":[{"damage":6,"enemies":"Cultist","floor":1,"turns":3},{"damage":11,"enemies":"Jaw Worm","floor":2,"turns":4},{"damage":8,"enemies":"2 Louse","floor":3,"turns":3},{"damage":30,"enemies":"Large Slime","floor":4,"turns":5},{"damage":24,"enemies":"Lagavulin","floor":7,"turns":6},{"damage":0,"enemies":"Blue Slaver","floor":11,"turns":3},{"damage":10,"enemies":"Looter","floor":12,"turns":4},{"damage":46,"enemies":"Hexaghost","floor":16,"turns":11}],"seed_played":"-6962555062341764003","potions_obtained":[{"floor":1,"key":"Explosive Potion"},{"floor":7,"key":"PowerPotion"},{"floor":11,"key":"BloodPotion"},{"floor":12,"key":"GamblersBrew"}],"is_trial":false,"path_per_floor":["M","M","M","M","$","R","E","R","T","R","M","M","R","$","R","B"],"character_chosen":"IRONCLAD","items_purchased":["Corruption","Bag of Preparation","Whirlwind","Shrug It Off"],"campfire_rested":0,"item_purchase_floors":[5,5,5,14],"current_hp_per_floor":[72,67,65,41,41,41,23,23,23,23,29,43,43,43,43,0],"gold":16,"neow_bonus":"TWO_FIFTY_GOLD","is_prod":false,"is_daily":false,"chose_seed":false,"campfire_upgraded":5,"win_rate":0,"timestamp":1562112159,"path_taken":["M","M","M","M","$","R","E","R","T","R","M","?","R","$","R","BOSS"],"build_version":"2019-07-01","purchased_purges":2,"victory":false,"max_hp_per_floor":[72,72,72,72,72,72,72,72,72,72,72,72,72,72,72,72],"card_choices":[{"not_picked":["Rage","Pummel","Wild Strike"],"picked":"SKIP","floor":1},{"not_picked":["Clothesline","Clash"],"picked":"Combust","floor":2},{"not_picked":["Headbutt","Warcry"],"picked":"Evolve","floor":3},{"not_picked":["Entrench","Armaments"],"picked":"Clothesline","floor":4},{"not_picked":["Armaments","Pummel"],"picked":"Disarm","floor":7},{"not_picked":["Brutality","Twin Strike","Sword Boomerang"],"picked":"SKIP","floor":11},{"not_picked":["Warcry","Twin Strike","Clash"],"picked":"SKIP","floor":12}],"player_experience":170529,"relics_obtained":[{"floor":7,"key":"Pocketwatch"},{"floor":9,"key":"Gambling Chip"}],"event_choices":[],"is_beta":false,"boss_relics":[],"items_purged_floors":[5,14],"is_endless":false,"potions_floor_spawned":[1,7,11,12],"killed_by":"Hexaghost","ascension_level":13}