{"gold_per_floor":[118,118,118,138,158,158,175,175,226,226,151,182,182,198,198,293,293,312,329,346,359,108,108,137,137,164,164,164,164,164,178,178,273,273,287,130,130,230,245,245,262,262,342,342,342,33,46,73,73,73],"floor_reached":51,"playtime":5442,"items_purged":["Strike_R","Strike_R"],"score":1072,"play_id":"d9b120a7-4130-4786-aaee-a1901180a013","local_time":"20190701221057","is_ascension_mode":true,"campfire_choices":[{"data":"Bludgeon","floor":6.0,"key":"SMITH"},{"data":"Armaments","floor":8.0,"key":"SMITH"},{"data":"Metallicize","floor":10.0,"key":"SMITH"},{"data":"Feel No Pain","floor":13.0,"key":"SMITH"},{"data":"Pommel Strike","floor":15.0,"key":"SMITH"},{"data":"Corruption","floor":23.0,"key":"SMITH"},{"data":"Double Tap","floor":25.0,"key":"SMITH"},{"data":"Berserk","floor":27.0,"key":"SMITH"},{"data":"Battle Trance","floor":30.0,"key":"SMITH"},{"data":"Bash","floor":32.0,"key":"SMITH"},{"data":"Spot Weakness","floor":40.0,"key":"SMITH"},{"data":"Whirlwind","floor":42.0,"key":"SMITH"},{"data":"Reaper","floor":44.0,"key":"SMITH"},{"floor":49.0,"key":"REST"}],"neow_cost":"NONE","seed_source_timestamp":0,"circlet_count":0,"master_deck":["AscendersBane","Defend_R","Defend_R","Defend_R","Defend_R","Bash+1","Metallicize+1","Shrug It Off","Pommel Strike+1","Bludgeon+1","Armaments+1","Feel No Pain+1","Shrug It Off","Berserk+1","Corruption+1","Infernal Blade+1","Double Tap+1","Battle Trance+1","Bite","Bite","Bite","Bite","Bite","Shrug It Off","Reaper+1","Thunderclap+1","Spot Weakness+1","Whirlwind+1","Dark Shackles","Discovery","Metamorphosis","Shrug It Off","Pommel Strike+1","Feed","Feed"],"special_seed":0,"relics":["Burning Blood","Bronze Scales","Anchor","Velvet Choker","PreservedInsect","Centennial Puzzle","Orichalcum","Runic Cube","Ginger","Sundial","Strawberry","Omamori"],"potions_floor_usage":[50],"damage_taken":[{"damage":0.0,"enemies":"2 Louse","floor":1.0,"turns":2.0},{"damage":0.0,"enemies":"Small Slimes","floor":4.0,"turns":6.0},{"damage":0.0,"enemies":"Cultist","floor":5.0,"turns":4.0},{"damage":11.0,"enemies":"Looter","floor":7.0,"turns":2.0},{"damage":16.0,"enemies":"Lagavulin","floor":12.0,"turns":6.0},{"damage":0.0,"enemies":"Exordium Wildlife","floor":14.0,"turns":2.0},{"damage":20.0,"enemies":"Slime Boss","floor":16.0,"turns":8.0},{"damage":0.0,"enemies":"2 Thieves","floor":18.0,"turns":4.0},{"damage":2.0,"enemies":"Chosen","floor":19.0,"turns":4.0},{"damage":9.0,"enemies":"3 Cultists","floor":20.0,"turns":6.0},{"damage":2.0,"enemies":"Shelled Parasite and Fungi","floor":21.0,"turns":5.0},{"damage":12.0,"enemies":"Book of Stabbing","floor":24.0,"turns":4.0},{"damage":1.0,"enemies":"Snake Plant","floor":31.0,"turns":2.0},{"damage":69.0,"enemies":"Collector","floor":33.0,"turns":8.0},{"damage":11.0,"enemies":"3 Shapes","floor":35.0,"turns":5.0},{"damage":7.0,"enemies":"Mind Bloom Boss Battle","floor":38.0,"turns":6.0},{"damage":9.0,"enemies":"Orb Walker","floor":39.0,"turns":4.0},{"damage":45.0,"enemies":"Maw","floor":41.0,"turns":7.0},{"damage":14.0,"enemies":"Sphere and 2 Shapes","floor":47.0,"turns":6.0},{"damage":34.0,"enemies":"Giant Head","floor":48.0,"turns":8.0},{"damage":53,"enemies":"Donu and Deca","floor":50,"turns":9}],"seed_played":"-4717131219442297985","potions_obtained":[{"floor":12.0,"key":"AttackPotion"},{"floor":14.0,"key":"SkillPotion"},{"floor":16.0,"key":"EssenceOfSteel"},{"floor":18.0,"key":"LiquidBronze"},{"floor":21.0,"key":"LiquidBronze"},{"floor":24.0,"key":"EssenceOfSteel"},{"floor":31.0,"key":"EssenceOfSteel"},{"floor":33.0,"key":"BloodPotion"},{"floor":38.0,"key":"Poison Potion"}],"is_trial":false,"path_per_floor":["M","?","?","M","M","R","M","R","T","R","$","E","R","M","R","B",null,"M","M","M","M","$","R","E","R","T","R","?","?","R","M","R","B",null,"M","$","?","?","M","R","M","R","T","R","?","$","M","E","R","B",null],"character_chosen":"IRONCLAD","items_purchased":["PreservedInsect","Spot Weakness","Whirlwind","Strawberry","Feed","BloodPotion"],"campfire_rested":1,"item_purchase_floors":[22,36,36,46,46,46],"current_hp_per_floor":[78,78,78,80,80,80,75,75,75,75,75,65,65,71,71,57,74,80,80,77,80,80,80,74,74,74,74,74,56,56,56,56,16,46,49,49,39,52,52,52,39,39,39,39,39,46,61,51,66,53],"gold":73,"neow_bonus":"TRANSFORM_CARD","is_prod":false,"is_daily":false,"chose_seed":false,"campfire_upgraded":13,"win_rate":0,"timestamp":1562033457,"path_taken":["M","?","?","M","M","R","M","R","T","R","$","E","R","?","R","BOSS","M","M","M","M","$","R","E","R","T","R","?","?","R","M","R","BOSS","M","$","?","?","M","R","M","R","T","R","?","$","M","E","R","BOSS"],"build_version":"2019-07-01","purchased_purges":2,"victory":true,"max_hp_per_floor":[80,80,80,80,80,80,80,80,80,80,80,80,80,80,80,80,80,80,80,80,80,80,80,80,80,80,80,80,56,56,56,56,56,56,56,56,56,56,56,56,56,56,56,56,56,63,66,66,66,69],"card_choices":[{"not_picked":["Iron Wave","Twin Strike"],"picked":"Shrug It Off","floor":1.0},{"not_picked":["Heavy Blade","Warcry"],"picked":"Pommel Strike","floor":4.0},{"not_picked":["Body Slam","Shrug It Off"],"picked":"Bludgeon","floor":5.0},{"not_picked":["Havoc","Rampage"],"picked":"Armaments","floor":7.0},{"not_picked":["Clothesline","Anger"],"picked":"Feel No Pain","floor":12.0},{"not_picked":["Searing Blow","Anger"],"picked":"Shrug It Off","floor":14.0},{"not_picked":["Bludgeon","Barricade"],"picked":"Berserk","floor":16.0},{"not_picked":["Clothesline+1","Anger+1","Sword Boomerang"],"picked":"SKIP","floor":18.0},{"not_picked":["True Grit","Feel No Pain+1"],"picked":"Corruption","floor":19.0},{"not_picked":["Hemokinesis","Burning Pact"],"picked":"Infernal Blade+1","floor":20.0},{"not_picked":["Headbutt","Heavy Blade+1","Entrench"],"picked":"SKIP","floor":21.0},{"not_picked":["Warcry+1","Perfected Strike"],"picked":"Double Tap","floor":24.0},{"not_picked":["Thunderclap","Infernal Blade"],"picked":"Shrug It Off","floor":31.0},{"not_picked":["Berserk","Fiend Fire"],"picked":"Reaper","floor":33.0},{"not_picked":["Blood for Blood","Rage+1"],"picked":"Thunderclap+1","floor":35.0},{"not_picked":["Blind","Dramatic Entrance"],"picked":"Dark Shackles","floor":37.0},{"not_picked":["Forethought","Finesse"],"picked":"Discovery","floor":37.0},{"not_picked":["Finesse","Deep Breath"],"picked":"Metamorphosis","floor":37.0},{"not_picked":["Cleave+1","Anger+1"],"picked":"Shrug It Off","floor":38.0},{"not_picked":["Twin Strike+1","Havoc","Warcry"],"picked":"SKIP","floor":39.0},{"not_picked":["Fire Breathing+1","Clash+1"],"picked":"Pommel Strike+1","floor":41.0},{"not_picked":["Power Through+1","Heavy Blade","Flex"],"picked":"SKIP","floor":47.0},{"not_picked":["Pommel Strike","Twin Strike+1"],"picked":"Feed","floor":48.0}],"player_experience":156612,"relics_obtained":[{"floor":9.0,"key":"Bronze Scales"},{"floor":12.0,"key":"Anchor"},{"floor":24.0,"key":"Centennial Puzzle"},{"floor":26.0,"key":"Orichalcum"},{"floor":38.0,"key":"Ginger"},{"floor":43.0,"key":"Sundial"},{"floor":48.0,"key":"Omamori"}],"event_choices":[{"damage_healed":0.0,"max_hp_gain":0.0,"max_hp_loss":0.0,"gold_gain":0.0,"event_name":"Liars Game","player_choice":"Ignored","floor":2.0,"gold_loss":0.0,"damage_taken":0.0},{"cards_removed":["Strike_R"],"damage_healed":0.0,"max_hp_gain":0.0,"max_hp_loss":0.0,"gold_gain":0.0,"event_name":"Purifier","player_choice":"Purged","floor":3.0,"gold_loss":0.0,"damage_taken":0.0},{"damage_healed":0.0,"max_hp_gain":0.0,"max_hp_loss":0.0,"gold_gain":0.0,"event_name":"The Library","player_choice":"Read","floor":28.0,"gold_loss":0.0,"damage_taken":0.0,"cards_obtained":["Battle Trance"]},{"damage_healed":0.0,"max_hp_gain":0.0,"max_hp_loss":24.0,"gold_gain":0.0,"event_name":"Vampires","player_choice":"Became a vampire","floor":29.0,"gold_loss":0.0,"damage_taken":0.0,"cards_obtained":["Bite","Bite","Bite","Bite","Bite"]},{"damage_healed":0.0,"max_hp_gain":0.0,"max_hp_loss":0.0,"gold_gain":0.0,"event_name":"SensoryStone","player_choice":"Memory 3","floor":37.0,"gold_loss":0.0,"damage_taken":10.0},{"damage_healed":0.0,"max_hp_gain":0.0,"max_hp_loss":0.0,"gold_gain":0.0,"event_name":"MindBloom","player_choice":"Fight","floor":38.0,"gold_loss":0.0,"damage_taken":0.0},{"damage_healed":0.0,"max_hp_gain":0.0,"max_hp_loss":0.0,"gold_gain":0.0,"event_name":"The Woman in Blue","player_choice":"Bought 0 Potions","floor":45.0,"gold_loss":0.0,"damage_taken":0.0}],"is_beta":false,"boss_relics":[{"not_picked":["Orrery","Ectoplasm"],"picked":"Velvet Choker"},{"not_picked":["Sozu","Philosopher\u0027s Stone"],"picked":"Runic Cube"}],"items_purged_floors":[11,22],"is_endless":false,"potions_floor_spawned":[12,14,16,18,21,24,31,33,38,39,48],"ascension_level":11}