{"gold_per_floor":[112,128,6,6,20,20,50,50,50,50,62,92,106,106,106,208,208,227,227,243,254,270,270,70,70,94,107,107,32,32,52,52,148,148,161,172,183,39,39,39,39],"floor_reached":41,"playtime":2236,"items_purged":["Defend_B"],"score":560,"play_id":"7ffbc81e-5e67-4263-bb55-5117c0c5cd6a","local_time":"20180817150649","is_ascension_mode":true,"campfire_choices":[{"data":"Beam Cell","floor":6,"key":"SMITH"},{"data":"Strike_B","floor":8,"key":"PURGE"},{"data":"Defend_B","floor":10,"key":"PURGE"},{"data":"Dualcast","floor":15,"key":"PURGE"},{"data":"Zap","floor":23,"key":"PURGE"},{"data":"Strike_B","floor":25,"key":"PURGE"},{"floor":28,"key":"REST"},{"data":"Strike_B","floor":30,"key":"PURGE"},{"floor":32,"key":"REST"},{"floor":40,"key":"REST"}],"neow_cost":"NONE","seed_source_timestamp":127664305192123,"circlet_count":0,"master_deck":["Gash","Streamline+1","Beam Cell+1","Steam","Streamline","FTL","Go for the Eyes","Machine Learning","Hologram+1","White Noise+1","Panache","White Noise+1","Streamline+1","Streamline","Double Energy+1","Beam Cell+1","Discovery+1","Sadistic Nature","Jack Of All Trades+1"],"relics":["Philosopher\u0027s Stone","Peace Pipe","Toxic Egg 2","Emotion Chip","Runic Dome","Bag of Marbles","Pandora\u0027s Box","Ancient Tea Set"],"potions_floor_usage":[16,16,16,22,33],"damage_taken":[{"damage":9,"enemies":"2 Louse","floor":1,"turns":2},{"damage":0,"enemies":"Cultist","floor":2,"turns":3},{"damage":0,"enemies":"Small Slimes","floor":5,"turns":2},{"damage":23,"enemies":"Lagavulin","floor":7,"turns":4},{"damage":3,"enemies":"Blue Slaver","floor":11,"turns":2},{"damage":0,"enemies":"Gremlin Nob","floor":12,"turns":2},{"damage":0,"enemies":"Looter","floor":13,"turns":2},{"damage":32,"enemies":"The Guardian","floor":16,"turns":7},{"damage":44,"enemies":"3 Byrds","floor":18,"turns":4},{"damage":3,"enemies":"Spheric Guardian","floor":20,"turns":3},{"damage":32,"enemies":"Shelled Parasite and Fungi","floor":21,"turns":4},{"damage":15,"enemies":"3 Cultists","floor":22,"turns":4},{"damage":11,"enemies":"Chosen and Byrds","floor":27,"turns":3},{"damage":26,"enemies":"Snake Plant","floor":31,"turns":3},{"damage":20,"enemies":"Automaton","floor":33,"turns":6},{"damage":4,"enemies":"Orb Walker","floor":35,"turns":2},{"damage":15,"enemies":"3 Shapes","floor":36,"turns":3},{"damage":32,"enemies":"Flame Bruiser 2 Orb","floor":37,"turns":4},{"damage":28,"enemies":"Nemesis","floor":41,"turns":2}],"seed_played":"-5835311077655016306","potions_obtained":[{"floor":2,"key":"FocusPotion"},{"floor":5,"key":"Weak Potion"},{"floor":12,"key":"Dexterity Potion"},{"floor":20,"key":"PowerPotion"},{"floor":31,"key":"FocusPotion"}],"is_trial":false,"path_per_floor":["M","M","$","?","M","R","E","R","T","R","M","E","M","?","R","B",null,"M","?","M","M","M","R","$","R","T","M","R","?","R","M","R","B",null,"M","M","M","$","?","R"],"character_chosen":"DEFECT","items_purchased":["Beam Cell","Panache","Ancient Tea Set"],"campfire_rested":3,"item_purchase_floors":[3,24,38],"current_hp_per_floor":[66,66,66,66,66,66,43,43,43,43,40,40,40,33,33,1,57,13,75,72,40,25,25,25,25,25,14,36,36,36,10,32,12,59,55,47,15,15,5,27,0],"gold":39,"neow_bonus":"BOSS_RELIC","is_prod":false,"is_daily":false,"chose_seed":false,"campfire_upgraded":1,"win_rate":0,"timestamp":1534543609,"path_taken":["M","M","$","?","M","R","E","R","T","R","M","E","M","?","R","BOSS","M","?","M","?","?","R","$","R","T","M","R","?","R","M","R","BOSS","M","M","M","$","?","R","E"],"build_version":"2018-08-16","purchased_purges":1,"victory":false,"max_hp_per_floor":[75,75,75,75,75,75,75,75,75,75,75,75,75,75,75,75,75,75,75,75,75,75,75,75,75,75,75,75,75,75,75,75,75,75,75,75,75,75,75,75,75],"card_choices":[{"not_picked":["Cold Snap","Blizzard"],"picked":"Gash","floor":1},{"not_picked":["Sweeping Beam","Storm"],"picked":"Streamline","floor":2},{"not_picked":["Stack","Capacitor"],"picked":"Steam","floor":5},{"not_picked":["Fusion","Steam"],"picked":"Streamline","floor":7},{"not_picked":["Rebound","Leap+1"],"picked":"FTL","floor":11},{"not_picked":["Biased Cognition","Stack+1"],"picked":"Go for the Eyes","floor":12},{"not_picked":["Conserve Battery+1","Capacitor","Barrage"],"picked":"SKIP","floor":13},{"not_picked":["Core Surge","Thunder Strike"],"picked":"Machine Learning","floor":16},{"not_picked":["Storm","Cold Snap"],"picked":"Hologram+1","floor":18},{"not_picked":["Barrage","Sunder","Chill+1"],"picked":"SKIP","floor":20},{"not_picked":["Rebound","Melter+1"],"picked":"White Noise+1","floor":21},{"not_picked":["Leap+1","Defragment","Buffer"],"picked":"SKIP","floor":22},{"not_picked":["Leap+1","Barrage+1"],"picked":"White Noise+1","floor":27},{"not_picked":["Sweeping Beam","Turbo+1"],"picked":"Streamline+1","floor":31},{"not_picked":["Turbo+1","Ball Lightning+1"],"picked":"Double Energy+1","floor":35},{"not_picked":["Leap+1","Sweeping Beam","Redo+1"],"picked":"SKIP","floor":36},{"not_picked":["Capacitor","Stack+1"],"picked":"Beam Cell+1","floor":37},{"not_picked":["Forethought+1","PanicButton+1"],"picked":"Discovery+1","floor":39},{"not_picked":["Panacea+1","Jack Of All Trades+1"],"picked":"Sadistic Nature","floor":39},{"not_picked":["Good Instincts+1","Magnetism"],"picked":"Jack Of All Trades+1","floor":39}],"player_experience":658876,"relics_obtained":[{"floor":7,"key":"Peace Pipe"},{"floor":9,"key":"Toxic Egg 2"},{"floor":12,"key":"Emotion Chip"},{"floor":26,"key":"Bag of Marbles"}],"event_choices":[{"event_name":"Upgrade Shrine","player_choice":"Upgraded","floor":4,"damage_taken":0},{"event_name":"Golden Wing","player_choice":"Card Removal","floor":14,"damage_taken":0},{"event_name":"Wheel of Change","player_choice":"Full Heal","floor":19,"damage_taken":0},{"event_name":"Beggar","player_choice":"Gave Gold","floor":29,"damage_taken":0},{"event_name":"SensoryStone","player_choice":"Memory 3","floor":39,"damage_taken":0}],"is_beta":false,"boss_relics":[{"not_picked":["Fusion Hammer","Snecko Eye"],"picked":"Runic Dome"},{"not_picked":["Coffee Dripper","Cursed Key"],"picked":"Pandora\u0027s Box"}],"items_purged_floors":[3],"is_endless":false,"potions_floor_spawned":[2,5,12,20,31],"killed_by":"Nemesis","ascension_level":5}