{"gold_per_floor":[112,130,149,166,177,177,177,196,196,210,220,240,240,256,256,256],"floor_reached":16,"playtime":665,"items_purged":[],"score":100,"play_id":"07e26f7f-801d-456a-87ad-17b836e21d6e","local_time":"20180822182959","is_ascension_mode":false,"campfire_choices":[{"data":"Pummel","floor":6,"key":"SMITH"},{"data":"Sword Boomerang","floor":13,"key":"SMITH"},{"data":"Twin Strike","floor":15,"key":"SMITH"}],"neow_cost":"","seed_source_timestamp":378233458758205,"circlet_count":0,"master_deck":["Strike_R","Strike_R","Strike_R","Strike_R","Strike_R","Defend_R","Defend_R","Defend_R","Bash","Sword Boomerang+1","Pummel+1","Twin Strike+1","Spot Weakness","Wild Strike","Sever Soul","Wild Strike","Sword Boomerang"],"relics":["Burning Blood","Singing Bowl"],"potions_floor_usage":[],"damage_taken":[{"damage":1,"enemies":"Cultist","floor":1,"turns":3},{"damage":7,"enemies":"Small Slimes","floor":2,"turns":4},{"damage":6,"enemies":"2 Louse","floor":3,"turns":3},{"damage":6,"enemies":"Exordium Wildlife","floor":4,"turns":3},{"damage":18,"enemies":"Lots of Slimes","floor":5,"turns":4},{"damage":23,"enemies":"Large Slime","floor":8,"turns":4},{"damage":12,"enemies":"3 Louse","floor":10,"turns":2},{"damage":13,"enemies":"Lots of Slimes","floor":11,"turns":4},{"damage":11,"enemies":"Exordium Wildlife","floor":12,"turns":2},{"damage":11,"enemies":"Large Slime","floor":14,"turns":3},{"damage":0,"enemies":"Slime Boss","floor":16,"turns":1}],"seed_played":"-4742153580913725769","potions_obtained":[{"floor":3,"key":"BloodPotion"},{"floor":5,"key":"Dexterity Potion"},{"floor":14,"key":"Energy Potion"}],"is_trial":false,"path_per_floor":["M","M","M","M","M","R","?","M","T","M","M","M","R","M","R"],"character_chosen":"IRONCLAD","items_purchased":[],"campfire_rested":0,"item_purchase_floors":[],"current_hp_per_floor":[80,79,79,79,67,67,67,50,50,44,39,34,34,29,29,29],"gold":256,"neow_bonus":"","is_prod":false,"is_daily":false,"chose_seed":false,"campfire_upgraded":3,"win_rate":0,"timestamp":1534987799,"path_taken":["M","M","?","M","M","R","?","M","T","?","M","M","R","M","R","BOSS"],"build_version":"2018-08-16","purchased_purges":0,"victory":false,"max_hp_per_floor":[80,80,80,80,80,80,80,80,80,80,82,82,82,82,82,82],"card_choices":[{"not_picked":["Entrench","Heavy Blade"],"picked":"Sword Boomerang","floor":1},{"not_picked":["Armaments","Seeing Red"],"picked":"Pummel","floor":2},{"not_picked":["Sever Soul","Warcry","Havoc"],"picked":"SKIP","floor":3},{"not_picked":["Dropkick","Flame Barrier"],"picked":"Twin Strike","floor":4},{"not_picked":["Armaments","Rupture"],"picked":"Spot Weakness","floor":5},{"not_picked":["Shockwave","Metallicize"],"picked":"Wild Strike","floor":8},{"not_picked":["Shockwave","Bloodletting"],"picked":"Sever Soul","floor":10},{"not_picked":["Disarm","Evolve","Exhume"],"picked":"Singing Bowl","floor":11},{"not_picked":["Shockwave","Reckless Charge"],"picked":"Wild Strike","floor":12},{"not_picked":["Warcry","Entrench"],"picked":"Sword Boomerang","floor":14}],"player_experience":705578,"relics_obtained":[{"floor":9,"key":"Singing Bowl"}],"event_choices":[{"event_name":"Living Wall","player_choice":"Forget","floor":7,"damage_taken":0}],"is_beta":false,"boss_relics":[],"items_purged_floors":[],"is_endless":false,"potions_floor_spawned":[3,5,14],"killed_by":"Slime Boss","ascension_level":0}