{"gold_per_floor":[115,125,200,200,300,300,71,71,71,33,62,62,75,2,2,102,152,163,88,12,26,26,26,54,54,54,84,5,5,17,32,32,131,131,149,168,184,200,200,200,211,224,224,224,224,224,240,10,10,10],"floor_reached":51,"playtime":3416,"items_purged":["Defend_G","Regret"],"score":988,"play_id":"ff79e7d0-d224-4871-9c5d-a3041340e5c8","local_time":"20180915190358","is_ascension_mode":true,"campfire_choices":[{"data":"Bane","floor":6.0,"key":"SMITH"},{"floor":12.0,"key":"REST"},{"floor":15.0,"key":"REST"},{"data":"Caltrops","floor":23.0,"key":"SMITH"},{"floor":25.0,"key":"REST"},{"floor":29.0,"key":"REST"},{"floor":32.0,"key":"REST"},{"floor":40,"key":"REST"},{"data":"Footwork","floor":44,"key":"SMITH"},{"data":"Footwork","floor":46,"key":"SMITH"},{"floor":49,"key":"REST"}],"neow_cost":"NONE","seed_source_timestamp":0,"circlet_count":0,"master_deck":["Defend_G","Defend_G","Defend_G","Defend_G","Strike_G","Strike_G","Strike_G","Survivor+1","Neutralize","Bane+1","Escape Plan+1","Noxious Fumes+1","Bouncing Flask","Footwork","Footwork","Adrenaline","Adrenaline","Deadly Poison","Deadly Poison+1","Caltrops+1","Dash","Blur+1","Corpse Explosion","Bouncing Flask+1","Blur","Dodge and Roll","Backflip","Footwork+1","Tools of the Trade","Sucker Punch","Sucker Punch+1","Footwork+1","Madness","Madness","Dash+1","Mayhem+1","Sucker Punch","Backflip","Well Laid Plans+1","Sucker Punch","Caltrops+1"],"special_seed":0,"relics":["Ring of the Snake","Art of War","Dream Catcher","Ice Cream","Anchor","Tiny House","Orichalcum","Blue Candle","Unceasing Top","Cursed Key","Frozen Egg 2"],"potions_floor_usage":[50,50,50,50,50],"damage_taken":[{"damage":4.0,"enemies":"Small Slimes","floor":1.0,"turns":4.0},{"damage":0.0,"enemies":"Jaw Worm","floor":2.0,"turns":6.0},{"damage":27.0,"enemies":"Gremlin Nob","floor":11.0,"turns":5.0},{"damage":0.0,"enemies":"2 Louse","floor":13.0,"turns":4.0},{"damage":23.0,"enemies":"Slime Boss","floor":16.0,"turns":7.0},{"damage":15.0,"enemies":"Shell Parasite","floor":18.0,"turns":5.0},{"damage":0.0,"enemies":"Spheric Guardian","floor":21.0,"turns":3.0},{"damage":33.0,"enemies":"Slavers","floor":24.0,"turns":5.0},{"damage":26.0,"enemies":"Gremlin Leader","floor":27.0,"turns":6.0},{"damage":10.0,"enemies":"Shelled Parasite and Fungi","floor":30.0,"turns":5.0},{"damage":6.0,"enemies":"Centurion and Healer","floor":31.0,"turns":6.0},{"damage":16.0,"enemies":"Collector","floor":33.0,"turns":8.0},{"damage":0,"enemies":"3 Shapes","floor":35,"turns":4},{"damage":0,"enemies":"Orb Walker","floor":36,"turns":4},{"damage":6,"enemies":"3 Darklings","floor":37,"turns":4},{"damage":5,"enemies":"Sphere and 2 Shapes","floor":38,"turns":4},{"damage":9,"enemies":"Reptomancer","floor":41,"turns":9},{"damage":0,"enemies":"3 Darklings","floor":42,"turns":3},{"damage":36,"enemies":"Sphere and 2 Shapes","floor":47,"turns":7},{"damage":38,"enemies":"Donu and Deca","floor":50,"turns":9}],"seed_played":"6344095232610387345","potions_obtained":[{"floor":1.0,"key":"SmokeBomb"},{"floor":11.0,"key":"EssenceOfSteel"},{"floor":17.0,"key":"GhostInAJar"},{"floor":18.0,"key":"Swift Potion"},{"floor":27.0,"key":"SpeedPotion"},{"floor":33.0,"key":"Explosive Potion"},{"floor":38,"key":"Strength Potion"},{"floor":41,"key":"LiquidBronze"},{"floor":47,"key":"EntropicBrew"}],"is_trial":false,"path_per_floor":["M","M","?","?","?","R","$","?","T","$","E","R","M","$","R","B",null,"M","?","$","M","?","R","E","R","T","E","$","R","M","M","R","B",null,"M","M","M","M","?","R","M","M","T","R","?","R","M","$","R","B"],"character_chosen":"THE_SILENT","items_purchased":["Dream Catcher","Escape Plan","Footwork","Caltrops","Blur","Backflip","Well Laid Plans+1","Sucker Punch"],"campfire_rested":7,"item_purchase_floors":[7,10,14,20,28,48,48,48],"current_hp_per_floor":[59,59,48,41,41,41,41,41,41,41,14,35,35,35,56,33,66,51,51,51,51,51,51,18,40,40,14,14,36,26,20,42,26,63,63,63,57,52,43,65,56,56,56,56,56,56,20,20,42,4],"gold":10,"neow_bonus":"RANDOM_COMMON_RELIC","is_prod":false,"is_daily":false,"chose_seed":false,"campfire_upgraded":4,"win_rate":0,"timestamp":1537063438,"path_taken":["M","M","?","?","?","R","?","?","T","?","E","R","M","$","R","BOSS","M","?","$","M","?","R","E","R","T","E","$","R","?","M","R","BOSS","M","?","M","M","?","R","M","M","T","R","?","R","M","$","R","BOSS"],"build_version":"2018-09-06","purchased_purges":2,"victory":true,"max_hp_per_floor":[70,70,70,70,70,70,70,70,70,70,70,70,70,70,70,70,75,75,75,75,75,75,75,75,75,75,75,75,75,75,75,75,75,75,75,75,75,75,75,75,75,75,75,75,75,75,75,75,75,75],"card_choices":[{"not_picked":["Skewer","Deflect","Concentrate"],"picked":"SKIP","floor":1.0},{"not_picked":["PiercingWail","Setup"],"picked":"Bane","floor":2.0},{"not_picked":["Expertise","Reflex"],"picked":"Noxious Fumes","floor":11.0},{"not_picked":["Deflect","Dagger Spray"],"picked":"Bouncing Flask","floor":12.0},{"not_picked":["Flechettes","Deadly Poison"],"picked":"Footwork","floor":13.0},{"not_picked":["Blade Dance","Underhanded Strike"],"picked":"Adrenaline","floor":15.0},{"not_picked":["Phantasmal Killer","Glass Knife"],"picked":"Adrenaline","floor":16.0},{"not_picked":["Poisoned Stab","Reflex"],"picked":"Deadly Poison","floor":17.0},{"not_picked":["Dagger Spray","Accuracy"],"picked":"Deadly Poison+1","floor":18.0},{"not_picked":["Dagger Spray+1","Underhanded Strike"],"picked":"Dash","floor":21.0},{"not_picked":["Concentrate","Distraction"],"picked":"Blur+1","floor":24.0},{"not_picked":["Caltrops","Masterful Stab"],"picked":"Corpse Explosion","floor":25.0},{"not_picked":["Quick Slash+1","Flechettes"],"picked":"Bouncing Flask+1","floor":27.0},{"not_picked":["Glass Knife","PiercingWail+1"],"picked":"Dodge and Roll","floor":30.0},{"not_picked":["Blade Dance","Underhanded Strike+1"],"picked":"Backflip","floor":31.0},{"not_picked":["Blade Dance","Masterful Stab"],"picked":"Footwork","floor":32.0},{"not_picked":["Phantasmal Killer","Storm of Steel"],"picked":"Tools of the Trade","floor":33.0},{"not_picked":["Blade Dance+1","Flying Knee+1"],"picked":"Sucker Punch","floor":35},{"not_picked":["Underhanded Strike+1","Riddle With Holes+1"],"picked":"Sucker Punch+1","floor":36},{"not_picked":["Underhanded Strike","Dagger Throw"],"picked":"Footwork","floor":37},{"not_picked":["Backstab","Poisoned Stab+1","Calculated Gamble+1"],"picked":"SKIP","floor":38},{"not_picked":["Riddle With Holes","Tactician+1"],"picked":"Dash+1","floor":41},{"not_picked":["Cloak And Dagger","Blade Dance","Skewer"],"picked":"SKIP","floor":42},{"not_picked":["Enlightenment","Bandage Up"],"picked":"Mayhem+1","floor":45},{"not_picked":["Poisoned Stab+1","Prepared+1"],"picked":"Sucker Punch","floor":47},{"not_picked":["Poisoned Stab","Prepared+1"],"picked":"Caltrops+1","floor":49}],"player_experience":810054,"relics_obtained":[{"floor":9.0,"key":"Ice Cream"},{"floor":11.0,"key":"Anchor"},{"floor":24.0,"key":"Orichalcum"},{"floor":26.0,"key":"Blue Candle"},{"floor":27.0,"key":"Unceasing Top"},{"floor":43,"key":"Frozen Egg 2"}],"event_choices":[{"event_name":"World of Goop","player_choice":"Gather Gold","floor":3.0,"damage_taken":0.0},{"event_name":"Golden Wing","player_choice":"Card Removal","floor":4.0,"damage_taken":0.0},{"event_name":"Golden Shrine","player_choice":"Pray","floor":5.0,"damage_taken":0.0},{"event_name":"Accursed Blacksmith","player_choice":"Forge","floor":8.0,"damage_taken":0.0},{"event_name":"Beggar","player_choice":"Gave Gold","floor":19.0,"damage_taken":0.0},{"event_name":"Upgrade Shrine","player_choice":"Upgraded","floor":22.0,"damage_taken":0.0},{"event_name":"Winding Halls","player_choice":"Embrace Madness","floor":39,"damage_taken":0},{"event_name":"SensoryStone","player_choice":"Memory 1","floor":45,"damage_taken":0}],"is_beta":false,"boss_relics":[{"not_picked":["White Beast Statue","Ectoplasm"],"picked":"Tiny House"},{"not_picked":["Snecko Eye","Black Star"],"picked":"Cursed Key"}],"items_purged_floors":[7,48],"is_endless":false,"potions_floor_spawned":[1,11,18,27,33,38,41,47],"ascension_level":7}