{"gold_per_floor":[215,215,215,215,228,261,186,214,214,214,229,240,240],"floor_reached":13,"playtime":1305,"items_purged":["Strike_R"],"score":107,"play_id":"f060bbba-9d0d-4ab0-ab83-ebc8f97451aa","local_time":"20190602211948","is_ascension_mode":true,"campfire_choices":[],"neow_cost":"NONE","seed_source_timestamp":688703694044075,"circlet_count":0,"master_deck":["Strike_R","Defend_R","Defend_R","Defend_R","Defend_R","Bash","Dropkick"],"special_seed":0,"relics":["Burning Blood","Letter Opener","Pantograph","Matryoshka"],"potions_floor_usage":[12],"damage_taken":[{"damage":1.0,"enemies":"Jaw Worm","floor":1.0,"turns":5.0},{"damage":6.0,"enemies":"2 Louse","floor":5.0,"turns":3.0},{"damage":46.0,"enemies":"Gremlin Nob","floor":6.0,"turns":5.0},{"damage":35.0,"enemies":"3 Sentries","floor":8.0,"turns":17.0},{"damage":0,"enemies":"Small Slimes","floor":11,"turns":6},{"damage":16,"enemies":"Red Slaver","floor":12,"turns":6},{"damage":20,"enemies":"Lagavulin","floor":13,"turns":4}],"seed_played":"2045671929491383374","potions_obtained":[{"floor":6.0,"key":"SkillPotion"},{"floor":8.0,"key":"EssenceOfSteel"},{"floor":12,"key":"Strength Potion"}],"is_trial":false,"path_per_floor":["M","?","?","?","M","E","$","E","T","?","M","M","E"],"character_chosen":"IRONCLAD","items_purchased":[],"campfire_rested":0,"item_purchase_floors":[],"current_hp_per_floor":[80,80,80,80,80,40,40,11,11,11,17,7,0],"gold":240,"neow_bonus":"HUNDRED_GOLD","is_prod":false,"is_daily":false,"chose_seed":false,"campfire_upgraded":0,"win_rate":0,"timestamp":1559524788,"path_taken":["M","?","?","?","?","E","$","E","T","?","?","M","E"],"build_version":"2019-01-23","purchased_purges":1,"victory":false,"max_hp_per_floor":[80,80,80,80,80,80,80,80,80,80,80,80,80],"card_choices":[{"not_picked":["Iron Wave","Bloodletting","Clothesline"],"picked":"SKIP","floor":1.0},{"not_picked":["Entrench","Armaments","Whirlwind"],"picked":"SKIP","floor":5.0},{"not_picked":["Clothesline","True Grit","Thunderclap"],"picked":"SKIP","floor":6.0},{"not_picked":["Thunderclap","Carnage","Inflame"],"picked":"SKIP","floor":8.0},{"not_picked":["Twin Strike","Body Slam"],"picked":"Dropkick","floor":11},{"not_picked":["Pummel","Bloodletting","Heavy Blade"],"picked":"SKIP","floor":12}],"player_experience":41143,"relics_obtained":[{"floor":6.0,"key":"Letter Opener"},{"floor":8.0,"key":"Pantograph"},{"floor":9.0,"key":"Matryoshka"}],"event_choices":[{"cards_removed":["Strike_R"],"damage_healed":0.0,"max_hp_gain":0.0,"max_hp_loss":0.0,"gold_gain":0.0,"event_name":"Living Wall","player_choice":"Forget","floor":2.0,"gold_loss":0.0,"damage_taken":0.0},{"damage_healed":0.0,"max_hp_gain":0.0,"max_hp_loss":0.0,"gold_gain":0.0,"event_name":"Liars Game","player_choice":"Ignored","floor":3.0,"gold_loss":0.0,"damage_taken":0.0},{"cards_removed":["Strike_R"],"damage_healed":0.0,"max_hp_gain":0.0,"max_hp_loss":0.0,"gold_gain":0.0,"event_name":"Purifier","player_choice":"Purged","floor":4.0,"gold_loss":0.0,"damage_taken":0.0},{"cards_removed":["Strike_R"],"damage_healed":0.0,"max_hp_gain":0.0,"max_hp_loss":0.0,"gold_gain":0.0,"event_name":"Bonfire Elementals","player_choice":"Offered Basic","floor":10.0,"gold_loss":0.0,"damage_taken":0.0}],"is_beta":false,"boss_relics":[],"items_purged_floors":[7],"is_endless":false,"potions_floor_spawned":[6,8,12],"killed_by":"Lagavulin","ascension_level":3}