{"gold_per_floor":[113,388,148,158,158,187,187,197,220,247,247,274,294,357,357,431,431,441,491,491,491,491,491],"floor_reached":23,"playtime":1136,"items_purged":["Regret"],"score":452,"play_id":"128b9505-46e5-4699-ac91-88122f3c4866","local_time":"20190707114050","is_ascension_mode":true,"campfire_choices":[{"data":"Pommel Strike","floor":7.0,"key":"SMITH"},{"data":"Perfected Strike","floor":15.0,"key":"SMITH"}],"neow_cost":"NONE","seed_source_timestamp":450086306029337,"circlet_count":0,"master_deck":["AscendersBane","Strike_R","Strike_R","Strike_R","Strike_R","Strike_R","Defend_R","Defend_R","Defend_R","Defend_R","Thunderclap","Perfected Strike+1","Pommel Strike+1","Perfected Strike+1","Inflame","Evolve","Demon Form","Perfected Strike+1"],"special_seed":0,"relics":["Burning Blood","NeowsBlessing","Juzu Bracelet","Boot","Oddly Smooth Stone","Darkstone Periapt","Omamori","Red Skull","Black Star"],"potions_floor_usage":[23],"damage_taken":[{"damage":0.0,"enemies":"Jaw Worm","floor":1.0,"turns":1.0},{"damage":0.0,"enemies":"Cultist","floor":4.0,"turns":1.0},{"damage":0.0,"enemies":"Lagavulin","floor":6.0,"turns":1.0},{"damage":0.0,"enemies":"Small Slimes","floor":8.0,"turns":2.0},{"damage":24.0,"enemies":"Gremlin Nob","floor":10.0,"turns":4.0},{"damage":7.0,"enemies":"3 Sentries","floor":12.0,"turns":6.0},{"damage":8.0,"enemies":"Red Slaver","floor":13.0,"turns":2.0},{"damage":8.0,"enemies":"Gremlin Nob","floor":14.0,"turns":3.0},{"damage":42.0,"enemies":"The Guardian","floor":16.0,"turns":8.0},{"damage":35.0,"enemies":"Shell Parasite","floor":18.0,"turns":3.0},{"damage":0.0,"enemies":"2 Thieves","floor":22.0,"turns":1.0},{"damage":41,"enemies":"Book of Stabbing","floor":23,"turns":3}],"seed_played":"4379899422974584435","potions_obtained":[{"floor":4.0,"key":"Weak Potion"},{"floor":6.0,"key":"SpeedPotion"},{"floor":10.0,"key":"EssenceOfSteel"},{"floor":13.0,"key":"Swift Potion"},{"floor":20.0,"key":"Poison Potion"},{"floor":20.0,"key":"SmokeBomb"}],"is_trial":false,"path_per_floor":["M","?","$","M","?","E","R","M","T","E","?","E","M","?","R","B",null,"M","?","?","?","M","E"],"character_chosen":"IRONCLAD","items_purchased":["Juzu Bracelet"],"campfire_rested":0,"item_purchase_floors":[3],"current_hp_per_floor":[74,74,74,75,75,75,75,75,75,57,57,56,54,52,52,16,60,31,31,31,31,37,0],"gold":491,"neow_bonus":"THREE_ENEMY_KILL","is_prod":false,"is_daily":false,"chose_seed":false,"campfire_upgraded":2,"win_rate":0,"timestamp":1562514050,"path_taken":["M","?","$","M","?","E","R","M","T","E","?","E","M","?","R","BOSS","M","?","?","?","M","E"],"build_version":"2019-07-05","purchased_purges":1,"victory":false,"max_hp_per_floor":[75,75,75,75,75,75,75,75,75,75,75,75,75,75,75,75,75,75,75,75,75,75,75],"card_choices":[{"not_picked":["Sword Boomerang","Rupture"],"picked":"Thunderclap","floor":1.0},{"not_picked":["Body Slam","Shockwave"],"picked":"Perfected Strike","floor":4.0},{"not_picked":["Rage","Clothesline"],"picked":"Pommel Strike","floor":6.0},{"not_picked":["Iron Wave","Feed","Thunderclap"],"picked":"SKIP","floor":8.0},{"not_picked":["Thunderclap","Infernal Blade"],"picked":"Perfected Strike","floor":10.0},{"not_picked":["Thunderclap","Spot Weakness","Cleave"],"picked":"SKIP","floor":12.0},{"not_picked":["True Grit","Clash"],"picked":"Inflame","floor":13.0},{"not_picked":["Warcry","Shrug It Off"],"picked":"Evolve","floor":14.0},{"not_picked":["Bludgeon","Exhume"],"picked":"Demon Form","floor":16.0},{"not_picked":["Warcry","Corruption"],"picked":"Perfected Strike","floor":18.0}],"player_experience":215269,"relics_obtained":[{"floor":6.0,"key":"Boot"},{"floor":9.0,"key":"Oddly Smooth Stone"},{"floor":10.0,"key":"Darkstone Periapt"},{"floor":12.0,"key":"Omamori"},{"floor":14.0,"key":"Red Skull"}],"event_choices":[{"damage_healed":0.0,"max_hp_gain":0.0,"max_hp_loss":0.0,"gold_gain":275.0,"event_name":"Golden Shrine","player_choice":"Desecrate","floor":2.0,"gold_loss":0.0,"damage_taken":0.0,"cards_obtained":["Regret"]},{"damage_healed":0.0,"max_hp_gain":0.0,"max_hp_loss":0.0,"gold_gain":0.0,"event_name":"Living Wall","player_choice":"Grow","floor":5.0,"gold_loss":0.0,"damage_taken":0.0,"cards_upgraded":["Perfected Strike"]},{"cards_removed":["Bash"],"damage_healed":0.0,"max_hp_gain":0.0,"max_hp_loss":0.0,"gold_gain":0.0,"event_name":"Purifier","player_choice":"Purged","floor":11.0,"gold_loss":0.0,"damage_taken":0.0},{"damage_healed":0.0,"max_hp_gain":0.0,"max_hp_loss":0.0,"gold_gain":0.0,"event_name":"Dead Adventurer","player_choice":"Searched \u00271\u0027 times","floor":14.0,"gold_loss":0.0,"damage_taken":0.0},{"damage_healed":0.0,"max_hp_gain":0.0,"max_hp_loss":0.0,"gold_gain":50.0,"event_name":"Nest","player_choice":"Stole From Cult","floor":19.0,"gold_loss":0.0,"damage_taken":0.0},{"damage_healed":0.0,"max_hp_gain":0.0,"max_hp_loss":0.0,"gold_gain":0.0,"event_name":"Lab","player_choice":"Got Potions","floor":20.0,"gold_loss":0.0,"damage_taken":0.0},{"damage_healed":0.0,"max_hp_gain":0.0,"max_hp_loss":0.0,"gold_gain":0.0,"event_name":"Upgrade Shrine","player_choice":"Upgraded","floor":21.0,"gold_loss":0.0,"damage_taken":0.0,"cards_upgraded":["Perfected Strike"]}],"is_beta":false,"boss_relics":[{"not_picked":["Ectoplasm","Tiny House"],"picked":"Black Star"}],"items_purged_floors":[3],"is_endless":false,"potions_floor_spawned":[4,6,10,13,22],"killed_by":"Book of Stabbing","ascension_level":19}