{"gold_per_floor":[109,59,59,72,87,87,87,106,106,121,138,152,164,183,183,183],"floor_reached":16,"playtime":649,"items_purged":[],"score":98,"play_id":"1da96515-3eac-4764-9849-9cc54db0a452","local_time":"20180823194608","is_ascension_mode":false,"campfire_choices":[{"data":"Dualcast","floor":6,"key":"SMITH"},{"floor":15,"key":"REST"}],"neow_cost":"","seed_source_timestamp":469237498115403,"circlet_count":0,"master_deck":["Strike_B","Strike_B","Strike_B","Strike_B","Defend_B","Defend_B","Zap","Dualcast+1","Rebound","Barrage","Chaos+1","Sweeping Beam","Streamline","Ball Lightning"],"relics":["Cracked Core","Toxic Egg 2"],"potions_floor_usage":[10],"damage_taken":[{"damage":1,"enemies":"Jaw Worm","floor":1,"turns":3},{"damage":1,"enemies":"Cultist","floor":4,"turns":3},{"damage":7,"enemies":"Small Slimes","floor":5,"turns":3},{"damage":12,"enemies":"Gremlin Gang","floor":8,"turns":4},{"damage":6,"enemies":"Large Slime","floor":10,"turns":4},{"damage":13,"enemies":"2 Fungi Beasts","floor":11,"turns":3},{"damage":7,"enemies":"Blue Slaver","floor":12,"turns":2},{"damage":1,"enemies":"Lots of Slimes","floor":13,"turns":3},{"damage":10,"enemies":"Large Slime","floor":14,"turns":4},{"damage":0,"enemies":"The Guardian","floor":16,"turns":1}],"seed_played":"6714274874818179405","potions_obtained":[{"floor":1,"key":"Explosive Potion"},{"floor":5,"key":"Fruit Juice"},{"floor":13,"key":"SteroidPotion"},{"floor":14,"key":"AttackPotion"}],"is_trial":false,"path_per_floor":["M","?","?","M","M","R","?","M","T","M","M","M","M","M","R"],"character_chosen":"DEFECT","items_purchased":[],"campfire_rested":1,"item_purchase_floors":[],"current_hp_per_floor":[74,74,74,73,66,66,71,59,59,58,45,38,37,27,52,52],"gold":183,"neow_bonus":"","is_prod":false,"is_daily":false,"chose_seed":false,"campfire_upgraded":1,"win_rate":0,"timestamp":1535078768,"path_taken":["M","?","?","M","?","R","?","M","T","M","?","M","M","M","R","BOSS"],"build_version":"2018-08-23","purchased_purges":0,"victory":false,"max_hp_per_floor":[75,75,75,75,75,75,80,80,80,85,85,85,85,85,85,85],"card_choices":[{"not_picked":["Chaos","Conserve Battery","Fusion"],"picked":"SKIP","floor":1},{"not_picked":["Leap","Barrage"],"picked":"Rebound","floor":4},{"not_picked":["Conserve Battery","Stack","Leap"],"picked":"SKIP","floor":5},{"not_picked":["Auto Shields","Turbo"],"picked":"Barrage","floor":8},{"not_picked":["Buffer","Static Discharge","BootSequence+1"],"picked":"SKIP","floor":10},{"not_picked":["Turbo+1","Genetic Algorithm+1"],"picked":"Chaos+1","floor":11},{"not_picked":["Steam+1","Redo+1"],"picked":"Sweeping Beam","floor":12},{"not_picked":["Sunder","Melter"],"picked":"Streamline","floor":13},{"not_picked":["Leap+1","Streamline"],"picked":"Ball Lightning","floor":14}],"player_experience":713555,"relics_obtained":[{"floor":9,"key":"Toxic Egg 2"}],"event_choices":[{"event_name":"The Cleric","player_choice":"Card Removal","floor":2,"damage_taken":0},{"event_name":"Bonfire Elementals","player_choice":"BASIC","floor":3,"damage_taken":0},{"event_name":"Big Fish","player_choice":"Donut","floor":7,"damage_taken":0}],"is_beta":false,"boss_relics":[],"items_purged_floors":[],"is_endless":false,"potions_floor_spawned":[1,5,13,14],"killed_by":"The Guardian","ascension_level":0}