{"gold_per_floor":[115,127,146,162,42,73,84,114,185,185,202,202,216,216,216,311,311,324,324,234,134,149,149,169,169,169,169,187,187,212,311,311,412,412,425,437,437,448,448,448,448],"floor_reached":41,"playtime":2866,"items_purged":["Strike_G","Strike_G"],"score":592,"play_id":"a35a90bb-284e-4fde-a2b9-f292f2997389","local_time":"20181101205807","is_ascension_mode":true,"campfire_choices":[{"data":"Catalyst","floor":10.0,"key":"SMITH"},{"floor":12.0,"key":"REST"},{"floor":15.0,"key":"REST"},{"data":"Noxious Fumes","floor":23.0,"key":"SMITH"},{"data":"Caltrops","floor":25,"key":"SMITH"},{"data":"Bouncing Flask","floor":27,"key":"SMITH"},{"floor":32,"key":"REST"},{"data":"Envenom","floor":40,"key":"SMITH"}],"neow_cost":"NONE","seed_source_timestamp":0,"circlet_count":0,"master_deck":["Defend_G","Defend_G","Defend_G","Strike_G","Survivor","Neutralize","Bouncing Flask+1","Blur","Catalyst+1","Deadly Poison","Dodge and Roll+1","Poisoned Stab","Caltrops+1","Deadly Poison+1","Malaise+1","Deadly Poison+1","Bane","Noxious Fumes+1","Blur+1","Backflip+1","Setup+1","Dodge and Roll+1","Catalyst+1","Masterful Stab","Leg Sweep+1","Envenom+1","Blur+1","Distraction+1"],"special_seed":0,"relics":["Ring of the Snake","Happy Flower","Oddly Smooth Stone","Orichalcum","Toxic Egg 2","Turnip","Orrery","Dodecahedron","Boot","Runic Dome"],"potions_floor_usage":[30,30,36,41],"damage_taken":[{"damage":2.0,"enemies":"Jaw Worm","floor":1.0,"turns":4.0},{"damage":0.0,"enemies":"2 Louse","floor":2.0,"turns":3.0},{"damage":0.0,"enemies":"Cultist","floor":3.0,"turns":4.0},{"damage":0.0,"enemies":"2 Fungi Beasts","floor":4.0,"turns":4.0},{"damage":7.0,"enemies":"Lagavulin","floor":6.0,"turns":4.0},{"damage":6.0,"enemies":"Large Slime","floor":7.0,"turns":6.0},{"damage":14.0,"enemies":"Gremlin Nob","floor":8.0,"turns":4.0},{"damage":8.0,"enemies":"3 Louse","floor":11.0,"turns":4.0},{"damage":12.0,"enemies":"Lots of Slimes","floor":13.0,"turns":6.0},{"damage":13.0,"enemies":"Slime Boss","floor":16.0,"turns":12.0},{"damage":1.0,"enemies":"3 Byrds","floor":18.0,"turns":5.0},{"damage":14.0,"enemies":"2 Thieves","floor":22.0,"turns":5.0},{"damage":7,"enemies":"Shelled Parasite and Fungi","floor":24,"turns":6},{"damage":11,"enemies":"Snake Plant","floor":28,"turns":5},{"damage":10,"enemies":"Slavers","floor":30,"turns":6},{"damage":34,"enemies":"Champ","floor":33,"turns":11},{"damage":0,"enemies":"3 Shapes","floor":35,"turns":5},{"damage":25,"enemies":"3 Darklings","floor":36,"turns":6},{"damage":7,"enemies":"Sphere and 2 Shapes","floor":38,"turns":5},{"damage":70,"enemies":"Reptomancer","floor":41,"turns":4}],"seed_played":"155090871611567648","potions_obtained":[{"floor":1.0,"key":"Block Potion"},{"floor":2.0,"key":"PowerPotion"},{"floor":3.0,"key":"Block Potion"},{"floor":6.0,"key":"PowerPotion"},{"floor":8.0,"key":"Strength Potion"},{"floor":16.0,"key":"AttackPotion"},{"floor":22.0,"key":"Block Potion"},{"floor":28,"key":"PowerPotion"},{"floor":30,"key":"Explosive Potion"},{"floor":33,"key":"Strength Potion"},{"floor":38,"key":"AttackPotion"}],"is_trial":false,"path_per_floor":["M","M","M","M","$","E","M","E","T","R","M","R","M","?","R","B",null,"M","?","?","$","M","R","M","R","T","R","M","?","E","?","R","B",null,"M","M","?","M","?","R","E"],"character_chosen":"THE_SILENT","items_purchased":["Deadly Poison"],"campfire_rested":3,"item_purchase_floors":[5],"current_hp_per_floor":[61,61,61,61,61,54,48,34,34,34,26,47,35,32,53,40,63,62,62,62,62,48,48,41,41,41,41,30,30,20,20,41,7,54,54,29,29,22,70,70,0],"gold":448,"neow_bonus":"RANDOM_COMMON_RELIC","is_prod":false,"is_daily":false,"chose_seed":false,"campfire_upgraded":5,"win_rate":0,"timestamp":1541131087,"path_taken":["M","M","M","M","$","E","M","E","T","R","M","R","M","?","R","BOSS","M","?","?","$","M","R","M","R","T","R","?","?","E","?","R","BOSS","M","M","?","M","?","R","E"],"build_version":"2018-11-01","purchased_purges":2,"victory":false,"max_hp_per_floor":[70,70,70,70,70,70,70,70,70,70,70,70,70,70,70,70,70,70,70,70,70,70,70,70,70,70,70,70,70,70,70,70,70,70,70,70,70,70,70,70,70],"card_choices":[{"not_picked":["Backflip","Dagger Throw"],"picked":"Bouncing Flask","floor":1.0},{"not_picked":["Tactician","Riddle With Holes"],"picked":"Blur","floor":2.0},{"not_picked":["Finisher","Dagger Throw","Endless Agony"],"picked":"SKIP","floor":3.0},{"not_picked":["Skewer","All Out Attack"],"picked":"Catalyst","floor":4.0},{"not_picked":["Dagger Throw","Reflex"],"picked":"Dodge and Roll","floor":6.0},{"not_picked":["Sucker Punch","Dagger Spray"],"picked":"Poisoned Stab","floor":7.0},{"not_picked":["Acrobatics","Masterful Stab"],"picked":"Caltrops","floor":8.0},{"not_picked":["Heel Hook","Reflex+1"],"picked":"Deadly Poison+1","floor":11.0},{"not_picked":["Heel Hook","Blade Dance+1","Prepared+1"],"picked":"SKIP","floor":13.0},{"not_picked":["Die Die Die","A Thousand Cuts"],"picked":"Malaise+1","floor":16.0},{"not_picked":["Prepared+1","Calculated Gamble+1"],"picked":"Deadly Poison+1","floor":17.0},{"not_picked":["Deflect+1","Blade Dance+1"],"picked":"Bane","floor":17.0},{"not_picked":["Flying Knee","Acrobatics+1"],"picked":"Noxious Fumes","floor":17.0},{"not_picked":["Acrobatics+1","Distraction+1"],"picked":"Blur+1","floor":17.0},{"not_picked":["Masterful Stab","Cloak And Dagger+1"],"picked":"Backflip+1","floor":18.0},{"not_picked":["Dagger Throw","Grand Finale"],"picked":"Setup+1","floor":22.0},{"not_picked":["Concentrate+1","PiercingWail+1"],"picked":"Dodge and Roll+1","floor":24},{"not_picked":["Outmaneuver+1","Endless Agony+1"],"picked":"Catalyst+1","floor":28},{"not_picked":["Choke","Sucker Punch"],"picked":"Leg Sweep+1","floor":30},{"not_picked":["Grand Finale","Glass Knife"],"picked":"Envenom","floor":33},{"not_picked":["Deflect+1","Blade Dance+1","Infinite Blades"],"picked":"SKIP","floor":35},{"not_picked":["Deflect+1","Backflip+1"],"picked":"Blur+1","floor":36},{"not_picked":["Cloak And Dagger+1","Dagger Throw"],"picked":"Distraction+1","floor":38}],"player_experience":925739,"relics_obtained":[{"floor":6.0,"key":"Oddly Smooth Stone"},{"floor":8.0,"key":"Orichalcum"},{"floor":9.0,"key":"Toxic Egg 2"},{"floor":26,"key":"Dodecahedron"},{"floor":30,"key":"Boot"}],"event_choices":[{"damage_healed":0.0,"max_hp_gain":0.0,"max_hp_loss":0.0,"gold_gain":0.0,"event_name":"Scrap Ooze","player_choice":"Success","floor":14.0,"gold_loss":0.0,"damage_taken":3.0,"relics_obtained":["Turnip"]},{"damage_healed":0.0,"max_hp_gain":0.0,"max_hp_loss":0.0,"gold_gain":0.0,"event_name":"Ghosts","player_choice":"Ignored","floor":19.0,"gold_loss":0.0,"damage_taken":0.0},{"cards_removed":["Defend_G"],"damage_healed":0.0,"max_hp_gain":0.0,"max_hp_loss":0.0,"gold_gain":0.0,"event_name":"Designer","player_choice":"Upgrade and Remove","floor":20.0,"gold_loss":90.0,"damage_taken":0.0,"cards_upgraded":["Dodge and Roll"]},{"damage_healed":0,"gold_gain":0,"cards_transformed":["Defend_G","Strike_G"],"player_choice":"Became Test Subject","damage_taken":0,"max_hp_gain":0,"max_hp_loss":0,"event_name":"Drug Dealer","floor":29,"gold_loss":0,"cards_obtained":["Masterful Stab","Eviscerate"]},{"damage_healed":0,"gold_gain":99,"player_choice":"Stole From Cult","damage_taken":0,"max_hp_gain":0,"max_hp_loss":0,"event_name":"Nest","floor":31,"gold_loss":0},{"cards_removed":["Strike_G"],"damage_healed":0,"gold_gain":0,"player_choice":"Removed Attack","damage_taken":0,"max_hp_gain":0,"max_hp_loss":0,"event_name":"Falling","floor":37,"gold_loss":0},{"cards_removed":["Eviscerate"],"damage_healed":48,"gold_gain":0,"player_choice":"Offered Uncommon","damage_taken":0,"max_hp_gain":0,"max_hp_loss":0,"event_name":"Bonfire Elementals","floor":39,"gold_loss":0}],"is_beta":false,"boss_relics":[{"not_picked":["Black Star","Lizard Tail"],"picked":"Orrery"},{"not_picked":["Empty Cage","Coffee Dripper"],"picked":"Runic Dome"}],"items_purged_floors":[5,21],"is_endless":false,"potions_floor_spawned":[1,2,3,6,8,16,22,28,30,33,38],"killed_by":"Reptomancer","ascension_level":8}