{"gold_per_floor":[115,190,204,204,222,222,249,249,249,249,267,298,298,308,308,407,407,425,439,459,97,109,143,143,161,161,161,192,192,192,224,224,327,327,338,350,363,380,394,428,428,456,506,542,134,148,23,42,42,42],"floor_reached":51,"playtime":4729,"items_purged":["Strike_B","Pain","Injury"],"score":815,"play_id":"e7e5b7eb-536a-4909-afa8-3f686c0afd16","local_time":"20180813234937","is_ascension_mode":true,"campfire_choices":[{"data":"Defragment","floor":6.0,"key":"SMITH"},{"floor":8.0,"key":"REST"},{"data":"Sunder","floor":10.0,"key":"SMITH"},{"data":"Tempest","floor":13.0,"key":"SMITH"},{"data":"Zap","floor":15.0,"key":"SMITH"},{"floor":24.0,"key":"REST"},{"floor":29.0,"key":"REST"},{"data":"Heatsinks","floor":32.0,"key":"SMITH"},{"data":"Capacitor","floor":41,"key":"SMITH"},{"data":"Machine Learning","floor":49,"key":"SMITH"}],"neow_cost":"NONE","seed_source_timestamp":0,"circlet_count":0,"master_deck":["Strike_B","Strike_B","Strike_B","Defend_B","Defend_B+1","Defend_B","Defend_B","Zap+1","Dualcast+1","Defragment+1","Sunder+1","Tempest+1","Self Repair","Heatsinks+1","Aggregate+1","Leap+1","Electrodynamics","Static Discharge","Ball Lightning+1","Turbo+1","Storm","Leap+1","Force Field+1","RitualDagger+1","Machine Learning+1","Electrodynamics","Storm+1","Tempest+1","Force Field+1","Capacitor+1","Clumsy","Electrodynamics","Fission+1","Capacitor+1"],"special_seed":0,"relics":["Black Star","Mercury Hourglass","Blue Candle","Ornamental Fan","Toxic Egg 2","Vajra","Bag of Marbles","Cursed Key","Gremlin Horn","Pear","Molten Egg 2","StoneCalendar","Blood Vial","Anchor","Happy Flower","Art of War","Orichalcum","Nuclear Battery","Dream Catcher","War Paint","Calipers","Dead Branch","MawBank","Centennial Puzzle","Lantern"],"potions_floor_usage":[50],"damage_taken":[{"damage":0.0,"enemies":"Small Slimes","floor":1.0,"turns":3.0},{"damage":1.0,"enemies":"2 Louse","floor":3.0,"turns":2.0},{"damage":1.0,"enemies":"Jaw Worm","floor":5.0,"turns":3.0},{"damage":18.0,"enemies":"Lagavulin","floor":7.0,"turns":5.0},{"damage":2.0,"enemies":"3 Louse","floor":11.0,"turns":3.0},{"damage":26.0,"enemies":"3 Sentries","floor":12.0,"turns":6.0},{"damage":0.0,"enemies":"Gremlin Gang","floor":14.0,"turns":4.0},{"damage":25.0,"enemies":"Hexaghost","floor":16.0,"turns":7.0},{"damage":0.0,"enemies":"Chosen","floor":18.0,"turns":3.0},{"damage":20.0,"enemies":"2 Thieves","floor":19.0,"turns":2.0},{"damage":0.0,"enemies":"Sentry and Sphere","floor":20.0,"turns":3.0},{"damage":15.0,"enemies":"Cultist and Chosen","floor":22.0,"turns":4.0},{"damage":43.0,"enemies":"Book of Stabbing","floor":23.0,"turns":5.0},{"damage":16.0,"enemies":"Snake Plant","floor":25.0,"turns":3.0},{"damage":5.0,"enemies":"Gremlin Leader","floor":28.0,"turns":4.0},{"damage":12.0,"enemies":"Slavers","floor":31.0,"turns":3.0},{"damage":40.0,"enemies":"Champ","floor":33.0,"turns":8.0},{"damage":4,"enemies":"3 Darklings","floor":35,"turns":3},{"damage":0,"enemies":"Orb Walker","floor":36,"turns":2},{"damage":0,"enemies":"4 Shapes","floor":37,"turns":2},{"damage":0,"enemies":"3 Darklings","floor":38,"turns":2},{"damage":0,"enemies":"Sphere and 2 Shapes","floor":39,"turns":2},{"damage":15,"enemies":"Giant Head","floor":40,"turns":7},{"damage":12,"enemies":"Nemesis","floor":42,"turns":7},{"damage":6,"enemies":"4 Shapes","floor":46,"turns":2},{"damage":0,"enemies":"3 Darklings","floor":48,"turns":2},{"damage":19,"enemies":"Donu and Deca","floor":50,"turns":3}],"seed_played":"4684603380219517470","potions_obtained":[{"floor":3.0,"key":"AttackPotion"},{"floor":11.0,"key":"Block Potion"},{"floor":12.0,"key":"FearPotion"},{"floor":14.0,"key":"LiquidBronze"},{"floor":18.0,"key":"Ancient Potion"},{"floor":22.0,"key":"Ancient Potion"},{"floor":28.0,"key":"Swift Potion"},{"floor":31.0,"key":"Swift Potion"},{"floor":36,"key":"SpeedPotion"},{"floor":39,"key":"Explosive Potion"},{"floor":42,"key":"Energy Potion"},{"floor":46,"key":"Weak Potion"},{"floor":48,"key":"Dexterity Potion"}],"is_trial":false,"path_per_floor":["M","?","M","?","M","R","E","R","T","R","M","E","R","M","R","B",null,"M","M","M","$","M","E","R","M","T","?","E","R","?","E","R","B",null,"M","M","M","M","M","E","R","E","T","T","$","M","$","M","R","B"],"character_chosen":"DEFECT","items_purchased":["Storm","Gremlin Horn","Electrodynamics","Lantern"],"campfire_rested":3,"item_purchase_floors":[21,21,45,45],"current_hp_per_floor":[75,64,63,45,44,44,26,48,48,48,53,34,34,41,41,23,75,75,55,55,55,47,21,46,30,30,24,26,51,51,41,41,10,85,81,85,85,85,85,77,77,67,67,67,67,70,70,79,79,69],"gold":42,"neow_bonus":"BOSS_RELIC","is_prod":false,"is_daily":false,"chose_seed":false,"campfire_upgraded":7,"win_rate":0,"timestamp":1534229377,"path_taken":["M","?","M","?","?","R","E","R","T","R","M","E","R","M","R","BOSS","M","?","M","$","M","E","R","M","T","?","E","R","?","E","R","BOSS","M","M","M","?","M","E","R","E","T","?","$","M","$","M","R","BOSS"],"build_version":"2018-08-09","purchased_purges":3,"victory":true,"max_hp_per_floor":[75,75,75,75,75,75,75,75,75,75,75,75,75,75,75,75,75,75,75,75,75,75,85,85,85,85,85,85,85,85,85,85,85,85,85,85,85,85,85,85,85,85,85,85,85,85,85,85,85,85],"card_choices":[{"not_picked":["Cold Snap","Go for the Eyes"],"picked":"Defragment","floor":1.0},{"not_picked":["Force Field","Steam"],"picked":"Sunder","floor":3.0},{"not_picked":["Beam Cell","Reinforced Body"],"picked":"Tempest","floor":5.0},{"not_picked":["Hello World","Reprogram"],"picked":"Self Repair","floor":7.0},{"not_picked":["Beam Cell","Sweeping Beam"],"picked":"Heatsinks","floor":11.0},{"not_picked":["Hologram+1","Chill+1"],"picked":"Aggregate+1","floor":12.0},{"not_picked":["Self Repair","Cold Snap"],"picked":"Leap+1","floor":14.0},{"not_picked":["Core Surge","Reboot+1"],"picked":"Electrodynamics","floor":16.0},{"not_picked":["Rebound","Sweeping Beam"],"picked":"Static Discharge","floor":18.0},{"not_picked":["Auto Shields+1","Steam+1"],"picked":"Ball Lightning+1","floor":19.0},{"not_picked":["Leap+1","BootSequence+1"],"picked":"Turbo+1","floor":20.0},{"not_picked":["FTL+1","Rebound+1","Darkness+1"],"picked":"SKIP","floor":22.0},{"not_picked":["Scrape+1","Beam Cell+1"],"picked":"Leap+1","floor":23.0},{"not_picked":["Ball Lightning+1","Rip and Tear+1"],"picked":"Force Field+1","floor":25.0},{"not_picked":["Coolheaded+1","Sweeping Beam+1","Scrape+1"],"picked":"SKIP","floor":28.0},{"not_picked":["Compile Driver+1","Coolheaded+1"],"picked":"Machine Learning","floor":31.0},{"not_picked":["Buffer","Reboot+1"],"picked":"Electrodynamics","floor":33.0},{"not_picked":["Aggregate+1","Compile Driver+1"],"picked":"Storm+1","floor":35},{"not_picked":["Hologram+1","Compile Driver+1","Cold Snap+1"],"picked":"SKIP","floor":36},{"not_picked":["Rebound+1","Hologram+1"],"picked":"Tempest+1","floor":37},{"not_picked":["Double Energy+1","Rebound+1"],"picked":"Force Field+1","floor":38},{"not_picked":["Sweeping Beam+1","Rebound+1","Conserve Battery+1"],"picked":"SKIP","floor":39},{"not_picked":["Rip and Tear+1","Sweeping Beam+1"],"picked":"Capacitor","floor":40},{"not_picked":["Genetic Algorithm+1","Hologram+1","Cold Snap+1"],"picked":"SKIP","floor":42},{"not_picked":["Scrape+1","Rebound+1"],"picked":"Fission+1","floor":46},{"not_picked":["Streamline+1","Rebound+1"],"picked":"Capacitor+1","floor":48}],"player_experience":641826,"relics_obtained":[{"floor":7.0,"key":"Blue Candle"},{"floor":7.0,"key":"Ornamental Fan"},{"floor":9.0,"key":"Toxic Egg 2"},{"floor":12.0,"key":"Vajra"},{"floor":12.0,"key":"Bag of Marbles"},{"floor":23.0,"key":"Pear"},{"floor":23.0,"key":"Molten Egg 2"},{"floor":26.0,"key":"StoneCalendar"},{"floor":28.0,"key":"Blood Vial"},{"floor":28.0,"key":"Anchor"},{"floor":31.0,"key":"Art of War"},{"floor":31.0,"key":"Orichalcum"},{"floor":40,"key":"Dream Catcher"},{"floor":40,"key":"War Paint"},{"floor":42,"key":"Calipers"},{"floor":42,"key":"Dead Branch"},{"floor":43,"key":"MawBank"},{"floor":44,"key":"Centennial Puzzle"}],"event_choices":[{"event_name":"World of Goop","player_choice":"Gather Gold","floor":2.0,"damage_taken":0.0},{"event_name":"Scrap Ooze","player_choice":"success","floor":4.0,"damage_taken":18.0},{"event_name":"Nest","player_choice":"Joined the Cult","floor":27.0,"damage_taken":0.0},{"event_name":"The Mausoleum","player_choice":"Yes","floor":30.0,"damage_taken":0.0}],"is_beta":false,"boss_relics":[{"not_picked":["Coffee Dripper","Runic Pyramid"],"picked":"Cursed Key"},{"not_picked":["Orrery","Velvet Choker"],"picked":"Nuclear Battery"}],"items_purged_floors":[21,45,47],"is_endless":false,"potions_floor_spawned":[3,11,12,14,18,22,28,31,36,39,42,46,48],"ascension_level":1}