{"gold_per_floor":[115,129,143,143,68,68,87,87,138,168,68,68,79,90,90,163,163,177,177,24,1,12,12,25,25,25,25,39,39,73,83,83,162,162,176,176,176,176,188,188],"floor_reached":40,"playtime":2275,"items_purged":["Defend_B","Strike_B"],"score":711,"play_id":"cfad8738-9f7d-4081-9ec3-d158c516a2e8","local_time":"20190319171901","is_ascension_mode":true,"campfire_choices":[{"data":"Barrage","floor":6,"key":"SMITH"},{"floor":8,"key":"REST"},{"data":"Echo Form","floor":12,"key":"SMITH"},{"data":"Streamline","floor":15,"key":"SMITH"},{"data":"Blizzard","floor":23,"key":"SMITH"},{"data":"Coolheaded","floor":25,"key":"SMITH"},{"data":"Amplify","floor":27,"key":"SMITH"},{"data":"Barrage","floor":32,"key":"SMITH"}],"neow_cost":"NONE","seed_source_timestamp":20236127936242,"circlet_count":0,"master_deck":["AscendersBane","Strike_B","Strike_B","Defend_B","Defend_B","Defend_B","Zap","Dualcast","Chill","Barrage+1","Chill","Chill","Echo Form+1","Conserve Battery","Streamline+1","Amplify+1","Barrage+1","Echo Form+1","Cold Snap","Blizzard+1","Coolheaded+1","Hologram+1","Conserve Battery","Machine Learning","Coolheaded","Coolheaded","Double Energy","Conserve Battery","BootSequence","Fusion+1","Cold Snap+1"],"relics":["Cracked Core","Centennial Puzzle","Art of War","Oddly Smooth Stone","Mercury Hourglass","Eternal Feather","Omamori","Symbiotic Virus","Sundial","Letter Opener","Orrery"],"potions_floor_usage":[16,30],"damage_taken":[{"damage":3,"enemies":"Small Slimes","floor":1,"turns":3},{"damage":0,"enemies":"Cultist","floor":2,"turns":3},{"damage":12,"enemies":"Jaw Worm","floor":3,"turns":2},{"damage":1,"enemies":"Blue Slaver","floor":7,"turns":3},{"damage":4,"enemies":"3 Sentries","floor":10,"turns":8},{"damage":0,"enemies":"3 Louse","floor":13,"turns":2},{"damage":9,"enemies":"Looter","floor":14,"turns":3},{"damage":10,"enemies":"Hexaghost","floor":16,"turns":8},{"damage":0,"enemies":"3 Byrds","floor":18,"turns":5},{"damage":10,"enemies":"Shell Parasite","floor":22,"turns":4},{"damage":18,"enemies":"Centurion and Healer","floor":24,"turns":4},{"damage":25,"enemies":"Cultist and Chosen","floor":28,"turns":6},{"damage":17,"enemies":"Book of Stabbing","floor":30,"turns":6},{"damage":0,"enemies":"Sentry and Sphere","floor":31,"turns":4},{"damage":34,"enemies":"Collector","floor":33,"turns":8},{"damage":8,"enemies":"Orb Walker","floor":35,"turns":4},{"damage":34,"enemies":"3 Darklings","floor":39,"turns":4},{"damage":28,"enemies":"Nemesis","floor":40,"turns":5}],"seed_played":"1831359416788680322","potions_obtained":[{"floor":3,"key":"Block Potion"},{"floor":10,"key":"PowerPotion"},{"floor":16,"key":"Ancient Potion"},{"floor":33,"key":"Fire Potion"}],"is_trial":false,"path_per_floor":["M","M","M","?","$","R","M","R","T","E","$","R","M","M","R","B",null,"M","?","$","$","M","R","M","R","T","R","M","T","E","M","R","B",null,"M","?","?","?","M","E"],"character_chosen":"DEFECT","items_purchased":["Omamori","Cold Snap"],"campfire_rested":1,"item_purchase_floors":[20,21],"current_hp_per_floor":[61,61,49,38,38,38,37,58,58,54,54,54,54,45,45,35,62,62,62,62,62,52,64,46,58,58,70,45,45,28,28,40,6,55,47,61,61,61,27,0],"gold":188,"neow_bonus":"RANDOM_COMMON_RELIC","is_prod":false,"is_daily":false,"chose_seed":false,"campfire_upgraded":7,"win_rate":0,"timestamp":1553041141,"path_taken":["M","M","M","?","$","R","M","R","T","E","$","R","M","M","R","BOSS","M","?","?","$","M","R","M","R","T","R","M","?","E","?","R","BOSS","M","?","?","?","M","E"],"build_version":"2019-01-23","purchased_purges":2,"victory":false,"max_hp_per_floor":[71,71,71,71,71,71,71,71,71,71,71,71,71,71,71,71,71,71,71,71,71,71,71,71,71,71,71,71,71,71,71,71,71,71,71,71,71,71,71,71],"card_choices":[{"not_picked":["Beam Cell","Redo"],"picked":"Chill","floor":1},{"not_picked":["Ball Lightning","Beam Cell"],"picked":"Barrage","floor":2},{"not_picked":["Rip and Tear","Gash"],"picked":"Chill","floor":3},{"not_picked":["Beam Cell","Reinforced Body"],"picked":"Chill","floor":7},{"not_picked":["Barrage","Conserve Battery"],"picked":"Echo Form","floor":10},{"not_picked":["Beam Cell","Rebound"],"picked":"Conserve Battery","floor":13},{"not_picked":["Doom and Gloom","Recycle","Streamline"],"picked":"SKIP","floor":14},{"not_picked":["Doom and Gloom","Recycle"],"picked":"Streamline","floor":14},{"not_picked":["Reboot","Hyperbeam"],"picked":"Amplify","floor":16},{"not_picked":["Beam Cell","Sweeping Beam"],"picked":"Barrage","floor":18},{"not_picked":["Leap","Reprogram+1"],"picked":"Blizzard","floor":22},{"not_picked":["Auto Shields","Streamline"],"picked":"Coolheaded","floor":24},{"not_picked":["Reprogram","Sweeping Beam"],"picked":"Hologram+1","floor":28},{"not_picked":["Undo","Leap"],"picked":"Conserve Battery","floor":30},{"not_picked":["Leap","Steam","Streamline"],"picked":"SKIP","floor":31},{"not_picked":["Multi-Cast","Reboot"],"picked":"Machine Learning","floor":33},{"not_picked":["Steam","Streamline"],"picked":"Coolheaded","floor":34},{"not_picked":["Tempest","Barrage+1"],"picked":"Coolheaded","floor":34},{"not_picked":["Streamline","Gash"],"picked":"Double Energy","floor":34},{"not_picked":["Static Discharge","Fusion"],"picked":"Conserve Battery","floor":34},{"not_picked":["Redo","Consume"],"picked":"BootSequence","floor":34},{"not_picked":["Conserve Battery","Melter"],"picked":"Fusion+1","floor":35},{"not_picked":["Ball Lightning","Turbo"],"picked":"Cold Snap+1","floor":39}],"player_experience":1230171,"relics_obtained":[{"floor":9,"key":"Oddly Smooth Stone"},{"floor":10,"key":"Mercury Hourglass"},{"floor":26,"key":"Symbiotic Virus"},{"floor":29,"key":"Sundial"},{"floor":30,"key":"Letter Opener"}],"event_choices":[{"damage_healed":0,"gold_gain":0,"player_choice":"Success","damage_taken":11,"relics_obtained":["Art of War"],"max_hp_gain":0,"max_hp_loss":0,"event_name":"Scrap Ooze","floor":4,"gold_loss":0},{"damage_healed":0,"gold_gain":0,"player_choice":"Copied","damage_taken":0,"max_hp_gain":0,"max_hp_loss":0,"event_name":"Duplicator","floor":19,"gold_loss":0,"cards_obtained":["Echo Form"]},{"damage_healed":14,"gold_gain":0,"player_choice":"Writhe","damage_taken":0,"max_hp_gain":0,"max_hp_loss":0,"event_name":"Winding Halls","floor":36,"gold_loss":0,"cards_obtained":["Writhe"]},{"damage_healed":0,"gold_gain":0,"player_choice":"Ignored","damage_taken":0,"max_hp_gain":0,"max_hp_loss":0,"event_name":"Mysterious Sphere","floor":37,"gold_loss":0},{"cards_removed":["Strike_B"],"damage_healed":0,"gold_gain":0,"player_choice":"Removed Attack","damage_taken":0,"max_hp_gain":0,"max_hp_loss":0,"event_name":"Falling","floor":38,"gold_loss":0}],"is_beta":false,"boss_relics":[{"not_picked":["Busted Crown","Calling Bell"],"picked":"Eternal Feather"},{"not_picked":["FrozenCore","Pandora\u0027s Box"],"picked":"Orrery"}],"items_purged_floors":[5,11],"is_endless":false,"potions_floor_spawned":[3,10,13,16,18,33,35,39],"killed_by":"Nemesis","ascension_level":15}