{"gold_per_floor":[115,115,115,115,138,181,27,27,27,1,1,41,41,82,82,82],"floor_reached":16,"playtime":1001,"items_purged":["Injury"],"score":131,"play_id":"1725d237-3aee-4e36-b18b-69e8616bac65","local_time":"20190426094414","is_ascension_mode":true,"campfire_choices":[{"data":"Redo","floor":8,"key":"SMITH"},{"data":"Coolheaded","floor":11,"key":"SMITH"},{"floor":13,"key":"REST"},{"floor":15,"key":"REST"}],"neow_cost":"CURSE","seed_source_timestamp":485702157010319,"circlet_count":0,"master_deck":["Strike_B","Defend_B","Defend_B","Defend_B","Defend_B","Zap","Dualcast","Doom and Gloom","Chaos","Ball Lightning","Loop","Redo+1","Loop+1","Coolheaded+1","Double Energy","Conserve Battery"],"relics":["Cracked Core","Golden Idol","Frozen Egg 2","Matryoshka","Dream Catcher","Peace Pipe"],"potions_floor_usage":[6,12],"damage_taken":[{"damage":0,"enemies":"Cultist","floor":1,"turns":2},{"damage":7,"enemies":"Jaw Worm","floor":5,"turns":2},{"damage":19,"enemies":"3 Sentries","floor":6,"turns":7},{"damage":16,"enemies":"Gremlin Nob","floor":12,"turns":3},{"damage":24,"enemies":"3 Sentries","floor":14,"turns":5},{"damage":37,"enemies":"The Guardian","floor":16,"turns":7}],"seed_played":"6555995755749261289","potions_obtained":[{"floor":1,"key":"Block Potion"},{"floor":6,"key":"FocusPotion"}],"is_trial":false,"path_per_floor":["M","?","?","?","M","E","$","R","T","$","R","E","R","E","R","B"],"character_chosen":"DEFECT","items_purchased":["Loop+1","Coolheaded"],"campfire_rested":2,"item_purchase_floors":[7,10],"current_hp_per_floor":[75,75,57,57,50,31,31,31,31,31,31,15,37,13,35,0],"gold":82,"neow_bonus":"TRANSFORM_TWO_CARDS","is_prod":false,"is_daily":false,"chose_seed":false,"campfire_upgraded":2,"win_rate":0,"timestamp":1556264654,"path_taken":["M","?","?","?","M","E","$","R","T","?","R","E","R","E","R","BOSS"],"build_version":"2019-04-23","purchased_purges":1,"victory":false,"max_hp_per_floor":[75,75,75,75,75,75,75,75,75,75,75,75,75,75,75,75],"card_choices":[{"not_picked":["Stack","Turbo"],"picked":"Ball Lightning","floor":1},{"not_picked":["Rip and Tear","Recycle"],"picked":"Loop","floor":5},{"not_picked":["Rebound","Go for the Eyes"],"picked":"Redo","floor":6},{"not_picked":["Hyperbeam","Heatsinks+1","Recycle"],"picked":"SKIP","floor":12},{"not_picked":["Storm+1","Turbo"],"picked":"Double Energy","floor":13},{"not_picked":["Streamline","Melter","Go for the Eyes"],"picked":"SKIP","floor":14},{"not_picked":["Redo","Steam Power"],"picked":"Conserve Battery","floor":15}],"player_experience":342397,"relics_obtained":[{"floor":6,"key":"Frozen Egg 2"},{"floor":9,"key":"Matryoshka"},{"floor":12,"key":"Dream Catcher"},{"floor":14,"key":"Peace Pipe"}],"event_choices":[{"cards_removed":["Strike_B"],"damage_healed":0,"gold_gain":0,"player_choice":"Forget","damage_taken":0,"max_hp_gain":0,"max_hp_loss":0,"event_name":"Living Wall","floor":2,"gold_loss":0},{"damage_healed":0,"gold_gain":0,"player_choice":"Take Damage","damage_taken":18,"relics_obtained":["Golden Idol"],"max_hp_gain":0,"max_hp_loss":0,"event_name":"Golden Idol","floor":3,"gold_loss":0},{"damage_healed":0,"gold_gain":0,"player_choice":"Ignored","damage_taken":0,"max_hp_gain":0,"max_hp_loss":0,"event_name":"Liars Game","floor":4,"gold_loss":0}],"is_beta":true,"boss_relics":[],"items_purged_floors":[7],"is_endless":false,"potions_floor_spawned":[1,6],"killed_by":"The Guardian","ascension_level":3}