{"gold_per_floor":[114,131,149,74,93,93,104,104,129,147,47,73,73,73],"floor_reached":14,"playtime":578,"items_purged":["Strike_B","Strike_B"],"score":92,"play_id":"48aa73c4-1cd5-4257-9552-649285953860","local_time":"20190816072250","is_ascension_mode":false,"campfire_choices":[{"data":"Ball Lightning","floor":6,"key":"SMITH"},{"data":"Ball Lightning","floor":8,"key":"SMITH"}],"neow_cost":"NONE","seed_source_timestamp":1501699076840900,"circlet_count":0,"master_deck":["Strike_B","Strike_B","Defend_B","Defend_B","Defend_B","Defend_B","Zap+1","Dualcast","Ball Lightning+1","Ball Lightning+1","Ball Lightning","Auto Shields","Glacier","Electrodynamics"],"relics":["Cracked Core","Regal Pillow"],"potions_floor_usage":[8],"damage_taken":[{"damage":1,"enemies":"Cultist","floor":1,"turns":3},{"damage":0,"enemies":"Small Slimes","floor":2,"turns":2},{"damage":6,"enemies":"Jaw Worm","floor":3,"turns":2},{"damage":13,"enemies":"Lots of Slimes","floor":5,"turns":2},{"damage":15,"enemies":"Exordium Thugs","floor":7,"turns":2},{"damage":0,"enemies":"Looter","floor":10,"turns":2},{"damage":1,"enemies":"3 Sentries","floor":12,"turns":5},{"damage":0,"enemies":"Blue Slaver","floor":14,"turns":1}],"seed_played":"4566433776479186004","potions_obtained":[{"floor":5,"key":"Swift Potion"},{"floor":7,"key":"Fruit Juice"}],"is_trial":false,"path_per_floor":["M","M","M","$","M","R","M","R","T","M","$","E","?","M"],"character_chosen":"DEFECT","items_purchased":[],"campfire_rested":0,"item_purchase_floors":[],"current_hp_per_floor":[74,74,68,68,55,55,40,45,45,45,45,44,41,41],"gold":73,"neow_bonus":"UPGRADE_CARD","is_prod":false,"is_daily":false,"chose_seed":false,"campfire_upgraded":2,"win_rate":0,"timestamp":1565932970,"path_taken":["M","M","M","$","M","R","?","R","T","M","$","E","?","M"],"build_version":"2019-07-18","purchased_purges":2,"victory":false,"max_hp_per_floor":[75,75,75,75,75,75,75,80,80,80,80,80,80,80],"card_choices":[{"not_picked":["Redo","Hologram"],"picked":"Ball Lightning","floor":1},{"not_picked":["Coolheaded","Melter"],"picked":"Ball Lightning","floor":2},{"not_picked":["Chill","Aggregate"],"picked":"Ball Lightning","floor":3},{"not_picked":["Lockon","White Noise"],"picked":"Auto Shields","floor":5},{"not_picked":["Static Discharge","Compile Driver","Reprogram"],"picked":"SKIP","floor":7},{"not_picked":["Stack","Beam Cell"],"picked":"Glacier","floor":10},{"not_picked":["Beam Cell","All For One"],"picked":"Electrodynamics","floor":12}],"player_experience":559374,"relics_obtained":[{"floor":12,"key":"Regal Pillow"}],"event_choices":[{"damage_healed":0,"gold_gain":0,"player_choice":"Fled","damage_taken":3,"max_hp_gain":0,"max_hp_loss":0,"event_name":"Scrap Ooze","floor":13,"gold_loss":0}],"is_beta":true,"boss_relics":[],"items_purged_floors":[4,11],"is_endless":false,"potions_floor_spawned":[5,7],"killed_by":"Blue Slaver","ascension_level":0}