{"gold_per_floor":[112,112,112,123,134,134,168,191,191,54,80,65,26,44,44,142,142,158,158,178,191,211,211,230,230,230,230,242,242,41,41,41,142,142,158,158,169,69,80,80,180,190,213,231,250,91,91,124,124,124],"floor_reached":51,"playtime":5246,"items_purged":["Strike_G","Normality","Strike_G"],"score":839,"play_id":"456df6e3-6759-4f3e-896a-49a192ec3558","local_time":"20190811211948","is_ascension_mode":false,"campfire_choices":[{"data":"Backflip","floor":6.0,"key":"SMITH"},{"floor":15.0,"key":"REST"},{"data":"Deadly Poison","floor":23.0,"key":"SMITH"},{"data":"Acrobatics","floor":25.0,"key":"SMITH"},{"data":"Dodge and Roll","floor":27.0,"key":"SMITH"},{"data":"Footwork","floor":29.0,"key":"SMITH"},{"floor":32.0,"key":"REST"},{"data":"Envenom","floor":40,"key":"SMITH"},{"data":"Well Laid Plans","floor":47,"key":"SMITH"},{"data":"A Thousand Cuts","floor":49,"key":"SMITH"}],"neow_cost":"NONE","seed_source_timestamp":0,"circlet_count":0,"master_deck":["Strike_G","Strike_G","Defend_G","Defend_G","Defend_G+1","Defend_G+1","Defend_G","Survivor","Neutralize","Backflip+1","Acrobatics+1","Noxious Fumes+1","Footwork+1","Dodge and Roll+1","Deadly Poison+1","Leg Sweep","Slice","After Image","Injury","Parasite","Catalyst+1","Distraction+1","Escape Plan+1","Dodge and Roll+1","Blur+1","PiercingWail+1","Envenom+1","Catalyst+1","Writhe","Acrobatics+1","Backflip+1","A Thousand Cuts+1","Injury","Parasite","Caltrops+1","Backflip+1","Well Laid Plans+1","Acrobatics+1"],"special_seed":0,"relics":["Ring of the Snake","NeowsBlessing","Lantern","War Paint","MawBank","Mercury Hourglass","Calling Bell","Bag of Preparation","Toxic Egg 2","Thread and Needle","Snake Skull","Pen Nib","Cursed Key","Anchor","Potion Belt"],"potions_floor_usage":[39,39,39,50,50],"damage_taken":[{"damage":0.0,"enemies":"Jaw Worm","floor":1.0,"turns":1.0},{"damage":0.0,"enemies":"2 Louse","floor":4.0,"turns":1.0},{"damage":0.0,"enemies":"Cultist","floor":5.0,"turns":1.0},{"damage":41.0,"enemies":"Gremlin Nob","floor":7.0,"turns":6.0},{"damage":4.0,"enemies":"3 Sentries","floor":11.0,"turns":10.0},{"damage":0.0,"enemies":"Exordium Thugs","floor":12.0,"turns":4.0},{"damage":0.0,"enemies":"Blue Slaver","floor":14.0,"turns":5.0},{"damage":0.0,"enemies":"Hexaghost","floor":16.0,"turns":12.0},{"damage":0.0,"enemies":"3 Byrds","floor":18.0,"turns":5.0},{"damage":0.0,"enemies":"Shell Parasite","floor":20.0,"turns":6.0},{"damage":0.0,"enemies":"Snecko","floor":21.0,"turns":6.0},{"damage":0.0,"enemies":"Snake Plant","floor":22.0,"turns":3.0},{"damage":6.0,"enemies":"Chosen and Byrds","floor":24.0,"turns":4.0},{"damage":11.0,"enemies":"Shelled Parasite and Fungi","floor":28.0,"turns":6.0},{"damage":9.0,"enemies":"Automaton","floor":33.0,"turns":11.0},{"damage":0.0,"enemies":"Orb Walker","floor":35.0,"turns":5.0},{"damage":17,"enemies":"3 Darklings","floor":37,"turns":6},{"damage":0,"enemies":"Transient","floor":39,"turns":5},{"damage":0,"enemies":"Sphere and 2 Shapes","floor":42,"turns":10},{"damage":2,"enemies":"Writhing Mass","floor":44,"turns":7},{"damage":0,"enemies":"4 Shapes","floor":45,"turns":6},{"damage":3,"enemies":"Giant Head","floor":48,"turns":8},{"damage":60,"enemies":"Time Eater","floor":50,"turns":14}],"seed_played":"-121431181601587980","potions_obtained":[{"floor":1.0,"key":"Energy Potion"},{"floor":7.0,"key":"GhostInAJar"},{"floor":12.0,"key":"Weak Potion"},{"floor":16.0,"key":"SpeedPotion"},{"floor":18.0,"key":"Dexterity Potion"},{"floor":24.0,"key":"Block Potion"},{"floor":33.0,"key":"Regen Potion"},{"floor":37,"key":"SpeedPotion"},{"floor":39,"key":"SpeedPotion"},{"floor":48,"key":"LiquidBronze"}],"is_trial":false,"path_per_floor":["M","?","?","M","M","R","E","T","T","$","E","M","$","M","R","B",null,"M","?","M","M","M","R","M","R","T","R","M","R","$","?","R","B",null,"M","?","M","$","M","R","?","M","T","M","M","$","R","E","R","B",null],"character_chosen":"THE_SILENT","items_purchased":["Footwork","Leg Sweep","Pen Nib","PiercingWail+1","Well Laid Plans"],"campfire_rested":2,"item_purchase_floors":[10,13,30,30,46],"current_hp_per_floor":[70,67,70,70,70,70,29,29,29,29,25,25,25,25,46,46,70,70,70,70,70,70,70,64,64,64,64,53,53,53,53,70,61,70,70,70,53,53,68,68,68,68,68,66,66,66,66,63,63,3],"gold":124,"neow_bonus":"THREE_ENEMY_KILL","is_prod":false,"is_daily":false,"chose_seed":false,"campfire_upgraded":8,"win_rate":0.0,"timestamp":1565529588,"path_taken":["M","?","?","?","M","R","E","?","T","$","E","M","$","M","R","BOSS","M","?","M","?","M","R","M","R","T","R","M","R","?","?","R","BOSS","M","?","M","$","M","R","?","M","T","M","?","?","R","E","R","BOSS"],"build_version":"2019-07-17","purchased_purges":3,"victory":true,"max_hp_per_floor":[70,70,70,70,70,70,70,70,70,70,70,70,70,70,70,70,70,70,70,70,70,70,70,70,70,70,70,70,70,70,70,70,70,70,70,70,70,70,70,70,70,70,70,70,70,70,70,70,70,70],"card_choices":[{"not_picked":["Flying Knee","Outmaneuver"],"picked":"Caltrops","floor":1.0},{"not_picked":["Choke","Tactician"],"picked":"Backflip","floor":4.0},{"not_picked":["Expertise","Skewer"],"picked":"Acrobatics","floor":5.0},{"not_picked":["Masterful Stab","Deflect"],"picked":"Noxious Fumes","floor":7.0},{"not_picked":["Slice","Heel Hook"],"picked":"Dodge and Roll","floor":11.0},{"not_picked":["Choke","Reflex"],"picked":"Deadly Poison","floor":12.0},{"not_picked":["Leg Sweep","Flying Knee"],"picked":"Slice","floor":14.0},{"not_picked":["Malaise","Doppelganger"],"picked":"After Image","floor":16.0},{"not_picked":["Heel Hook+1","Distraction+1"],"picked":"Catalyst+1","floor":18.0},{"not_picked":["Acrobatics+1","Bane"],"picked":"Distraction+1","floor":20.0},{"not_picked":["Poisoned Stab","Slice","Bane"],"picked":"SKIP","floor":21.0},{"not_picked":["Well Laid Plans","Deadly Poison+1"],"picked":"Escape Plan+1","floor":22.0},{"not_picked":["Flying Knee","Choke"],"picked":"Dodge and Roll+1","floor":24.0},{"not_picked":["Expertise+1","Die Die Die"],"picked":"Blur+1","floor":28.0},{"not_picked":["Burst+1","Phantasmal Killer+1"],"picked":"Envenom","floor":33.0},{"not_picked":["Deflect+1","Terror+1"],"picked":"Catalyst+1","floor":35},{"not_picked":["Caltrops+1","Backflip+1"],"picked":"Acrobatics+1","floor":37},{"not_picked":["Blade Dance+1","Dagger Spray+1"],"picked":"Backflip+1","floor":39},{"not_picked":["Poisoned Stab+1","Slice+1"],"picked":"A Thousand Cuts","floor":42},{"not_picked":["Tactician+1","Masterful Stab"],"picked":"Caltrops+1","floor":44},{"not_picked":["Tactician+1","Quick Slash+1"],"picked":"Backflip+1","floor":45},{"not_picked":["Quick Slash+1","Riddle With Holes"],"picked":"Acrobatics+1","floor":48}],"player_experience":60441,"relics_obtained":[{"floor":7.0,"key":"Lantern"},{"floor":8.0,"key":"War Paint"},{"floor":9.0,"key":"MawBank"},{"floor":11.0,"key":"Mercury Hourglass"},{"floor":17.0,"key":"Bag of Preparation"},{"floor":17.0,"key":"Toxic Egg 2"},{"floor":17.0,"key":"Thread and Needle"},{"floor":26.0,"key":"Snake Skull"},{"floor":43,"key":"Anchor"},{"floor":48,"key":"Potion Belt"}],"event_choices":[{"damage_healed":0.0,"max_hp_gain":0.0,"max_hp_loss":0.0,"gold_gain":0.0,"event_name":"Scrap Ooze","player_choice":"Fled","floor":2.0,"gold_loss":0.0,"damage_taken":3.0},{"cards_removed":["Caltrops"],"damage_healed":3.0,"max_hp_gain":0.0,"max_hp_loss":0.0,"gold_gain":0.0,"event_name":"Bonfire Elementals","player_choice":"Offered Uncommon","floor":3.0,"gold_loss":0.0,"damage_taken":0.0},{"damage_healed":0.0,"max_hp_gain":0.0,"max_hp_loss":0.0,"gold_gain":0.0,"event_name":"Accursed Blacksmith","player_choice":"Forge","floor":19.0,"gold_loss":0.0,"damage_taken":0.0,"cards_upgraded":["Noxious Fumes"]},{"cards_removed":["Strike_G"],"damage_healed":0.0,"max_hp_gain":0.0,"max_hp_loss":0.0,"gold_gain":0.0,"event_name":"Back to Basics","player_choice":"Elegance","floor":31.0,"gold_loss":0.0,"damage_taken":0.0},{"damage_healed":18,"gold_gain":0,"player_choice":"Writhe","damage_taken":0,"max_hp_gain":0,"max_hp_loss":0,"event_name":"Winding Halls","floor":36,"gold_loss":0,"cards_obtained":["Writhe"]},{"damage_healed":0,"gold_gain":100,"player_choice":"Pray","damage_taken":0,"max_hp_gain":0,"max_hp_loss":0,"event_name":"Golden Shrine","floor":41,"gold_loss":0}],"is_beta":false,"boss_relics":[{"not_picked":["Fusion Hammer","Runic Dome"],"picked":"Calling Bell"},{"not_picked":["Lizard Tail","Tiny House"],"picked":"Cursed Key"}],"items_purged_floors":[10,38,46],"is_endless":false,"potions_floor_spawned":[1,7,12,16,18,24,28,33,37,39,48],"ascension_level":0}