{"gold_per_floor":[20,31,46,62,79,79,113,188,188,217,232,77,94,105,105,208,208,228,228,247,262,162,162,37,64,91,91],"floor_reached":27,"playtime":5883,"items_purged":["Strike_R","Feel No Pain","Strike_R"],"score":272,"play_id":"be57efce-2e05-43b4-956a-1dd81b7d75ff","local_time":"20190207184554","is_ascension_mode":false,"campfire_choices":[{"data":"Armaments","floor":6.0,"key":"SMITH"},{"data":"Armaments","floor":15.0,"key":"SMITH"},{"data":"Body Slam","floor":23,"key":"SMITH"}],"neow_cost":"NO_GOLD","seed_source_timestamp":0,"circlet_count":0,"master_deck":["Strike_R","Strike_R","Strike_R","Defend_R","Defend_R","Defend_R","Defend_R","Bash","Armaments+1","Pommel Strike","Impervious","Body Slam","Body Slam+1","True Grit","Armaments+1","Ghostly Armor","Body Slam","Ghostly Armor","Barricade+1","Clothesline","Shrug It Off","Cleave"],"special_seed":0,"relics":["Burning Blood","Bag of Marbles","Dodecahedron","Pear","Philosopher\u0027s Stone","Darkstone Periapt","PreservedInsect"],"potions_floor_usage":[25],"damage_taken":[{"damage":6.0,"enemies":"Jaw Worm","floor":1.0,"turns":3.0},{"damage":3.0,"enemies":"Small Slimes","floor":2.0,"turns":3.0},{"damage":1.0,"enemies":"Cultist","floor":3.0,"turns":3.0},{"damage":10.0,"enemies":"Looter","floor":4.0,"turns":3.0},{"damage":0.0,"enemies":"3 Louse","floor":5.0,"turns":3.0},{"damage":16.0,"enemies":"3 Sentries","floor":7.0,"turns":9.0},{"damage":49.0,"enemies":"Gremlin Nob","floor":10.0,"turns":5.0},{"damage":13.0,"enemies":"2 Fungi Beasts","floor":11.0,"turns":3.0},{"damage":1.0,"enemies":"Exordium Wildlife","floor":13.0,"turns":2.0},{"damage":0.0,"enemies":"Large Slime","floor":14.0,"turns":6.0},{"damage":33.0,"enemies":"Slime Boss","floor":16.0,"turns":12.0},{"damage":6.0,"enemies":"Shell Parasite","floor":18.0,"turns":3.0},{"damage":0.0,"enemies":"Spheric Guardian","floor":20.0,"turns":4.0},{"damage":15.0,"enemies":"Chosen and Byrds","floor":21.0,"turns":9.0},{"damage":90,"enemies":"Gremlin Leader","floor":25,"turns":9},{"damage":13,"enemies":"Snake Plant","floor":27,"turns":2}],"seed_played":"-5816389293620244696","potions_obtained":[{"floor":4.0,"key":"Swift Potion"},{"floor":7.0,"key":"SteroidPotion"},{"floor":11.0,"key":"Dexterity Potion"},{"floor":13.0,"key":"Dexterity Potion"},{"floor":16.0,"key":"SpeedPotion"},{"floor":25,"key":"FearPotion"}],"is_trial":false,"path_per_floor":["M","M","M","M","M","R","E","?","T","E","M","$","M","M","R","B",null,"M","?","M","M","$","R","$","E","T","M"],"character_chosen":"IRONCLAD","items_purchased":["Feel No Pain"],"campfire_rested":0,"item_purchase_floors":[12],"current_hp_per_floor":[96,96,96,92,96,96,86,75,75,42,35,35,40,46,46,19,106,106,106,106,97,97,97,97,13,13,0],"gold":91,"neow_bonus":"TWENTY_PERCENT_HP_BONUS","is_prod":false,"is_daily":false,"chose_seed":false,"campfire_upgraded":3,"win_rate":0,"timestamp":1549561554,"path_taken":["M","M","M","M","M","R","E","?","T","E","M","$","M","M","R","BOSS","M","?","M","M","$","R","?","E","T","M"],"build_version":"2019-02-06","purchased_purges":3,"victory":false,"max_hp_per_floor":[96,96,96,96,96,96,96,96,96,106,106,106,106,106,106,106,106,106,106,106,106,106,106,106,106,106,106],"card_choices":[{"not_picked":["Thunderclap","Sword Boomerang"],"picked":"Armaments","floor":1.0},{"not_picked":["Fire Breathing","Intimidate"],"picked":"Pommel Strike","floor":2.0},{"not_picked":["Pummel","Rampage"],"picked":"Impervious","floor":3.0},{"not_picked":["Clothesline","Carnage"],"picked":"Body Slam","floor":4.0},{"not_picked":["Flex","Wild Strike"],"picked":"Body Slam","floor":5.0},{"not_picked":["Pommel Strike","Brutality"],"picked":"True Grit","floor":7.0},{"not_picked":["Cleave","Carnage"],"picked":"Armaments","floor":10.0},{"not_picked":["Metallicize","Dropkick"],"picked":"Ghostly Armor","floor":11.0},{"not_picked":["Flex","Clothesline"],"picked":"Body Slam","floor":13.0},{"not_picked":["Iron Wave","Sword Boomerang"],"picked":"Ghostly Armor","floor":14.0},{"not_picked":["Offering","Double Tap"],"picked":"Barricade","floor":16.0},{"not_picked":["Headbutt","Bloodletting"],"picked":"Clothesline","floor":18.0},{"not_picked":["Body Slam","Flex"],"picked":"Shrug It Off","floor":20.0},{"not_picked":["Pommel Strike","Bloodletting","Dropkick+1"],"picked":"SKIP","floor":21.0},{"not_picked":["Perfected Strike","Offering"],"picked":"Cleave","floor":25}],"player_experience":57983,"relics_obtained":[{"floor":7.0,"key":"Bag of Marbles"},{"floor":9.0,"key":"Dodecahedron"},{"floor":10.0,"key":"Pear"},{"floor":25,"key":"Darkstone Periapt"},{"floor":26,"key":"PreservedInsect"}],"event_choices":[{"damage_healed":0.0,"max_hp_gain":0.0,"max_hp_loss":0.0,"gold_gain":75.0,"event_name":"World of Goop","player_choice":"Gather Gold","floor":8.0,"gold_loss":0.0,"damage_taken":11.0},{"damage_healed":0.0,"max_hp_gain":0.0,"max_hp_loss":0.0,"gold_gain":0.0,"event_name":"Upgrade Shrine","player_choice":"Upgraded","floor":19.0,"gold_loss":0.0,"damage_taken":0.0,"cards_upgraded":["Barricade"]}],"is_beta":true,"boss_relics":[{"not_picked":["Eternal Feather","Cursed Key"],"picked":"Philosopher\u0027s Stone"}],"items_purged_floors":[12,22,24],"is_endless":false,"potions_floor_spawned":[4,7,11,13,16,25],"killed_by":"Snake Plant","ascension_level":0}