{"gold_per_floor":[116,41,56,72,72,104,123,154,154,167,167,167,167,186,186,291,291,307,207,219,25,25,25,58,58,83,109,109,134,152,187,187,286,286,304,264,276,48,61,90,90,90,116,116,147,247,274,288,288,288,288,288,37,66,66],"floor_reached":55,"playtime":5808,"items_purged":["Strike_R","Intimidate","Strike_R"],"score":1052,"play_id":"5898d026-f35e-491f-93c9-89913feeb2bf","local_time":"20190212185047","is_ascension_mode":true,"campfire_choices":[{"data":"Cleave","floor":11,"key":"SMITH"},{"floor":13,"key":"DIG"},{"data":"Pommel Strike","floor":15,"key":"SMITH"},{"data":"Barricade","floor":23,"key":"SMITH"},{"floor":28,"key":"DIG"},{"floor":32,"key":"DIG"},{"floor":42,"key":"DIG"},{"floor":44,"key":"RECALL"},{"data":"Whirlwind","floor":49,"key":"SMITH"},{"floor":52,"key":"DIG"}],"neow_cost":"NONE","seed_source_timestamp":240209267651922,"circlet_count":0,"master_deck":["Strike_R+1","Defend_R+1","Defend_R+1","Defend_R+1","Defend_R+1","Cleave+1","Shrug It Off+1","Pommel Strike+1","Rampage+1","Shockwave+1","Barricade+1","Rampage+1","Ghostly Armor+1","Inflame","Whirlwind+1"],"relics":["Burning Blood","Anchor","Shovel","War Paint","Mummified Hand","Gambling Chip","Red Skull","Busted Crown","Nilry\u0027s Codex","PreservedInsect","Centennial Puzzle","Paper Frog","Orichalcum","Boot","Vajra","Omamori","Empty Cage","Happy Flower","Lantern","Dream Catcher","FossilizedHelix","Calipers","Dodecahedron","Pantograph","Kunai","Mercury Hourglass"],"potions_floor_usage":[6,7,27,31,33,33,33,40,50,50],"damage_taken":[{"damage":4,"enemies":"Small Slimes","floor":1,"turns":4},{"damage":6,"enemies":"Cultist","floor":3,"turns":3},{"damage":2,"enemies":"Jaw Worm","floor":4,"turns":3},{"damage":21,"enemies":"3 Sentries","floor":6,"turns":8},{"damage":14,"enemies":"Gremlin Gang","floor":7,"turns":4},{"damage":30,"enemies":"Gremlin Nob","floor":8,"turns":5},{"damage":4,"enemies":"Exordium Thugs","floor":10,"turns":5},{"damage":0,"enemies":"2 Fungi Beasts","floor":14,"turns":2},{"damage":30,"enemies":"Slime Boss","floor":16,"turns":7},{"damage":6,"enemies":"2 Thieves","floor":18,"turns":4},{"damage":4,"enemies":"Chosen","floor":20,"turns":4},{"damage":0,"enemies":"Book of Stabbing","floor":24,"turns":6},{"damage":7,"enemies":"Gremlin Leader","floor":27,"turns":6},{"damage":0,"enemies":"Book of Stabbing","floor":29,"turns":4},{"damage":0,"enemies":"Snake Plant","floor":30,"turns":3},{"damage":9,"enemies":"Slavers","floor":31,"turns":4},{"damage":0,"enemies":"Automaton","floor":33,"turns":11},{"damage":0,"enemies":"Orb Walker","floor":35,"turns":4},{"damage":0,"enemies":"3 Shapes","floor":37,"turns":4},{"damage":7,"enemies":"Spire Growth","floor":39,"turns":4},{"damage":0,"enemies":"Nemesis","floor":40,"turns":5},{"damage":0,"enemies":"Reptomancer","floor":45,"turns":3},{"damage":0,"enemies":"Mind Bloom Boss Battle","floor":46,"turns":5},{"damage":0,"enemies":"Writhing Mass","floor":48,"turns":6},{"damage":73,"enemies":"Donu and Deca","floor":50,"turns":9},{"damage":40,"enemies":"Shield and Spear","floor":54,"turns":6},{"damage":71,"enemies":"The Heart","floor":55,"turns":8}],"seed_played":"1833079143571298882","potions_obtained":[{"floor":3,"key":"Dexterity Potion"},{"floor":6,"key":"Strength Potion"},{"floor":8,"key":"Poison Potion"},{"floor":16,"key":"AttackPotion"},{"floor":18,"key":"EssenceOfSteel"},{"floor":20,"key":"Fire Potion"},{"floor":29,"key":"Swift Potion"},{"floor":31,"key":"AttackPotion"},{"floor":37,"key":"Energy Potion"},{"floor":39,"key":"Fire Potion"},{"floor":45,"key":"Dexterity Potion"}],"is_trial":false,"path_per_floor":["M","$","M","M","?","E","M","E","T","M","R","?","R","M","R","B",null,"M","$","M","$","?","R","E","?","T","E","R","E","M","E","R","B",null,"M","?","M","$","M","E","?","R","T","R","E","?","T","M","R","B",null,"R","$","E","B"],"character_chosen":"IRONCLAD","items_purchased":["Rampage","Inflame","Happy Flower","Kunai"],"campfire_rested":0,"item_purchase_floors":[21,38,38,53],"current_hp_per_floor":[80,80,80,80,80,65,57,33,33,35,35,35,35,41,41,17,80,80,80,80,80,64,64,70,70,70,69,69,75,80,77,77,80,80,80,80,80,80,79,80,80,80,80,80,80,80,80,80,80,13,80,80,80,46,0],"gold":66,"neow_bonus":"RANDOM_COMMON_RELIC","is_prod":false,"is_daily":false,"chose_seed":false,"campfire_upgraded":4,"win_rate":0,"timestamp":1549993847,"path_taken":["M","$","M","M","?","E","M","E","T","?","R","?","R","M","R","BOSS","M","$","?","$","?","R","E","?","T","E","R","E","M","E","R","BOSS","M","?","?","$","M","E","?","R","T","R","E","?","?","M","R","BOSS","R","$","E","BOSS"],"build_version":"2019-02-06","purchased_purges":3,"victory":false,"max_hp_per_floor":[80,80,80,80,80,80,80,80,80,80,80,80,80,80,80,80,80,80,80,80,80,80,80,80,80,80,80,80,80,80,80,80,80,80,80,80,80,80,80,80,80,80,80,80,80,80,80,80,80,80,80,80,80,80,80],"card_choices":[{"not_picked":["Iron Wave","Disarm"],"picked":"Cleave","floor":1},{"not_picked":["Perfected Strike","Disarm"],"picked":"Shrug It Off","floor":3},{"not_picked":["Flex","Wild Strike"],"picked":"Pommel Strike","floor":4},{"not_picked":["Body Slam","Immolate"],"picked":"Rampage","floor":6},{"not_picked":["Ghostly Armor","Perfected Strike"],"picked":"Shockwave","floor":7},{"not_picked":["Rupture","Perfected Strike"],"picked":"Intimidate","floor":8},{"not_picked":["True Grit","Body Slam"],"picked":"Spot Weakness","floor":10},{"not_picked":["Anger","Entrench","Rampage"],"picked":"SKIP","floor":14},{"not_picked":["Immolate","Offering"],"picked":"Barricade","floor":16},{"not_picked":["Flex"],"picked":"SKIP","floor":18},{"not_picked":["Flex"],"picked":"SKIP","floor":20},{"not_picked":[],"picked":"Ghostly Armor+1","floor":24},{"not_picked":["Thunderclap"],"picked":"SKIP","floor":27},{"not_picked":["Searing Blow+1"],"picked":"SKIP","floor":29},{"not_picked":["Iron Wave"],"picked":"SKIP","floor":30},{"not_picked":["Metallicize"],"picked":"SKIP","floor":31},{"not_picked":["True Grit+1"],"picked":"SKIP","floor":35},{"not_picked":["Warcry+1"],"picked":"SKIP","floor":37},{"not_picked":["Corruption+1"],"picked":"SKIP","floor":39},{"not_picked":["Fire Breathing"],"picked":"SKIP","floor":40},{"not_picked":["Armaments+1"],"picked":"SKIP","floor":45},{"not_picked":[],"picked":"Whirlwind","floor":48},{"not_picked":["Clash"],"picked":"SKIP","floor":54}],"player_experience":111925,"relics_obtained":[{"floor":6,"key":"Shovel"},{"floor":8,"key":"War Paint"},{"floor":9,"key":"Mummified Hand"},{"floor":13,"key":"Red Skull"},{"floor":22,"key":"Nilry\u0027s Codex"},{"floor":24,"key":"PreservedInsect"},{"floor":26,"key":"Centennial Puzzle"},{"floor":27,"key":"Paper Frog"},{"floor":28,"key":"Orichalcum"},{"floor":29,"key":"Boot"},{"floor":31,"key":"Vajra"},{"floor":32,"key":"Omamori"},{"floor":40,"key":"Lantern"},{"floor":42,"key":"Dream Catcher"},{"floor":45,"key":"FossilizedHelix"},{"floor":46,"key":"Calipers"},{"floor":47,"key":"Dodecahedron"},{"floor":52,"key":"Pantograph"},{"floor":54,"key":"Mercury Hourglass"}],"event_choices":[{"cards_removed":["Strike_R"],"damage_healed":0,"gold_gain":0,"player_choice":"Purged","damage_taken":0,"max_hp_gain":0,"max_hp_loss":0,"event_name":"Purifier","floor":5,"gold_loss":0},{"damage_healed":0,"gold_gain":0,"player_choice":"Gave Potion","damage_taken":0,"relics_obtained":["Gambling Chip"],"max_hp_gain":0,"max_hp_loss":0,"event_name":"WeMeetAgain","floor":12,"gold_loss":0},{"damage_healed":0,"gold_gain":0,"player_choice":"Obtained Book","damage_taken":16,"max_hp_gain":0,"max_hp_loss":0,"event_name":"Cursed Tome","floor":22,"gold_loss":0},{"damage_healed":0,"gold_gain":0,"player_choice":"Simplicity","damage_taken":0,"max_hp_gain":0,"max_hp_loss":0,"event_name":"Back to Basics","floor":25,"gold_loss":0,"cards_upgraded":["Strike_R","Strike_R","Defend_R","Defend_R","Defend_R","Defend_R"]},{"damage_healed":0,"gold_gain":0,"player_choice":"Upgraded Two","damage_taken":0,"max_hp_gain":0,"max_hp_loss":0,"event_name":"Designer","floor":36,"gold_loss":40,"cards_upgraded":["Rampage","Rampage"]},{"cards_removed":["Strike_R"],"damage_healed":0,"gold_gain":0,"player_choice":"Removed Attack","damage_taken":0,"max_hp_gain":0,"max_hp_loss":0,"event_name":"Falling","floor":41,"gold_loss":0},{"damage_healed":0,"gold_gain":0,"player_choice":"Fight","damage_taken":0,"max_hp_gain":0,"max_hp_loss":0,"event_name":"MindBloom","floor":46,"gold_loss":0}],"is_beta":true,"boss_relics":[{"not_picked":["Lizard Tail","Astrolabe"],"picked":"Busted Crown"},{"not_picked":["Calling Bell","Orrery"],"picked":"Empty Cage"}],"items_purged_floors":[2,19,21],"is_endless":false,"potions_floor_spawned":[3,6,8,16,18,20,29,31,37,39,45],"killed_by":"The Heart","ascension_level":2}