{"gold_per_floor":[117,117,132,132,57,57,76,95,119,131,131,142,42,55,55,55],"floor_reached":16,"playtime":1092,"items_purged":["Strike_R","Strike_R"],"score":136,"play_id":"733e60f8-17a4-4efd-812f-2afbb2f573c0","local_time":"20190608235052","is_ascension_mode":true,"campfire_choices":[{"data":"Pommel Strike","floor":6.0,"key":"SMITH"},{"data":"Feed","floor":11.0,"key":"SMITH"},{"data":"Flex","floor":15.0,"key":"SMITH"}],"neow_cost":"PERCENT_DAMAGE","seed_source_timestamp":39818581153478,"circlet_count":0,"master_deck":["Strike_R+1","Defend_R","Defend_R+1","Defend_R","Defend_R","Bash","Shrug It Off","Pommel Strike+1","Thunderclap","Feed+1","Flex+1"],"special_seed":0,"relics":["Burning Blood","Kunai","Bag of Preparation"],"potions_floor_usage":[16,16],"damage_taken":[{"damage":1.0,"enemies":"Cultist","floor":1.0,"turns":3.0},{"damage":4.0,"enemies":"Jaw Worm","floor":3.0,"turns":3.0},{"damage":0.0,"enemies":"2 Louse","floor":7.0,"turns":2.0},{"damage":1.0,"enemies":"Red Slaver","floor":8.0,"turns":4.0},{"damage":3.0,"enemies":"Looter","floor":10.0,"turns":3.0},{"damage":8.0,"enemies":"Blue Slaver","floor":12.0,"turns":4.0},{"damage":4.0,"enemies":"Lots of Slimes","floor":14.0,"turns":4.0},{"damage":69,"enemies":"Slime Boss","floor":16,"turns":9}],"seed_played":"7333938278087419711","potions_obtained":[{"floor":1.0,"key":"LiquidBronze"},{"floor":14.0,"key":"SkillPotion"}],"is_trial":false,"path_per_floor":["M","T","M","?","$","R","M","M","T","M","R","M","$","M","R","B"],"character_chosen":"IRONCLAD","items_purchased":[],"campfire_rested":0,"item_purchase_floors":[],"current_hp_per_floor":[56,56,58,42,42,42,48,53,53,56,56,58,58,64,64,0],"gold":55,"neow_bonus":"REMOVE_TWO","is_prod":false,"is_daily":false,"chose_seed":false,"campfire_upgraded":3,"win_rate":0,"timestamp":1560052252,"path_taken":["M","?","M","?","?","R","M","M","T","M","R","?","$","M","R","BOSS"],"build_version":"2019-01-23","purchased_purges":2,"victory":false,"max_hp_per_floor":[80,80,80,80,80,80,80,80,80,80,80,84,84,88,88,92],"card_choices":[{"not_picked":["Intimidate","Power Through"],"picked":"Shrug It Off","floor":1.0},{"not_picked":["Hemokinesis","Anger"],"picked":"Pommel Strike","floor":3.0},{"not_picked":["Cleave","Burning Pact","Feel No Pain"],"picked":"SKIP","floor":7.0},{"not_picked":["Heavy Blade","Clothesline"],"picked":"Thunderclap","floor":8.0},{"not_picked":["Anger","Headbutt"],"picked":"Feed","floor":10.0},{"not_picked":["Wild Strike","Cleave"],"picked":"Flex","floor":12.0},{"not_picked":["Clothesline","Burning Pact","Armaments"],"picked":"SKIP","floor":14.0}],"player_experience":129165,"relics_obtained":[{"floor":2.0,"key":"Kunai"},{"floor":9.0,"key":"Bag of Preparation"}],"event_choices":[{"damage_healed":0.0,"max_hp_gain":0.0,"max_hp_loss":0.0,"gold_gain":0.0,"event_name":"Shining Light","player_choice":"Entered Light","floor":4.0,"gold_loss":0.0,"damage_taken":16.0,"cards_upgraded":["Defend_R","Strike_R"]}],"is_beta":false,"boss_relics":[],"items_purged_floors":[5,13],"is_endless":false,"potions_floor_spawned":[1,14],"killed_by":"Slime Boss","ascension_level":9}