{"gold_per_floor":[111,126,136,148,166,166,195,214,241,241,211,223,243,323,323,418,418,433,450,450,464,52,52,85,85,112,173,189,215,14,28,28,126,126,139,155,174,1173,1173],"floor_reached":39,"playtime":2738,"items_purged":["Strike_G","Strike_G"],"score":680,"play_id":"7bf1b990-b22a-4acc-a225-00f3cf493523","local_time":"20190322220958","is_ascension_mode":true,"campfire_choices":[{"data":"Footwork","floor":6.0,"key":"SMITH"},{"floor":10.0,"key":"REST"},{"floor":15.0,"key":"REST"},{"floor":23.0,"key":"REST"},{"floor":25.0,"key":"REST"},{"floor":32.0,"key":"REST"}],"neow_cost":"NONE","seed_source_timestamp":0,"circlet_count":0,"master_deck":["Defend_G","Defend_G","Defend_G","Defend_G","Strike_G","Strike_G","Strike_G","Survivor","Neutralize","Madness","PiercingWail","Masterful Stab","Footwork+1","Deflect","Bullet Time","Distraction","Backflip","Backflip","Cloak And Dagger","Masterful Stab","Die Die Die","Finisher","Endless Agony","Blade Dance","Footwork","Dagger Spray","Slice","Endless Agony+1","Masterful Stab","Footwork","Blade Dance+1","Cloak And Dagger","Normality","Normality"],"special_seed":0,"relics":["Ring of the Snake","Shuriken","Oddly Smooth Stone","Ornamental Fan","Fusion Hammer","Sling","Smiling Mask","Bag of Preparation","Tiny Chest","Boot","Dream Catcher","WristBlade"],"potions_floor_usage":[39],"damage_taken":[{"damage":0.0,"enemies":"Cultist","floor":1.0,"turns":5.0},{"damage":0.0,"enemies":"Jaw Worm","floor":2.0,"turns":5.0},{"damage":8.0,"enemies":"Small Slimes","floor":3.0,"turns":4.0},{"damage":0.0,"enemies":"Blue Slaver","floor":4.0,"turns":5.0},{"damage":23.0,"enemies":"Gremlin Gang","floor":5.0,"turns":7.0},{"damage":25.0,"enemies":"3 Sentries","floor":7.0,"turns":18.0},{"damage":0.0,"enemies":"Red Slaver","floor":8.0,"turns":1.0},{"damage":2.0,"enemies":"Looter","floor":11.0,"turns":4.0},{"damage":0.0,"enemies":"3 Louse","floor":12.0,"turns":5.0},{"damage":0.0,"enemies":"Blue Slaver","floor":13.0,"turns":2.0},{"damage":43.0,"enemies":"The Guardian","floor":16.0,"turns":18.0},{"damage":0.0,"enemies":"Shell Parasite","floor":18.0,"turns":8.0},{"damage":10.0,"enemies":"Spheric Guardian","floor":19.0,"turns":5.0},{"damage":18.0,"enemies":"Centurion and Healer","floor":21.0,"turns":7.0},{"damage":31.0,"enemies":"Gremlin Leader","floor":24.0,"turns":9.0},{"damage":0.0,"enemies":"Book of Stabbing","floor":27.0,"turns":4.0},{"damage":7.0,"enemies":"Cultist and Chosen","floor":28.0,"turns":8.0},{"damage":0.0,"enemies":"Shelled Parasite and Fungi","floor":31.0,"turns":5.0},{"damage":28.0,"enemies":"Collector","floor":33.0,"turns":8.0},{"damage":45.0,"enemies":"3 Darklings","floor":35.0,"turns":5.0},{"damage":0.0,"enemies":"3 Shapes","floor":36.0,"turns":3.0},{"damage":6.0,"enemies":"Spire Growth","floor":37.0,"turns":2.0},{"damage":36,"enemies":"Transient","floor":39,"turns":4}],"seed_played":"3016072804096083920","potions_obtained":[{"floor":1.0,"key":"SpeedPotion"},{"floor":5.0,"key":"Fire Potion"},{"floor":7.0,"key":"FearPotion"},{"floor":8.0,"key":"Dexterity Potion"},{"floor":12.0,"key":"Fire Potion"},{"floor":19.0,"key":"Swift Potion"},{"floor":24.0,"key":"PowerPotion"},{"floor":28.0,"key":"FairyPotion"},{"floor":31.0,"key":"SteroidPotion"},{"floor":37.0,"key":"GhostInAJar"}],"is_trial":false,"path_per_floor":["M","M","M","M","M","R","E","M","T","R","M","M","M","T","R","B",null,"M","M","?","M","$","R","E","R","T","E","M","T","$","M","R","B",null,"M","M","M","?","M"],"character_chosen":"THE_SILENT","items_purchased":["Blade Dance","Sling","Footwork","Dream Catcher"],"campfire_rested":5,"item_purchase_floors":[22,22,22,30],"current_hp_per_floor":[63,63,55,55,32,32,7,7,7,28,26,26,26,26,47,4,54,54,44,44,26,26,47,16,37,37,37,30,30,30,30,51,23,58,13,13,7,7,0],"gold":1173,"neow_bonus":"RANDOM_COLORLESS","is_prod":false,"is_daily":false,"chose_seed":false,"campfire_upgraded":1,"win_rate":0,"timestamp":1553317798,"path_taken":["M","M","M","M","M","R","E","M","T","R","?","M","M","?","R","BOSS","M","M","?","M","$","R","E","R","T","E","M","?","$","M","R","BOSS","M","M","M","?","M"],"build_version":"2019-01-23","purchased_purges":2,"victory":false,"max_hp_per_floor":[70,70,70,70,70,70,70,70,70,70,70,70,70,70,70,70,70,70,70,70,70,70,70,70,70,70,70,70,70,70,70,70,70,70,70,70,70,70,70],"card_choices":[{"not_picked":["Slice","Setup"],"picked":"PiercingWail","floor":1.0},{"not_picked":["Sucker Punch","Acrobatics"],"picked":"Masterful Stab","floor":2.0},{"not_picked":["Caltrops","Finisher"],"picked":"Footwork","floor":3.0},{"not_picked":["Quick Slash","Poisoned Stab"],"picked":"Deflect","floor":4.0},{"not_picked":["Sucker Punch","Accuracy"],"picked":"Bullet Time","floor":5.0},{"not_picked":["Dodge and Roll","Outmaneuver"],"picked":"Distraction","floor":7.0},{"not_picked":["Quick Slash","Calculated Gamble"],"picked":"Backflip","floor":8.0},{"not_picked":["Deadly Poison","Dagger Throw"],"picked":"Backflip","floor":11.0},{"not_picked":["Distraction","Finisher"],"picked":"Cloak And Dagger","floor":12.0},{"not_picked":["Cloak And Dagger","Slice"],"picked":"Masterful Stab","floor":13.0},{"not_picked":["Wraith Form v2","Envenom"],"picked":"Die Die Die","floor":16.0},{"not_picked":["Prepared","Dagger Throw"],"picked":"Finisher","floor":18.0},{"not_picked":["Sucker Punch+1","Dagger Throw"],"picked":"Endless Agony","floor":19.0},{"not_picked":["Underhanded Strike","Setup","Dodge and Roll+1"],"picked":"SKIP","floor":21.0},{"not_picked":["Flechettes+1","Outmaneuver"],"picked":"Dagger Spray","floor":24.0},{"not_picked":["Deadly Poison+1","Acrobatics"],"picked":"Slice","floor":27.0},{"not_picked":["Flying Knee+1","Bane"],"picked":"Endless Agony+1","floor":28.0},{"not_picked":["Noxious Fumes","Prepared"],"picked":"Masterful Stab","floor":31.0},{"not_picked":["Dagger Throw","Distraction"],"picked":"Footwork","floor":32.0},{"not_picked":["Deadly Poison+1","Dagger Throw","Deflect"],"picked":"SKIP","floor":35.0},{"not_picked":["Infinite Blades+1","Accuracy"],"picked":"Blade Dance+1","floor":36.0},{"not_picked":["Eviscerate+1","Sucker Punch"],"picked":"Cloak And Dagger","floor":37.0}],"player_experience":1236903,"relics_obtained":[{"floor":7.0,"key":"Shuriken"},{"floor":9.0,"key":"Oddly Smooth Stone"},{"floor":14.0,"key":"Ornamental Fan"},{"floor":24.0,"key":"Smiling Mask"},{"floor":26.0,"key":"Bag of Preparation"},{"floor":27.0,"key":"Tiny Chest"},{"floor":29.0,"key":"Boot"}],"event_choices":[{"cards_removed":["Defend_G"],"damage_healed":0.0,"max_hp_gain":0.0,"max_hp_loss":0.0,"gold_gain":0.0,"event_name":"Back to Basics","player_choice":"Elegance","floor":20.0,"gold_loss":0.0,"damage_taken":0.0},{"damage_healed":0,"gold_gain":999,"player_choice":"Gold","damage_taken":0,"max_hp_gain":0,"max_hp_loss":0,"event_name":"MindBloom","floor":38,"gold_loss":0,"cards_obtained":["Normality","Normality"]}],"is_beta":false,"boss_relics":[{"not_picked":["Cursed Key","Eternal Feather"],"picked":"Fusion Hammer"},{"not_picked":["Lizard Tail","Calling Bell"],"picked":"WristBlade"}],"items_purged_floors":[22,30],"is_endless":false,"potions_floor_spawned":[1,5,7,8,12,19,24,28,31,37],"killed_by":"Transient","ascension_level":9}