{"gold_per_floor":[110,8,20,20,20,20,56,75,75,75,110,110,110,125,125,254,254,268,268,300,300,55,55,71,71,95,95,107,107,137,154,154,251,251,268,490,501,184,184,184,210,210,288,288,301,318,331,11,11,11],"floor_reached":51,"playtime":2837,"items_purged":["Defend_B","Strike_B","Strike_B","Defend_B"],"score":1066,"play_id":"42b127e5-c780-4b91-8f3d-90a872ca5138","local_time":"20180907173516","is_ascension_mode":true,"campfire_choices":[{"data":"Rip and Tear","floor":6.0,"key":"SMITH"},{"data":"Darkness","floor":10.0,"key":"SMITH"},{"floor":12.0,"key":"REST"},{"data":"Stack","floor":15.0,"key":"SMITH"},{"data":"Seek","floor":23.0,"key":"SMITH"},{"data":"Self Repair","floor":25,"key":"SMITH"},{"data":"Genetic Algorithm","floor":29,"key":"SMITH"},{"data":"Redo","floor":32,"key":"SMITH"},{"floor":40,"key":"REST"},{"floor":42,"key":"REST"},{"floor":44,"key":"REST"},{"floor":49,"key":"REST"}],"neow_cost":"NONE","seed_source_timestamp":0,"circlet_count":0,"master_deck":["Strike_B","Defend_B+1","Defend_B","Zap","Dualcast","Rip and Tear+1","Leap","Darkness+1","Hologram+1","Stack+1","Seek+1","Darkness+1","Genetic Algorithm+1","Self Repair+1","Redo+1","Redo+1","Defragment","Buffer","Lockon+1","Loop","Stack","Force Field","Redo+1","Consume+1","Leap","Multi-Cast","Stack+1","Redo"],"special_seed":0,"relics":["Cracked Core","NeowsBlessing","Gambling Chip","Bloody Idol","Shuriken","Bottled Lightning","War Paint","Nuclear Battery","Red Mask","Regal Pillow","Bag of Marbles","Happy Flower","Fusion Hammer","Art of War","Sundial","Centennial Puzzle"],"potions_floor_usage":[30,50],"damage_taken":[{"damage":0.0,"enemies":"2 Louse","floor":1.0,"turns":1.0},{"damage":0.0,"enemies":"Small Slimes","floor":3.0,"turns":1.0},{"damage":0.0,"enemies":"3 Sentries","floor":7.0,"turns":1.0},{"damage":1.0,"enemies":"Cultist","floor":8.0,"turns":3.0},{"damage":13.0,"enemies":"Gremlin Nob","floor":11.0,"turns":4.0},{"damage":3.0,"enemies":"Looter","floor":14.0,"turns":3.0},{"damage":17.0,"enemies":"Hexaghost","floor":16.0,"turns":8.0},{"damage":14.0,"enemies":"Shell Parasite","floor":18.0,"turns":7.0},{"damage":16.0,"enemies":"Masked Bandits","floor":20.0,"turns":4.0},{"damage":0,"enemies":"3 Byrds","floor":24,"turns":4},{"damage":15,"enemies":"Snecko","floor":28,"turns":5},{"damage":6,"enemies":"Book of Stabbing","floor":30,"turns":4},{"damage":20,"enemies":"Centurion and Healer","floor":31,"turns":5},{"damage":26,"enemies":"Champ","floor":33,"turns":8},{"damage":0,"enemies":"Orb Walker","floor":35,"turns":4},{"damage":0,"enemies":"3 Shapes","floor":37,"turns":6},{"damage":4,"enemies":"Giant Head","floor":41,"turns":6},{"damage":0,"enemies":"Transient","floor":45,"turns":5},{"damage":13,"enemies":"3 Darklings","floor":46,"turns":8},{"damage":3,"enemies":"Sphere and 2 Shapes","floor":47,"turns":2},{"damage":24,"enemies":"Donu and Deca","floor":50,"turns":6}],"seed_played":"3548876009837455128","potions_obtained":[{"floor":1.0,"key":"Poison Potion"},{"floor":16.0,"key":"SkillPotion"},{"floor":20.0,"key":"Swift Potion"},{"floor":24,"key":"EssenceOfSteel"},{"floor":30,"key":"GamblersBrew"},{"floor":31,"key":"GamblersBrew"},{"floor":35,"key":"Energy Potion"},{"floor":47,"key":"SpeedPotion"}],"is_trial":false,"path_per_floor":["M","$","M","?","?","R","E","M","T","R","E","R","?","M","R","B",null,"M","?","?","?","$","R","M","R","T","$","M","R","E","M","R","B",null,"M","?","M","$","?","R","E","R","T","R","M","M","M","$","R","B"],"character_chosen":"DEFECT","items_purchased":["Leap","Regal Pillow","Loop","Stack","Force Field","Redo","Centennial Puzzle"],"campfire_rested":5,"item_purchase_floors":[2,22,38,38,38,48,48],"current_hp_per_floor":[68,68,68,56,38,38,38,37,37,37,24,46,46,43,43,26,63,49,49,38,38,38,38,43,43,48,48,48,48,57,52,52,41,67,75,75,75,75,75,75,75,75,75,75,75,75,75,75,75,61],"gold":11,"neow_bonus":"THREE_ENEMY_KILL","is_prod":false,"is_daily":false,"chose_seed":false,"campfire_upgraded":7,"win_rate":0,"timestamp":1536366916,"path_taken":["M","$","M","?","?","R","E","M","T","R","E","R","?","M","R","BOSS","M","?","?","?","$","R","?","R","T","$","M","R","E","M","R","BOSS","M","?","M","?","?","R","E","R","T","R","M","M","M","$","R","BOSS"],"build_version":"2018-09-06","purchased_purges":4,"victory":true,"max_hp_per_floor":[75,75,75,75,75,75,75,75,75,75,75,75,75,75,75,75,75,75,75,75,75,75,75,75,75,75,75,75,75,75,75,75,75,75,75,75,75,75,75,75,75,75,75,75,75,75,75,75,75,75],"card_choices":[{"not_picked":["Sunder","Beam Cell"],"picked":"Rip and Tear","floor":1.0},{"not_picked":["Compile Driver","Stack","Hello World"],"picked":"SKIP","floor":3.0},{"not_picked":["Sweeping Beam","Static Discharge"],"picked":"Darkness","floor":7.0},{"not_picked":["Skim","Sweeping Beam"],"picked":"Hologram","floor":8.0},{"not_picked":["Beam Cell","Aggregate","Force Field"],"picked":"SKIP","floor":11.0},{"not_picked":["Beam Cell","Turbo"],"picked":"Stack","floor":14.0},{"not_picked":["Creative AI","Meteor Strike"],"picked":"Seek","floor":16.0},{"not_picked":["Coolheaded","Rebound"],"picked":"Darkness+1","floor":18.0},{"not_picked":["Recycle+1","Go for the Eyes"],"picked":"Genetic Algorithm","floor":20.0},{"not_picked":["Rip and Tear","Chill"],"picked":"Self Repair","floor":24},{"not_picked":["Cold Snap","Electrodynamics"],"picked":"Redo+1","floor":28},{"not_picked":["Ball Lightning","Hologram"],"picked":"Redo","floor":30},{"not_picked":["Undo","Rebound"],"picked":"Defragment","floor":31},{"not_picked":["Seek","Biased Cognition"],"picked":"Buffer","floor":33},{"not_picked":["Steam Power+1","Rebound+1"],"picked":"Lockon+1","floor":35},{"not_picked":["Coolheaded+1","Aggregate+1","Static Discharge+1"],"picked":"SKIP","floor":37},{"not_picked":["Genetic Algorithm","Compile Driver"],"picked":"Consume+1","floor":41},{"not_picked":["Heatsinks","Chill+1"],"picked":"Leap","floor":45},{"not_picked":["Gash","Darkness+1"],"picked":"Multi-Cast","floor":46},{"not_picked":["Sweeping Beam","Gash"],"picked":"Stack+1","floor":47}],"player_experience":757906,"relics_obtained":[{"floor":7.0,"key":"Shuriken"},{"floor":9.0,"key":"Bottled Lightning"},{"floor":11.0,"key":"War Paint"},{"floor":20.0,"key":"Red Mask"},{"floor":26,"key":"Bag of Marbles"},{"floor":30,"key":"Happy Flower"},{"floor":41,"key":"Art of War"},{"floor":43,"key":"Sundial"}],"event_choices":[{"event_name":"Scrap Ooze","player_choice":"success","floor":4.0,"damage_taken":12.0},{"event_name":"Golden Idol","player_choice":"Take Damage","floor":5.0,"damage_taken":0.0},{"event_name":"Liars Game","player_choice":"disagreed","floor":13.0,"damage_taken":0.0},{"event_name":"Forgotten Altar","player_choice":"Gave Idol","floor":19.0,"damage_taken":0.0},{"event_name":"Masked Bandits","player_choice":"Fought Bandits","floor":20.0,"damage_taken":0.0},{"event_name":"Back to Basics","player_choice":"Elegance","floor":21.0,"damage_taken":0.0},{"event_name":"Tomb of Lord Red Mask","player_choice":"Wore Mask","floor":36,"damage_taken":0},{"event_name":"Duplicator","player_choice":"One dupe","floor":39,"damage_taken":0}],"is_beta":false,"boss_relics":[{"not_picked":["Runic Dome","Busted Crown"],"picked":"Nuclear Battery"},{"not_picked":["Empty Cage","Eternal Feather"],"picked":"Fusion Hammer"}],"items_purged_floors":[2,22,38,48],"is_endless":false,"potions_floor_spawned":[1,16,20,24,30,31,35,47],"ascension_level":9}