{"gold_per_floor":[116,126,3,18,193,193,205,238,238,238,238,251,251],"floor_reached":13,"playtime":967,"items_purged":[],"score":145,"play_id":"762f07ff-ddaa-43e8-8796-e601ecaf1dd1","local_time":"20181215125945","is_ascension_mode":true,"campfire_choices":[{"data":"Corruption","floor":6,"key":"SMITH"},{"data":"Evolve","floor":10,"key":"SMITH"}],"neow_cost":"NONE","seed_source_timestamp":151539978149568,"circlet_count":0,"master_deck":["AscendersBane","Strike_R","Strike_R","Strike_R","Strike_R","Strike_R","Defend_R","Defend_R","Defend_R","Defend_R","Bash","Flex","Evolve+1","Power Through","True Grit","Corruption+1","Doubt","Shockwave","Barricade","Injury","True Grit"],"relics":["Eternal Feather","Ginger","Bird Faced Urn","Golden Idol"],"potions_floor_usage":[8],"damage_taken":[{"damage":12,"enemies":"2 Louse","floor":1,"turns":3},{"damage":8,"enemies":"Jaw Worm","floor":2,"turns":4},{"damage":13,"enemies":"Small Slimes","floor":4,"turns":4},{"damage":8,"enemies":"Blue Slaver","floor":7,"turns":7},{"damage":13,"enemies":"3 Sentries","floor":8,"turns":14},{"damage":10,"enemies":"2 Fungi Beasts","floor":12,"turns":5},{"damage":40,"enemies":"Gremlin Nob","floor":13,"turns":5}],"seed_played":"-5361509990471535893","potions_obtained":[{"floor":2,"key":"FairyPotion"},{"floor":4,"key":"Block Potion"}],"is_trial":false,"path_per_floor":["M","M","$","M","?","R","M","E","T","R","?","M","E"],"character_chosen":"IRONCLAD","items_purchased":["Power Through","True Grit"],"campfire_rested":0,"item_purchase_floors":[3,3],"current_hp_per_floor":[56,48,48,35,35,44,36,23,23,32,32,26,0],"gold":251,"neow_bonus":"BOSS_RELIC","is_prod":false,"is_daily":false,"chose_seed":false,"campfire_upgraded":2,"win_rate":0,"timestamp":1544907585,"path_taken":["M","M","$","M","?","R","M","E","T","R","?","M","E"],"build_version":"2018-12-13","purchased_purges":0,"victory":false,"max_hp_per_floor":[75,75,75,75,75,75,75,75,75,75,75,75,75],"card_choices":[{"not_picked":["Headbutt","Warcry"],"picked":"Flex","floor":1},{"not_picked":["Fire Breathing","Evolve","Thunderclap"],"picked":"SKIP","floor":2},{"not_picked":["Fire Breathing","Thunderclap"],"picked":"Evolve","floor":2},{"not_picked":["Body Slam","Armaments"],"picked":"Corruption","floor":4},{"not_picked":["Armaments","Headbutt"],"picked":"Shockwave","floor":7},{"not_picked":["Rampage","Armaments"],"picked":"Barricade","floor":8},{"not_picked":["Pommel Strike","Inflame"],"picked":"True Grit","floor":12}],"player_experience":1046548,"relics_obtained":[{"floor":8,"key":"Ginger"},{"floor":9,"key":"Bird Faced Urn"}],"event_choices":[{"damage_healed":0,"gold_gain":175,"player_choice":"AGREE","damage_taken":0,"max_hp_gain":0,"max_hp_loss":0,"event_name":"Liars Game","floor":5,"gold_loss":0,"cards_obtained":["Doubt"]},{"damage_healed":0,"gold_gain":0,"player_choice":"Take Wound","damage_taken":0,"relics_obtained":["Golden Idol"],"max_hp_gain":0,"max_hp_loss":0,"event_name":"Golden Idol","floor":11,"gold_loss":0,"cards_obtained":["Injury"]}],"is_beta":false,"boss_relics":[],"items_purged_floors":[],"is_endless":false,"potions_floor_spawned":[2,4],"killed_by":"Gremlin Nob","ascension_level":14}