{"gold_per_floor":[110,35,35,50,150,150,179,179,255,282,282,187,187,198,198,297,297,308,109,109,126,126,126,152,163,213,213],"floor_reached":27,"playtime":1517,"items_purged":["Strike_R","Normality","Strike_R"],"score":320,"play_id":"5f48a4ab-3666-41a6-8226-74e2973b097f","local_time":"20180820000420","is_ascension_mode":true,"campfire_choices":[{"data":"Pummel","floor":6,"key":"SMITH"},{"data":"Cleave","floor":8,"key":"SMITH"},{"floor":11,"key":"REST"},{"data":"Bash","floor":15,"key":"SMITH"},{"data":"Limit Break","floor":23,"key":"SMITH"}],"neow_cost":"NONE","seed_source_timestamp":240339870409743,"circlet_count":0,"master_deck":["Strike_R","Defend_R","Defend_R","Bash+1","Pummel+1","Cleave+1","Shrug It Off","Twin Strike","Limit Break+1","Rupture+1","Shockwave+1","Infernal Blade+1","Shrug It Off","Decay","Parasite","Spot Weakness","Inflame"],"relics":["Cursed Key","Vajra","Boot","Smiling Mask","Question Card","Astrolabe","Tiny Chest","Bottled Tornado","Darkstone Periapt","Omamori","Anchor"],"potions_floor_usage":[16,16,24,24],"damage_taken":[{"damage":0,"enemies":"Cultist","floor":1,"turns":3},{"damage":7,"enemies":"Jaw Worm","floor":4,"turns":2},{"damage":15,"enemies":"3 Sentries","floor":7,"turns":9},{"damage":16,"enemies":"Gremlin Nob","floor":10,"turns":3},{"damage":0,"enemies":"Small Slimes","floor":14,"turns":2},{"damage":32,"enemies":"The Guardian","floor":16,"turns":14},{"damage":4,"enemies":"Chosen","floor":18,"turns":3},{"damage":11,"enemies":"2 Thieves","floor":21,"turns":3},{"damage":16,"enemies":"Book of Stabbing","floor":24,"turns":4},{"damage":38,"enemies":"Centurion and Healer","floor":25,"turns":5},{"damage":7,"enemies":"Shelled Parasite and Fungi","floor":27,"turns":2}],"seed_played":"-4001386230527199236","potions_obtained":[{"floor":1,"key":"Weak Potion"},{"floor":10,"key":"Fruit Juice"},{"floor":18,"key":"GamblersBrew"},{"floor":21,"key":"Poison Potion"}],"is_trial":false,"path_per_floor":["M","$","?","M","?","R","E","R","T","E","R","$","?","M","R","B",null,"M","$","T","M","T","R","E","M","T"],"character_chosen":"IRONCLAD","items_purchased":["Shrug It Off","Tiny Chest","Shrug It Off"],"campfire_rested":1,"item_purchase_floors":[12,19,19],"current_hp_per_floor":[72,72,65,58,58,58,43,43,43,27,51,51,51,51,51,24,70,66,66,66,55,61,61,45,7,7,0],"gold":213,"neow_bonus":"BOSS_RELIC","is_prod":false,"is_daily":false,"chose_seed":false,"campfire_upgraded":4,"win_rate":0,"timestamp":1534748660,"path_taken":["M","$","?","M","?","R","E","R","T","E","R","$","?","?","R","BOSS","M","$","?","M","?","R","E","M","T","M"],"build_version":"2018-08-16","purchased_purges":3,"victory":false,"max_hp_per_floor":[80,80,80,80,80,80,80,80,80,80,80,80,80,80,80,85,85,85,85,85,85,91,91,91,91,91,91],"card_choices":[{"not_picked":["Dropkick","Shockwave"],"picked":"Pummel","floor":1},{"not_picked":["Disarm","Body Slam","Pommel Strike"],"picked":"SKIP","floor":4},{"not_picked":["True Grit","Fire Breathing"],"picked":"Cleave","floor":7},{"not_picked":["Disarm","Bloodletting","Wild Strike"],"picked":"SKIP","floor":10},{"not_picked":["Headbutt","Havoc","Berserk","Clash"],"picked":"SKIP","floor":14},{"not_picked":["Offering","Fiend Fire","Juggernaut"],"picked":"Limit Break","floor":16},{"not_picked":["Clash","Clothesline+1","Feel No Pain","Body Slam"],"picked":"SKIP","floor":18},{"not_picked":["Evolve","Carnage","Cleave","Rage"],"picked":"SKIP","floor":21},{"not_picked":["Anger","Rupture","Havoc+1"],"picked":"Spot Weakness","floor":24},{"not_picked":["Thunderclap","Pommel Strike","Wild Strike"],"picked":"Inflame","floor":25}],"player_experience":687131,"relics_obtained":[{"floor":7,"key":"Boot"},{"floor":9,"key":"Smiling Mask"},{"floor":10,"key":"Question Card"},{"floor":20,"key":"Bottled Tornado"},{"floor":22,"key":"Darkstone Periapt"},{"floor":24,"key":"Omamori"},{"floor":26,"key":"Anchor"}],"event_choices":[{"event_name":"Scrap Ooze","player_choice":"success","floor":3,"damage_taken":7},{"event_name":"Golden Shrine","player_choice":"Pray","floor":5,"damage_taken":0},{"event_name":"Transmorgrifier","player_choice":"Transform","floor":13,"damage_taken":0}],"is_beta":false,"boss_relics":[{"not_picked":["White Beast Statue","Lizard Tail"],"picked":"Astrolabe"}],"items_purged_floors":[2,12,19],"is_endless":false,"potions_floor_spawned":[1,10,18,21],"killed_by":"Shelled Parasite and Fungi","ascension_level":7}