{"gold_per_floor":[118,118,118,118,68,68,14,14,40,83,103,123,139,162,162,287,287,312,115,131,149,168,168,207,207,207,306,327,327,327,367,367,486,486,509,264,264,289,289,310,310,310,310,310,310],"floor_reached":45,"playtime":1197,"items_purged":["Entrench+1","Strike_R"],"score":456,"play_id":"7e0d1f4a-fa46-4447-800b-94f2549254d5","local_time":"20190710213840","is_ascension_mode":false,"campfire_choices":[{"data":"Inflame","floor":6,"key":"SMITH"},{"data":"Heavy Blade","floor":8,"key":"SMITH"},{"floor":15,"key":"REST"},{"data":"Heavy Blade","floor":23,"key":"SMITH"},{"floor":30,"key":"REST"},{"data":"Inflame","floor":32,"key":"SMITH"},{"floor":41,"key":"REST"},{"floor":44,"key":"REST"}],"neow_cost":"NONE","seed_source_timestamp":1196313573825592,"circlet_count":0,"master_deck":["Strike_R+1","Strike_R+1","Strike_R+1","Strike_R+1","Bash+1","Exhume+1","Inflame+1","Power Through+1","Heavy Blade+1","Dual Wield+1","Inflame+1","Warcry+1","Combust+1","Rage+1","Heavy Blade+1","Sword Boomerang+1","Inflame+1","Sword Boomerang+1","Sword Boomerang+1","Rupture+1","Clash+1","Limit Break+1","Flex+1","Dramatic Entrance+1","Twin Strike+1"],"relics":["Burning Blood","Golden Idol","Omamori","Orichalcum","Art of War","Astrolabe","Pen Nib","Blue Candle","Shuriken","Red Mask","Fusion Hammer","Anchor","Mark of the Bloom","Question Card"],"potions_floor_usage":[16,16,24,24,29],"damage_taken":[{"damage":2,"enemies":"Small Slimes","floor":1,"turns":3},{"damage":26,"enemies":"3 Sentries","floor":10,"turns":9},{"damage":2,"enemies":"2 Louse","floor":11,"turns":3},{"damage":7,"enemies":"Jaw Worm","floor":12,"turns":3},{"damage":20,"enemies":"Gremlin Gang","floor":13,"turns":7},{"damage":3,"enemies":"2 Fungi Beasts","floor":14,"turns":2},{"damage":37,"enemies":"The Guardian","floor":16,"turns":10},{"damage":21,"enemies":"Spheric Guardian","floor":18,"turns":4},{"damage":11,"enemies":"Shell Parasite","floor":20,"turns":3},{"damage":3,"enemies":"Sentry and Sphere","floor":21,"turns":3},{"damage":0,"enemies":"Snecko","floor":22,"turns":3},{"damage":23,"enemies":"Gremlin Leader","floor":24,"turns":5},{"damage":29,"enemies":"Centurion and Healer","floor":28,"turns":5},{"damage":5,"enemies":"Colosseum Slavers","floor":29,"turns":3},{"damage":19,"enemies":"Masked Bandits","floor":31,"turns":3},{"damage":26,"enemies":"Automaton","floor":33,"turns":6},{"damage":6,"enemies":"Orb Walker","floor":35,"turns":2},{"damage":26,"enemies":"3 Shapes","floor":38,"turns":3},{"damage":15,"enemies":"Jaw Worm Horde","floor":40,"turns":3},{"damage":0,"enemies":"Writhing Mass","floor":45,"turns":1}],"seed_played":"-6364267476594254631","potions_obtained":[{"floor":10,"key":"Fire Potion"},{"floor":13,"key":"EssenceOfSteel"},{"floor":14,"key":"GamblersBrew"},{"floor":16,"key":"Strength Potion"},{"floor":18,"key":"BloodPotion"},{"floor":20,"key":"Weak Potion"},{"floor":28,"key":"Fire Potion"},{"floor":31,"key":"Ancient Potion"},{"floor":33,"key":"Strength Potion"}],"is_trial":false,"path_per_floor":["M","?","?","?","?","R","$","R","T","E","M","M","M","M","R","B",null,"M","$","M","M","M","R","E","?","T","?","M","?","R","?","R","B",null,"M","$","?","M","?","M","R","?","T","R","M"],"character_chosen":"IRONCLAD","items_purchased":["Heavy Blade","Sword Boomerang","Inflame","Anchor"],"campfire_rested":4,"item_purchase_floors":[7,19,19,36],"current_hp_per_floor":[80,60,60,60,60,60,60,60,60,40,44,43,29,32,56,25,80,65,65,60,63,69,69,52,52,52,52,29,30,54,41,41,21,80,80,80,80,60,60,51,75,75,75,75,75],"gold":310,"neow_bonus":"ONE_RANDOM_RARE_CARD","is_prod":false,"is_daily":false,"chose_seed":false,"campfire_upgraded":4,"win_rate":0,"timestamp":1562819920,"path_taken":["M","?","?","?","?","R","$","R","T","E","M","?","M","M","R","BOSS","M","$","M","?","M","R","E","?","T","?","M","?","R","?","R","BOSS","M","$","?","M","?","M","R","?","T","R","M"],"build_version":"2019-07-05","purchased_purges":2,"victory":false,"max_hp_per_floor":[80,80,80,80,80,80,80,80,80,80,80,80,80,80,80,80,80,80,80,80,80,80,80,80,80,80,80,80,80,80,80,80,80,80,80,80,80,80,80,80,80,80,80,80,80],"card_choices":[{"not_picked":["Twin Strike","Warcry"],"picked":"Inflame","floor":1},{"not_picked":["Anger","Bludgeon"],"picked":"Dual Wield","floor":10},{"not_picked":["Combust","Anger"],"picked":"Inflame","floor":11},{"not_picked":["Shockwave","Fire Breathing","True Grit"],"picked":"SKIP","floor":12},{"not_picked":["Infernal Blade","Uppercut","Rage"],"picked":"SKIP","floor":13},{"not_picked":["Havoc","Flame Barrier"],"picked":"Warcry","floor":14},{"not_picked":["Bloodletting","Wild Strike"],"picked":"Heavy Blade","floor":18},{"not_picked":["Body Slam","Burning Pact"],"picked":"Sword Boomerang","floor":20},{"not_picked":["Twin Strike","Anger+1"],"picked":"Sword Boomerang+1","floor":21},{"not_picked":["Perfected Strike+1","Evolve","Barricade"],"picked":"SKIP","floor":22},{"not_picked":["Cleave","True Grit+1"],"picked":"Rupture+1","floor":24},{"not_picked":["Armaments","Perfected Strike","Reckless Charge"],"picked":"SKIP","floor":28},{"not_picked":["Pommel Strike","Perfected Strike+1"],"picked":"Clash","floor":31},{"not_picked":["Barricade","Immolate"],"picked":"Limit Break","floor":33},{"not_picked":["Carnage","Thunderclap+1"],"picked":"Flex+1","floor":35},{"not_picked":["Pommel Strike","Clothesline+1","True Grit"],"picked":"SKIP","floor":38},{"not_picked":["Purity","Panacea"],"picked":"Dramatic Entrance","floor":39},{"not_picked":["Armaments+1","Havoc+1"],"picked":"Twin Strike","floor":40}],"player_experience":1435816,"relics_obtained":[{"floor":9,"key":"Orichalcum"},{"floor":10,"key":"Art of War"},{"floor":24,"key":"Pen Nib"},{"floor":26,"key":"Shuriken"},{"floor":31,"key":"Red Mask"},{"floor":43,"key":"Question Card"}],"event_choices":[{"damage_healed":0,"gold_gain":0,"player_choice":"Take Damage","damage_taken":20,"relics_obtained":["Golden Idol"],"max_hp_gain":0,"max_hp_loss":0,"event_name":"Golden Idol","floor":2,"gold_loss":0},{"damage_healed":0,"gold_gain":0,"cards_transformed":["Defend_R"],"player_choice":"Change","damage_taken":0,"max_hp_gain":0,"max_hp_loss":0,"event_name":"Living Wall","floor":3,"gold_loss":0,"cards_obtained":["Power Through"]},{"damage_healed":0,"gold_gain":0,"player_choice":"Box","damage_taken":0,"relics_obtained":["Omamori"],"max_hp_gain":0,"max_hp_loss":0,"event_name":"Big Fish","floor":4,"gold_loss":0,"cards_obtained":["Regret"]},{"cards_removed":["Regret"],"damage_healed":0,"gold_gain":0,"player_choice":"Card Removal","damage_taken":0,"max_hp_gain":0,"max_hp_loss":0,"event_name":"The Cleric","floor":5,"gold_loss":50},{"damage_healed":0,"gold_gain":0,"player_choice":"Opened","damage_taken":0,"relics_obtained":["Blue Candle"],"max_hp_gain":0,"max_hp_loss":0,"event_name":"The Mausoleum","floor":25,"gold_loss":0,"cards_obtained":["Writhe"]},{"damage_healed":0,"gold_gain":99,"player_choice":"Stole From Cult","damage_taken":0,"max_hp_gain":0,"max_hp_loss":0,"event_name":"Nest","floor":27,"gold_loss":0},{"damage_healed":0,"gold_gain":0,"player_choice":"Fight","damage_taken":0,"max_hp_gain":0,"max_hp_loss":0,"event_name":"Colosseum","floor":29,"gold_loss":0},{"damage_healed":0,"gold_gain":0,"player_choice":"Fled From Nobs","damage_taken":0,"max_hp_gain":0,"max_hp_loss":0,"event_name":"Colosseum","floor":29,"gold_loss":0},{"damage_healed":0,"gold_gain":0,"player_choice":"Fought Bandits","damage_taken":0,"max_hp_gain":0,"max_hp_loss":0,"event_name":"Masked Bandits","floor":31,"gold_loss":0},{"damage_healed":0,"gold_gain":0,"player_choice":"Ignored","damage_taken":0,"max_hp_gain":0,"max_hp_loss":0,"event_name":"Mysterious Sphere","floor":37,"gold_loss":0},{"damage_healed":0,"gold_gain":0,"player_choice":"Memory 1","damage_taken":0,"max_hp_gain":0,"max_hp_loss":0,"event_name":"SensoryStone","floor":39,"gold_loss":0},{"damage_healed":0,"gold_gain":0,"player_choice":"Upgrade","damage_taken":0,"relics_obtained":["Mark of the Bloom"],"max_hp_gain":0,"max_hp_loss":0,"event_name":"MindBloom","floor":42,"gold_loss":0,"cards_upgraded":["Strike_R","Strike_R","Strike_R","Strike_R","Bash","Exhume","Power Through","Dual Wield","Warcry","Sword Boomerang","Inflame","Sword Boomerang","Clash","Limit Break","Dramatic Entrance","Twin Strike"]}],"is_beta":false,"boss_relics":[{"not_picked":["Mark of Pain","Black Star"],"picked":"Astrolabe"},{"not_picked":["White Beast Statue","Tiny House"],"picked":"Fusion Hammer"}],"items_purged_floors":[19,36],"is_endless":false,"potions_floor_spawned":[10,13,14,16,18,20,28,31,33,40],"killed_by":"Writhing Mass","ascension_level":0}