{"gold_per_floor":[167,242,256,556,270,270,299,299,299,299,363,380,406,65,65,142,142,157,82,96,96,70,70,84,98,178,195,195,195,195,23,23,100,100,116,131,131,50,50,50,82,82],"floor_reached":42,"playtime":1967,"items_purged":["Strike_B"],"score":846,"play_id":"e9be574a-58a0-4e9b-8f16-a802412c5be3","local_time":"20190420231623","is_ascension_mode":true,"campfire_choices":[{"floor":6,"key":"REST"},{"data":"Chaos","floor":8,"key":"SMITH"},{"data":"Chaos","floor":10,"key":"SMITH"},{"floor":15,"key":"REST"},{"floor":23,"key":"REST"},{"floor":28,"key":"REST"},{"floor":30,"key":"RECALL"},{"floor":32,"key":"REST"},{"floor":40,"key":"REST"}],"neow_cost":"NONE","seed_source_timestamp":789928769361971,"circlet_count":0,"master_deck":["AscendersBane","Strike_B+1","Strike_B","Defend_B","Defend_B","Defend_B","Defend_B","Zap","Dualcast","Chaos+1","Compile Driver","FTL","Melter","Chaos+1","FTL","Coolheaded","Compile Driver","Leap","Cold Snap","Compile Driver","Conserve Battery+1","Chaos","Electrodynamics","Stack+1","Hologram+1","Capacitor","Madness","Madness","Leap"],"relics":["Tiny House","Old Coin","Blood Vial","Pear","Blue Candle","Potion Belt","Lantern","Emotion Chip","Fusion Hammer","Shuriken","Happy Flower","White Beast Statue","Unceasing Top"],"potions_floor_usage":[7,13,16,16,25,42],"damage_taken":[{"damage":8,"enemies":"2 Louse","floor":1,"turns":5},{"damage":7,"enemies":"Jaw Worm","floor":3,"turns":3},{"damage":25,"enemies":"Lagavulin","floor":7,"turns":6},{"damage":28,"enemies":"Lagavulin Event","floor":11,"turns":4},{"damage":0,"enemies":"Small Slimes","floor":12,"turns":3},{"damage":14,"enemies":"3 Sentries","floor":13,"turns":8},{"damage":4,"enemies":"Hexaghost","floor":16,"turns":7},{"damage":29,"enemies":"Chosen","floor":18,"turns":4},{"damage":28,"enemies":"2 Thieves","floor":20,"turns":5},{"damage":23,"enemies":"Snecko","floor":24,"turns":6},{"damage":10,"enemies":"3 Cultists","floor":25,"turns":5},{"damage":0,"enemies":"Sentry and Sphere","floor":27,"turns":3},{"damage":82,"enemies":"Automaton","floor":33,"turns":10},{"damage":5,"enemies":"3 Shapes","floor":35,"turns":3},{"damage":1,"enemies":"Orb Walker","floor":36,"turns":3},{"damage":54,"enemies":"Nemesis","floor":41,"turns":9},{"damage":54,"enemies":"Transient","floor":42,"turns":6}],"seed_played":"1206736873385081914","potions_obtained":[{"floor":0,"key":"Regen Potion"},{"floor":7,"key":"Dexterity Potion"},{"floor":11,"key":"Weak Potion"},{"floor":12,"key":"LiquidBronze"},{"floor":18,"key":"FearPotion"},{"floor":20,"key":"Block Potion"},{"floor":35,"key":"Weak Potion"},{"floor":36,"key":"Strength Potion"},{"floor":41,"key":"PowerPotion"}],"is_trial":false,"path_per_floor":["M","?","M","?","$","R","E","R","T","R","?","M","E","$","R","B",null,"M","?","M","?","$","R","M","M","T","M","R","?","R","$","R","B",null,"M","M","?","$","?","R","E","M"],"character_chosen":"DEFECT","items_purchased":["Blood Vial","Melter","Emotion Chip","Cold Snap","Happy Flower","Capacitor"],"campfire_rested":6,"item_purchase_floors":[5,5,14,22,31,38],"current_hp_per_floor":[61,50,43,38,38,60,62,62,62,62,36,38,26,26,51,49,77,50,50,24,12,12,37,16,8,8,10,35,96,96,96,96,14,76,73,74,74,74,57,85,33,0],"gold":82,"neow_bonus":"BOSS_RELIC","is_prod":false,"is_daily":false,"chose_seed":false,"campfire_upgraded":2,"win_rate":0,"timestamp":1555827383,"path_taken":["M","?","M","?","?","R","E","R","T","R","?","M","E","$","R","BOSS","M","?","M","?","$","R","M","?","T","M","R","?","R","$","R","BOSS","M","?","?","?","?","R","E","?"],"build_version":"2019-01-23","purchased_purges":1,"victory":false,"max_hp_per_floor":[76,76,76,76,76,76,86,86,86,86,86,86,86,86,86,86,86,86,86,86,86,86,86,86,86,86,86,86,96,96,96,96,96,96,96,96,96,96,96,96,96,96],"card_choices":[{"not_picked":["Rebound","Sweeping Beam"],"picked":"Chaos","floor":0},{"not_picked":["Hologram","Ball Lightning"],"picked":"Compile Driver","floor":1},{"not_picked":["Leap","Chill"],"picked":"FTL","floor":3},{"not_picked":["Hologram","Fusion"],"picked":"Chaos","floor":7},{"not_picked":["Beam Cell","Conserve Battery"],"picked":"FTL","floor":11},{"not_picked":["Heatsinks","Force Field","Thunder Strike"],"picked":"SKIP","floor":12},{"not_picked":["Chill","Stack"],"picked":"Coolheaded","floor":13},{"not_picked":["Core Surge","Hyperbeam"],"picked":"Multi-Cast","floor":16},{"not_picked":["Go for the Eyes+1","Streamline"],"picked":"Compile Driver","floor":18},{"not_picked":["Gash","Redo"],"picked":"Leap","floor":20},{"not_picked":["Turbo","Sunder"],"picked":"Compile Driver","floor":24},{"not_picked":["Genetic Algorithm","Go for the Eyes"],"picked":"Conserve Battery+1","floor":25},{"not_picked":["Stack","Consume"],"picked":"Chaos","floor":27},{"not_picked":["Amplify","Reboot"],"picked":"Electrodynamics","floor":33},{"not_picked":["Loop","Turbo+1"],"picked":"Stack+1","floor":35},{"not_picked":["Stack","Redo"],"picked":"Hologram+1","floor":36},{"not_picked":["Melter","Ball Lightning"],"picked":"Leap","floor":41}],"player_experience":1290608,"relics_obtained":[{"floor":7,"key":"Pear"},{"floor":9,"key":"Blue Candle"},{"floor":11,"key":"Potion Belt"},{"floor":13,"key":"Lantern"},{"floor":26,"key":"Shuriken"},{"floor":41,"key":"Unceasing Top"}],"event_choices":[{"damage_healed":0,"gold_gain":75,"player_choice":"Gather Gold","damage_taken":11,"max_hp_gain":0,"max_hp_loss":0,"event_name":"World of Goop","floor":2,"gold_loss":0},{"damage_healed":0,"gold_gain":0,"player_choice":"Success","damage_taken":5,"relics_obtained":["Old Coin"],"max_hp_gain":0,"max_hp_loss":0,"event_name":"Scrap Ooze","floor":4,"gold_loss":0},{"damage_healed":0,"gold_gain":0,"player_choice":"Searched \u00272\u0027 times","damage_taken":0,"max_hp_gain":0,"max_hp_loss":0,"event_name":"Dead Adventurer","floor":11,"gold_loss":0},{"cards_removed":["Strike_B"],"damage_healed":0,"gold_gain":0,"player_choice":"Gave Gold","damage_taken":0,"max_hp_gain":0,"max_hp_loss":0,"event_name":"Beggar","floor":19,"gold_loss":75},{"damage_healed":0,"gold_gain":0,"player_choice":"Damaged","damage_taken":12,"max_hp_gain":0,"max_hp_loss":0,"event_name":"Wheel of Change","floor":21,"gold_loss":0},{"cards_removed":["Multi-Cast"],"damage_healed":51,"gold_gain":0,"player_choice":"Offered Rare","damage_taken":0,"max_hp_gain":10,"max_hp_loss":0,"event_name":"Bonfire Elementals","floor":29,"gold_loss":0},{"damage_healed":0,"gold_gain":0,"player_choice":"Ignored","damage_taken":0,"max_hp_gain":0,"max_hp_loss":0,"event_name":"Tomb of Lord Red Mask","floor":37,"gold_loss":0},{"damage_healed":0,"gold_gain":0,"player_choice":"Embrace Madness","damage_taken":17,"max_hp_gain":0,"max_hp_loss":0,"event_name":"Winding Halls","floor":39,"gold_loss":0,"cards_obtained":["Madness","Madness"]}],"is_beta":false,"boss_relics":[{"not_picked":["Nuclear Battery","Coffee Dripper"],"picked":"Fusion Hammer"},{"not_picked":["Calling Bell","Pandora\u0027s Box"],"picked":"White Beast Statue"}],"items_purged_floors":[5],"is_endless":false,"potions_floor_spawned":[7,11,12,18,20,35,36,41],"killed_by":"Transient","ascension_level":17}