{"gold_per_floor":[118,118,130,55,75,75,75,75,75,86,86,141,161,177,177,177],"floor_reached":16,"playtime":276,"items_purged":["Defend_G"],"score":92,"play_id":"d5050f7b-a3c8-4fd9-8075-d1562ca656c5","local_time":"20181027172848","is_ascension_mode":false,"campfire_choices":[{"data":"Riddle With Holes","floor":6,"key":"SMITH"},{"data":"Blade Dance","floor":11,"key":"SMITH"},{"floor":15,"key":"REST"}],"neow_cost":"NONE","seed_source_timestamp":246632100319775,"circlet_count":0,"master_deck":["Defend_G","Defend_G","Defend_G","Strike_G","Strike_G","Strike_G","Strike_G","Strike_G","Survivor","Neutralize","Sucker Punch","Riddle With Holes+1","Blade Dance","Blade Dance+1","Choke","Adrenaline"],"relics":["Ring of the Snake","NeowsBlessing","Matryoshka","Oddly Smooth Stone","Orichalcum"],"potions_floor_usage":[10,14],"damage_taken":[{"damage":0,"enemies":"Jaw Worm","floor":1,"turns":1},{"damage":0,"enemies":"Small Slimes","floor":3,"turns":1},{"damage":0,"enemies":"2 Louse","floor":5,"turns":1},{"damage":13,"enemies":"Gremlin Gang","floor":10,"turns":3},{"damage":7,"enemies":"Red Slaver","floor":13,"turns":2},{"damage":0,"enemies":"Exordium Wildlife","floor":14,"turns":2},{"damage":0,"enemies":"Hexaghost","floor":16,"turns":1}],"seed_played":"8615510647114287380","potions_obtained":[{"floor":3,"key":"FearPotion"},{"floor":5,"key":"FearPotion"},{"floor":8,"key":"AttackPotion"},{"floor":13,"key":"AttackPotion"}],"is_trial":false,"path_per_floor":["M","?","M","$","M","R","?","?","T","M","R","T","M","M","R"],"character_chosen":"THE_SILENT","items_purchased":[],"campfire_rested":1,"item_purchase_floors":[],"current_hp_per_floor":[70,63,63,63,63,63,63,63,63,50,50,50,43,43,64,64],"gold":177,"neow_bonus":"THREE_ENEMY_KILL","is_prod":false,"is_daily":false,"chose_seed":false,"campfire_upgraded":2,"win_rate":0,"timestamp":1540686528,"path_taken":["M","?","?","$","M","R","?","?","T","M","R","?","?","M","R","BOSS"],"build_version":"2018-10-25v2","purchased_purges":1,"victory":false,"max_hp_per_floor":[70,70,70,70,70,70,70,70,70,70,70,70,70,70,70,70],"card_choices":[{"not_picked":["Backflip","PiercingWail"],"picked":"Sucker Punch","floor":1},{"not_picked":["Caltrops","Setup"],"picked":"Riddle With Holes","floor":3},{"not_picked":["Cloak And Dagger","Prepared"],"picked":"Blade Dance","floor":5},{"not_picked":["Prepared","Outmaneuver"],"picked":"Blade Dance","floor":10},{"not_picked":["Underhanded Strike","Acrobatics"],"picked":"Choke","floor":13},{"not_picked":["Dagger Spray","Crippling Poison"],"picked":"Adrenaline","floor":14}],"player_experience":916282,"relics_obtained":[{"floor":9,"key":"Matryoshka"},{"floor":12,"key":"Oddly Smooth Stone"},{"floor":12,"key":"Orichalcum"}],"event_choices":[{"cards_removed":["Defend_G"],"damage_healed":0,"gold_gain":0,"player_choice":"Card Removal","damage_taken":7,"max_hp_gain":0,"max_hp_loss":0,"event_name":"Golden Wing","floor":2,"gold_loss":0},{"damage_healed":0,"gold_gain":0,"player_choice":"Searched \u00270\u0027 times","damage_taken":0,"max_hp_gain":0,"max_hp_loss":0,"event_name":"Dead Adventurer","floor":7,"gold_loss":0},{"damage_healed":0,"gold_gain":0,"player_choice":"Got Potions","damage_taken":0,"max_hp_gain":0,"max_hp_loss":0,"event_name":"The Lab","floor":8,"gold_loss":0}],"is_beta":false,"boss_relics":[],"items_purged_floors":[4],"is_endless":false,"potions_floor_spawned":[3,5,13],"killed_by":"Hexaghost","ascension_level":0}