{"gold_per_floor":[117,128,146,71,88,123,123,141,141,168,179,192,192,192,192,287,287,303,303,403,45,60,92,107,0,23,52,67,67,67,167,167,270,270,289,308,326,326,341,368,368,398,398,412,432,460,476,278,278,278],"floor_reached":51,"playtime":5897,"items_purged":["Strike_B","Parasite","Self Repair"],"score":766,"play_id":"80456bd0-9aad-4fbe-97b9-399bd9a0019c","local_time":"20190212164910","is_ascension_mode":false,"campfire_choices":[{"data":"Ball Lightning","floor":7.0,"key":"SMITH"},{"data":"Sweeping Beam","floor":13.0,"key":"SMITH"},{"data":"Zap","floor":15.0,"key":"SMITH"},{"floor":29.0,"key":"REST"},{"floor":32.0,"key":"REST"},{"data":"Seek","floor":41.0,"key":"SMITH"},{"floor":49,"key":"REST"}],"neow_cost":"NONE","seed_source_timestamp":0,"circlet_count":0,"master_deck":["Defend_B+1","Defend_B+1","Defend_B+1","Defend_B+1","Zap+1","Dualcast+1","Double Energy+1","Ball Lightning+1","Sweeping Beam+1","Seek+1","Capacitor+1","Skim+1","Leap+1","Ball Lightning+1","Consume+1","Electrodynamics","BootSequence+1","Ball Lightning+1","Defragment+1","Barrage+1","Echo Form"],"special_seed":0,"relics":["Cracked Core","Orichalcum","Happy Flower","Question Card","Matryoshka","Astrolabe","Molten Egg 2","Centennial Puzzle","Ancient Tea Set","Potion Belt","Bag of Marbles","War Paint","PreservedInsect","Ice Cream","Shuriken","Empty Cage","Anchor","Omamori","Regal Pillow","Letter Opener"],"potions_floor_usage":[50],"damage_taken":[{"damage":5.0,"enemies":"Jaw Worm","floor":1.0,"turns":3.0},{"damage":0.0,"enemies":"Cultist","floor":2.0,"turns":3.0},{"damage":0.0,"enemies":"Small Slimes","floor":3.0,"turns":2.0},{"damage":9.0,"enemies":"Blue Slaver","floor":5.0,"turns":3.0},{"damage":9.0,"enemies":"Lagavulin","floor":6.0,"turns":6.0},{"damage":0.0,"enemies":"2 Fungi Beasts","floor":8.0,"turns":2.0},{"damage":8.0,"enemies":"Gremlin Nob","floor":10.0,"turns":3.0},{"damage":0.0,"enemies":"Large Slime","floor":11.0,"turns":3.0},{"damage":4.0,"enemies":"Gremlin Gang","floor":12.0,"turns":3.0},{"damage":30.0,"enemies":"Hexaghost","floor":16.0,"turns":8.0},{"damage":26.0,"enemies":"Shell Parasite","floor":18.0,"turns":6.0},{"damage":0.0,"enemies":"Spheric Guardian","floor":22.0,"turns":2.0},{"damage":0.0,"enemies":"Gremlin Leader","floor":23.0,"turns":6.0},{"damage":9.0,"enemies":"Shelled Parasite and Fungi","floor":24.0,"turns":5.0},{"damage":24.0,"enemies":"Book of Stabbing","floor":27.0,"turns":5.0},{"damage":11.0,"enemies":"Snake Plant","floor":28.0,"turns":3.0},{"damage":6.0,"enemies":"Colosseum Slavers","floor":31.0,"turns":4.0},{"damage":0.0,"enemies":"Colosseum Nobs","floor":31.0,"turns":4.0},{"damage":8.0,"enemies":"Collector","floor":33.0,"turns":6.0},{"damage":0.0,"enemies":"Orb Walker","floor":35.0,"turns":3.0},{"damage":23.0,"enemies":"3 Darklings","floor":36.0,"turns":3.0},{"damage":18.0,"enemies":"Transient","floor":37.0,"turns":5.0},{"damage":16.0,"enemies":"Writhing Mass","floor":39.0,"turns":5.0},{"damage":11.0,"enemies":"Giant Head","floor":40.0,"turns":7.0},{"damage":33.0,"enemies":"Nemesis","floor":42.0,"turns":5.0},{"damage":10.0,"enemies":"4 Shapes","floor":44.0,"turns":4.0},{"damage":0.0,"enemies":"Spire Growth","floor":45.0,"turns":4.0},{"damage":7.0,"enemies":"Giant Head","floor":46.0,"turns":5.0},{"damage":24,"enemies":"Writhing Mass","floor":47,"turns":4},{"damage":47,"enemies":"Time Eater","floor":50,"turns":8}],"seed_played":"8103932447394974018","potions_obtained":[{"floor":2.0,"key":"Block Potion"},{"floor":3.0,"key":"SpeedPotion"},{"floor":8.0,"key":"SkillPotion"},{"floor":11.0,"key":"Poison Potion"},{"floor":12.0,"key":"Ancient Potion"},{"floor":22.0,"key":"GamblersBrew"},{"floor":24.0,"key":"AttackPotion"},{"floor":31.0,"key":"FearPotion"},{"floor":39.0,"key":"SkillPotion"},{"floor":42.0,"key":"SneckoOil"},{"floor":44.0,"key":"Energy Potion"},{"floor":45.0,"key":"Fire Potion"},{"floor":46,"key":"Explosive Potion"}],"is_trial":false,"path_per_floor":["M","M","M","$","M","E","R","M","T","E","M","M","R","?","R","B",null,"M","?","?","$","M","E","M","?","T","E","M","R","T","?","R","B",null,"M","M","M","?","M","E","R","E","T","M","M","E","M","$","R","B",null],"character_chosen":"DEFECT","items_purchased":["Molten Egg 2","Echo Form"],"campfire_rested":3,"item_purchase_floors":[21,48],"current_hp_per_floor":[70,70,70,70,61,52,52,52,52,44,44,40,40,58,58,28,75,49,49,49,49,49,49,40,40,40,16,5,26,26,20,41,40,72,72,49,38,72,63,59,59,33,33,30,37,37,20,20,56,9],"gold":278,"neow_bonus":"RANDOM_COMMON_RELIC","is_prod":false,"is_daily":false,"chose_seed":false,"campfire_upgraded":4,"win_rate":0.0,"timestamp":1549986550,"path_taken":["M","M","M","$","M","E","R","M","T","E","M","M","R","?","R","BOSS","M","?","?","$","M","E","?","?","T","E","M","R","?","?","R","BOSS","M","M","M","?","M","E","R","E","T","?","M","E","M","$","R","BOSS"],"build_version":"2019-02-06","purchased_purges":3,"victory":true,"max_hp_per_floor":[75,75,75,75,75,75,75,75,75,75,75,75,75,75,75,75,75,75,75,75,72,72,72,72,72,72,72,72,72,72,72,72,72,72,72,72,72,72,72,72,72,72,72,72,72,72,72,72,72,72],"card_choices":[{"not_picked":["Streamline","Consume"],"picked":"Double Energy","floor":1.0},{"not_picked":["Streamline","Genetic Algorithm"],"picked":"Ball Lightning","floor":2.0},{"not_picked":["Force Field","Darkness","White Noise"],"picked":"SKIP","floor":3.0},{"not_picked":["Stack","Sunder","Compile Driver"],"picked":"SKIP","floor":5.0},{"not_picked":["Steam","Chaos"],"picked":"Sweeping Beam","floor":6.0},{"not_picked":["Compile Driver","Barrage","Steam"],"picked":"SKIP","floor":8.0},{"not_picked":["Go for the Eyes","Fission","Hologram","Gash"],"picked":"SKIP","floor":10.0},{"not_picked":["Cold Snap","Redo","Loop","Beam Cell"],"picked":"SKIP","floor":11.0},{"not_picked":["Heatsinks","Redo","Reinforced Body","Coolheaded"],"picked":"SKIP","floor":12.0},{"not_picked":["Creative AI","Fission","Multi-Cast"],"picked":"Seek","floor":16.0},{"not_picked":["Rip and Tear","Turbo","Beam Cell"],"picked":"Melter","floor":18.0},{"not_picked":["Auto Shields+1","Hologram","Conserve Battery"],"picked":"Skim+1","floor":22.0},{"not_picked":["BootSequence","Doom and Gloom+1","Steam+1"],"picked":"Leap+1","floor":23.0},{"not_picked":["Chaos","Cold Snap+1","Rebound+1"],"picked":"Ball Lightning+1","floor":24.0},{"not_picked":["Stack","Rainbow","Rebound+1","Sweeping Beam+1"],"picked":"SKIP","floor":27.0},{"not_picked":["Heatsinks","FTL+1","Turbo"],"picked":"Consume+1","floor":28.0},{"not_picked":["Auto Shields","Reprogram","Beam Cell+1"],"picked":"Self Repair","floor":31.0},{"not_picked":["Echo Form","Creative AI","Buffer"],"picked":"Electrodynamics","floor":33.0},{"not_picked":["Genetic Algorithm+1","Leap+1","Force Field+1"],"picked":"BootSequence+1","floor":35.0},{"not_picked":["Conserve Battery+1","Rebound+1","Go for the Eyes+1","Cold Snap+1"],"picked":"SKIP","floor":36.0},{"not_picked":["Glacier+1","Coolheaded","Stack+1"],"picked":"Ball Lightning+1","floor":37.0},{"not_picked":["Storm","Stack+1","Go for the Eyes+1","Turbo"],"picked":"SKIP","floor":39.0},{"not_picked":["Beam Cell+1","Redo+1","Leap","Multi-Cast"],"picked":"SKIP","floor":40.0},{"not_picked":["Leap","Undo","Stack","Steam"],"picked":"SKIP","floor":42.0},{"not_picked":["Rebound+1","Skim+1","Coolheaded+1"],"picked":"Defragment+1","floor":44.0},{"not_picked":["Beam Cell+1","Hello World+1","Fusion"],"picked":"Barrage+1","floor":45.0},{"not_picked":["Glacier+1","Static Discharge+1","Heatsinks+1","Gash+1"],"picked":"SKIP","floor":46},{"not_picked":["Force Field","Fusion","Reprogram+1","Sweeping Beam+1"],"picked":"SKIP","floor":47}],"player_experience":106028,"relics_obtained":[{"floor":6.0,"key":"Happy Flower"},{"floor":9.0,"key":"Question Card"},{"floor":10.0,"key":"Matryoshka"},{"floor":23.0,"key":"Centennial Puzzle"},{"floor":26.0,"key":"Ancient Tea Set"},{"floor":26.0,"key":"Potion Belt"},{"floor":27.0,"key":"Bag of Marbles"},{"floor":30.0,"key":"War Paint"},{"floor":30.0,"key":"PreservedInsect"},{"floor":31.0,"key":"Ice Cream"},{"floor":31.0,"key":"Shuriken"},{"floor":40.0,"key":"Anchor"},{"floor":42.0,"key":"Omamori"},{"floor":43.0,"key":"Regal Pillow"},{"floor":46,"key":"Letter Opener"}],"event_choices":[{"damage_healed":18.0,"max_hp_gain":0.0,"max_hp_loss":0.0,"gold_gain":0.0,"event_name":"Mushrooms","player_choice":"Healed and dodged fight","floor":14.0,"gold_loss":0.0,"damage_taken":0.0,"cards_obtained":["Parasite"]},{"damage_healed":0.0,"max_hp_gain":0.0,"max_hp_loss":0.0,"gold_gain":0.0,"event_name":"Back to Basics","player_choice":"Simplicity","floor":19.0,"gold_loss":0.0,"damage_taken":0.0,"cards_upgraded":["Defend_B","Defend_B","Defend_B","Defend_B"]},{"damage_healed":0.0,"max_hp_gain":0.0,"max_hp_loss":0.0,"gold_gain":100.0,"event_name":"Golden Shrine","player_choice":"Pray","floor":20.0,"gold_loss":0.0,"damage_taken":0.0},{"damage_healed":0.0,"max_hp_gain":0.0,"max_hp_loss":0.0,"gold_gain":0.0,"event_name":"Masked Bandits","player_choice":"Paid Fearfully","floor":25.0,"gold_loss":107.0,"damage_taken":0.0},{"damage_healed":0.0,"max_hp_gain":0.0,"max_hp_loss":0.0,"gold_gain":0.0,"event_name":"Colosseum","player_choice":"Fight","floor":31.0,"gold_loss":0.0,"damage_taken":0.0},{"damage_healed":0.0,"max_hp_gain":0.0,"max_hp_loss":0.0,"gold_gain":0.0,"event_name":"Colosseum","player_choice":"Fought Nobs","floor":31.0,"gold_loss":0.0,"damage_taken":0.0},{"cards_removed":["Melter"],"damage_healed":34.0,"max_hp_gain":0.0,"max_hp_loss":0.0,"gold_gain":0.0,"event_name":"Bonfire Elementals","player_choice":"Offered Uncommon","floor":38.0,"gold_loss":0.0,"damage_taken":0.0}],"is_beta":true,"boss_relics":[{"not_picked":["Calling Bell","Philosopher\u0027s Stone"],"picked":"Astrolabe"},{"not_picked":["Nuclear Battery","Lizard Tail"],"picked":"Empty Cage"}],"items_purged_floors":[4,21,48],"is_endless":false,"potions_floor_spawned":[2,3,8,11,12,22,24,31,39,42,44,45,46],"ascension_level":0}