{"gold_per_floor":[111,131,4,20,20,20,50,50,50,50,50,67,85,10,10,81,81,81,81,6,6,6,6,6,6,6,6,6,6,6,6,6,6,6,6,6,6,6,6,6,6,6,6,6,6,6,6,6,6,6],"floor_reached":51,"playtime":8431,"items_purged":["Strike_G"],"score":1383,"play_id":"655afc55-163c-4afb-a7b6-e24489eb4cc2","local_time":"20190616220003","is_ascension_mode":true,"campfire_choices":[{"data":"Catalyst","floor":6,"key":"SMITH"},{"floor":8,"key":"REST"},{"data":"Noxious Fumes","floor":10,"key":"SMITH"},{"data":"Neutralize","floor":15,"key":"SMITH"},{"data":"Crippling Poison","floor":23,"key":"SMITH"},{"floor":25,"key":"REST"},{"data":"Bouncing Flask","floor":27,"key":"SMITH"},{"floor":32,"key":"REST"},{"floor":40,"key":"REST"},{"floor":42,"key":"REST"},{"data":"Catalyst","floor":44,"key":"SMITH"},{"data":"Catalyst","floor":49,"key":"SMITH"}],"neow_cost":"NONE","seed_source_timestamp":28546801394142,"circlet_count":0,"master_deck":["AscendersBane","Survivor","Neutralize+1","Backflip","Flying Knee","Bouncing Flask","Noxious Fumes+1","Dodge and Roll","Catalyst+1","Dash","Crippling Poison+1","Leg Sweep","Deflect","Bullet Time","Noxious Fumes","Bouncing Flask+1","Storm of Steel","Backflip","Backflip","Blade Dance","Sucker Punch","Corpse Explosion","Deadly Poison+1","Dodge and Roll","Crippling Poison","Crippling Poison","Phantasmal Killer","Prepared","Die Die Die","Blur","Glass Knife","Blade Dance","Cloak And Dagger","Madness","Madness","Outmaneuver+1","Catalyst+1","Calculated Gamble","Endless Agony","PiercingWail","Catalyst+1","Leg Sweep","Parasite"],"relics":["Ring of the Snake","Thread and Needle","Prayer Wheel","Ectoplasm","Enchiridion","Kunai","Anchor","Pandora\u0027s Box","Ninja Scroll","Oddly Smooth Stone"],"potions_floor_usage":[16,22,28,33,39,50],"damage_taken":[{"damage":3,"enemies":"Jaw Worm","floor":1,"turns":5},{"damage":8,"enemies":"Small Slimes","floor":2,"turns":3},{"damage":0,"enemies":"Cultist","floor":4,"turns":4},{"damage":28,"enemies":"3 Sentries","floor":7,"turns":7},{"damage":0,"enemies":"Blue Slaver","floor":12,"turns":3},{"damage":0,"enemies":"2 Fungi Beasts","floor":13,"turns":4},{"damage":0,"enemies":"Hexaghost","floor":16,"turns":8},{"damage":8,"enemies":"Spheric Guardian","floor":18,"turns":6},{"damage":0,"enemies":"2 Thieves","floor":20,"turns":4},{"damage":13,"enemies":"Sentry and Sphere","floor":22,"turns":6},{"damage":1,"enemies":"Book of Stabbing","floor":24,"turns":5},{"damage":0,"enemies":"Centurion and Healer","floor":28,"turns":5},{"damage":0,"enemies":"Cultist and Chosen","floor":29,"turns":4},{"damage":10,"enemies":"Snake Plant","floor":30,"turns":3},{"damage":3,"enemies":"Centurion and Healer","floor":31,"turns":4},{"damage":0,"enemies":"Champ","floor":33,"turns":15},{"damage":1,"enemies":"3 Darklings","floor":35,"turns":3},{"damage":0,"enemies":"3 Shapes","floor":37,"turns":2},{"damage":17,"enemies":"Jaw Worm Horde","floor":38,"turns":3},{"damage":7,"enemies":"Spire Growth","floor":39,"turns":6},{"damage":18,"enemies":"Maw","floor":41,"turns":5},{"damage":38,"enemies":"Reptomancer","floor":46,"turns":5},{"damage":0,"enemies":"Writhing Mass","floor":47,"turns":6},{"damage":51,"enemies":"Time Eater","floor":50,"turns":7}],"seed_played":"4172182393424822848","potions_obtained":[{"floor":4,"key":"Weak Potion"},{"floor":7,"key":"PowerPotion"},{"floor":16,"key":"Explosive Potion"},{"floor":18,"key":"FearPotion"},{"floor":20,"key":"Regen Potion"},{"floor":24,"key":"FearPotion"},{"floor":29,"key":"PowerPotion"},{"floor":30,"key":"GhostInAJar"},{"floor":46,"key":"Poison Potion"},{"floor":47,"key":"Swift Potion"}],"is_trial":false,"path_per_floor":["M","M","$","M","?","R","E","R","T","R","?","M","M","$","R","B",null,"M","?","M","?","M","R","E","R","T","R","M","M","M","M","R","B",null,"M","?","M","M","M","R","M","R","T","R","?","E","M","?","R","B",null],"character_chosen":"THE_SILENT","items_purchased":["Noxious Fumes","Dodge and Roll"],"campfire_rested":5,"item_purchase_floors":[3,3],"current_hp_per_floor":[56,48,48,48,48,48,20,39,39,39,39,39,39,39,39,39,59,51,30,30,30,32,32,31,50,50,50,50,50,40,37,56,56,64,63,51,51,34,27,46,28,47,47,47,47,9,9,54,54,3],"gold":6,"neow_bonus":"THREE_CARDS","is_prod":false,"is_daily":false,"chose_seed":false,"campfire_upgraded":7,"win_rate":0,"timestamp":1560747603,"path_taken":["M","M","$","M","?","R","E","R","T","R","?","M","?","$","R","BOSS","M","?","M","?","M","R","E","R","T","R","M","M","M","M","R","BOSS","M","?","M","M","M","R","M","R","T","R","?","E","M","?","R","BOSS"],"build_version":"2019-01-23","purchased_purges":1,"victory":true,"max_hp_per_floor":[66,66,66,66,66,66,66,66,66,66,66,66,66,66,66,66,66,66,66,66,66,66,66,66,66,66,66,66,66,66,66,66,66,66,66,66,66,66,66,66,66,66,66,66,66,66,66,54,54,54],"card_choices":[{"not_picked":["Sucker Punch","Slice"],"picked":"Backflip","floor":0},{"not_picked":["Choke","Quick Slash"],"picked":"Flying Knee","floor":1},{"not_picked":["Heel Hook","Catalyst"],"picked":"Bouncing Flask","floor":2},{"not_picked":["Masterful Stab","Heel Hook"],"picked":"Catalyst","floor":4},{"not_picked":["Storm of Steel","Flying Knee","Flechettes"],"picked":"SKIP","floor":7},{"not_picked":["Dagger Throw","Dodge and Roll"],"picked":"Crippling Poison","floor":12},{"not_picked":["Heel Hook","Masterful Stab","Dagger Throw"],"picked":"SKIP","floor":12},{"not_picked":["Cloak And Dagger","Predator"],"picked":"Leg Sweep","floor":13},{"not_picked":["Backflip","Backstab"],"picked":"Deflect","floor":13},{"not_picked":["Doppelganger","Tools of the Trade"],"picked":"Bullet Time","floor":16},{"not_picked":["Blade Dance","PiercingWail"],"picked":"Noxious Fumes","floor":18},{"not_picked":["Endless Agony","Poisoned Stab","Dagger Spray"],"picked":"SKIP","floor":18},{"not_picked":["Eviscerate","All Out Attack","Deadly Poison"],"picked":"SKIP","floor":20},{"not_picked":["Terror","Underhanded Strike","Cloak And Dagger+1"],"picked":"SKIP","floor":20},{"not_picked":["Sucker Punch+1","Prepared"],"picked":"Bouncing Flask","floor":22},{"not_picked":["Concentrate","Endless Agony","Deadly Poison"],"picked":"SKIP","floor":22},{"not_picked":["Flying Knee","Calculated Gamble"],"picked":"Storm of Steel","floor":24},{"not_picked":["Leg Sweep+1","Finisher"],"picked":"Backflip","floor":28},{"not_picked":["Bane","Acrobatics"],"picked":"Backflip","floor":28},{"not_picked":["Flying Knee","Accuracy"],"picked":"Blade Dance","floor":29},{"not_picked":["Accuracy","Expertise+1"],"picked":"Sucker Punch","floor":29},{"not_picked":["Bane","Deadly Poison"],"picked":"Corpse Explosion","floor":30},{"not_picked":["Acrobatics","Poisoned Stab"],"picked":"Deadly Poison+1","floor":30},{"not_picked":["Dagger Spray","Distraction"],"picked":"Dodge and Roll","floor":31},{"not_picked":["Outmaneuver","Sucker Punch"],"picked":"Crippling Poison","floor":31},{"not_picked":["Slice+1","Outmaneuver"],"picked":"Cloak And Dagger","floor":35},{"not_picked":["Accuracy+1","Dagger Throw","Calculated Gamble"],"picked":"SKIP","floor":35},{"not_picked":["Quick Slash+1","Caltrops"],"picked":"Slice","floor":37},{"not_picked":["Poisoned Stab","Bouncing Flask+1"],"picked":"Outmaneuver+1","floor":37},{"not_picked":["Bane","Dagger Spray"],"picked":"Catalyst","floor":38},{"not_picked":["Predator+1","Sucker Punch+1","Unload"],"picked":"SKIP","floor":38},{"not_picked":["Flying Knee+1","Bane+1"],"picked":"Calculated Gamble","floor":39},{"not_picked":["Reflex+1","All Out Attack"],"picked":"Endless Agony","floor":39},{"not_picked":["Outmaneuver","Dagger Spray"],"picked":"PiercingWail","floor":41},{"not_picked":["Deadly Poison","Prepared"],"picked":"Catalyst","floor":41},{"not_picked":["Finisher+1","Distraction"],"picked":"Leg Sweep","floor":46},{"not_picked":["Bane","Riddle With Holes","Doppelganger"],"picked":"SKIP","floor":47},{"not_picked":["Quick Slash","Bane","Underhanded Strike"],"picked":"SKIP","floor":47}],"player_experience":1405980,"relics_obtained":[{"floor":7,"key":"Thread and Needle"},{"floor":9,"key":"Prayer Wheel"},{"floor":19,"key":"Enchiridion"},{"floor":24,"key":"Kunai"},{"floor":26,"key":"Anchor"},{"floor":43,"key":"Ninja Scroll"},{"floor":46,"key":"Oddly Smooth Stone"}],"event_choices":[{"cards_removed":["Strike_G"],"damage_healed":0,"gold_gain":0,"player_choice":"Forget","damage_taken":0,"max_hp_gain":0,"max_hp_loss":0,"event_name":"Living Wall","floor":5,"gold_loss":0},{"damage_healed":0,"gold_gain":0,"cards_transformed":["Strike_G"],"player_choice":"Transformed","damage_taken":0,"max_hp_gain":0,"max_hp_loss":0,"event_name":"Transmorgrifier","floor":11,"gold_loss":0,"cards_obtained":["Dash"]},{"damage_healed":0,"gold_gain":0,"player_choice":"Obtained Book","damage_taken":21,"max_hp_gain":0,"max_hp_loss":0,"event_name":"Cursed Tome","floor":19,"gold_loss":0},{"damage_healed":0,"gold_gain":0,"player_choice":"Ignored","damage_taken":0,"max_hp_gain":0,"max_hp_loss":0,"event_name":"Vampires","floor":21,"gold_loss":0},{"damage_healed":0,"gold_gain":0,"player_choice":"Embrace Madness","damage_taken":12,"max_hp_gain":0,"max_hp_loss":0,"event_name":"Winding Halls","floor":36,"gold_loss":0,"cards_obtained":["Madness","Madness"]},{"cards_removed":["Slice"],"damage_healed":0,"gold_gain":0,"player_choice":"Removed Attack","damage_taken":0,"max_hp_gain":0,"max_hp_loss":0,"event_name":"Falling","floor":45,"gold_loss":0},{"damage_healed":54,"gold_gain":0,"player_choice":"Heal","damage_taken":0,"max_hp_gain":0,"max_hp_loss":12,"event_name":"The Moai Head","floor":48,"gold_loss":0}],"is_beta":false,"boss_relics":[{"not_picked":["White Beast Statue","Lizard Tail"],"picked":"Ectoplasm"},{"not_picked":["Runic Pyramid","Orrery"],"picked":"Pandora\u0027s Box"}],"items_purged_floors":[14],"is_endless":false,"potions_floor_spawned":[4,7,16,18,20,24,29,30,46,47],"ascension_level":15}