{"gold_per_floor":[20,20,34,51,51,78,96,96,96,112,124,142,142,152,152,257,257,275,275,294,294,142,142,157,175,255,275,290,310,321,336,336,432,432,448,448,467,485,130,130,157,173,197,197,210,245,256,0,0,0],"floor_reached":51,"playtime":4678,"items_purged":["Defend_R","Pain"],"score":1090,"play_id":"913850c0-9704-40a2-9e03-cc99b08190f1","local_time":"20181015020651","is_ascension_mode":true,"campfire_choices":[{"floor":8,"key":"REST"},{"data":"Flex","floor":13,"key":"SMITH"},{"data":"Flex","floor":15,"key":"SMITH"},{"floor":23,"key":"REST"},{"data":"Heavy Blade","floor":32,"key":"SMITH"},{"data":"Whirlwind","floor":40,"key":"SMITH"},{"data":"Double Tap","floor":44,"key":"SMITH"},{"data":"Bash","floor":49,"key":"SMITH"}],"neow_cost":"NO_GOLD","seed_source_timestamp":1845581124732386,"circlet_count":0,"master_deck":["Strike_R","Strike_R","Strike_R","Defend_R","Bash+1","AscendersBane","Flex+1","Sword Boomerang","Flex+1","Heavy Blade+1","Pummel","Whirlwind+1","Reaper","Heavy Blade+1","Ghostly","Ghostly","Ghostly","Ghostly","Ghostly","Sword Boomerang","Necronomicurse","Inflame","Headbutt+1","Spot Weakness+1","Double Tap+1","Flex+1","Parasite","Flex+1"],"relics":["Burning Blood","Anchor","Lantern","Cursed Key","Necronomicon","Singing Bowl","Coffee Dripper","Bottled Flame","Toxic Egg 2","Smiling Mask","Molten Egg 2","Red Mask"],"potions_floor_usage":[14,16],"damage_taken":[{"damage":8,"enemies":"2 Louse","floor":1,"turns":3},{"damage":5,"enemies":"Cultist","floor":3,"turns":5},{"damage":4,"enemies":"Jaw Worm","floor":4,"turns":4},{"damage":65,"enemies":"3 Sentries","floor":6,"turns":10},{"damage":5,"enemies":"Large Slime","floor":7,"turns":5},{"damage":1,"enemies":"Looter","floor":10,"turns":2},{"damage":3,"enemies":"3 Louse","floor":11,"turns":3},{"damage":0,"enemies":"Blue Slaver","floor":12,"turns":2},{"damage":0,"enemies":"Large Slime","floor":14,"turns":2},{"damage":24,"enemies":"Slime Boss","floor":16,"turns":10},{"damage":6,"enemies":"3 Byrds","floor":18,"turns":4},{"damage":12,"enemies":"2 Thieves","floor":20,"turns":4},{"damage":20,"enemies":"Centurion and Healer","floor":24,"turns":5},{"damage":19,"enemies":"Snecko","floor":25,"turns":4},{"damage":0,"enemies":"Chosen and Byrds","floor":27,"turns":3},{"damage":2,"enemies":"Cultist and Chosen","floor":28,"turns":5},{"damage":0,"enemies":"Sentry and Sphere","floor":29,"turns":3},{"damage":0,"enemies":"Shelled Parasite and Fungi","floor":30,"turns":2},{"damage":10,"enemies":"Cultist and Chosen","floor":31,"turns":4},{"damage":12,"enemies":"Automaton","floor":33,"turns":8},{"damage":4,"enemies":"3 Darklings","floor":35,"turns":3},{"damage":1,"enemies":"Orb Walker","floor":37,"turns":3},{"damage":1,"enemies":"Transient","floor":38,"turns":5},{"damage":2,"enemies":"Nemesis","floor":41,"turns":5},{"damage":9,"enemies":"Spire Growth","floor":42,"turns":4},{"damage":1,"enemies":"Maw","floor":45,"turns":4},{"damage":31,"enemies":"2 Orb Walkers","floor":46,"turns":3},{"damage":1,"enemies":"Transient","floor":47,"turns":5},{"damage":16,"enemies":"Donu and Deca","floor":50,"turns":4}],"seed_played":"3336220529601135785","potions_obtained":[{"floor":1,"key":"Weak Potion"},{"floor":3,"key":"Dexterity Potion"},{"floor":7,"key":"Poison Potion"},{"floor":11,"key":"SteroidPotion"},{"floor":18,"key":"SpeedPotion"},{"floor":27,"key":"Dexterity Potion"},{"floor":29,"key":"Block Potion"},{"floor":30,"key":"LiquidBronze"},{"floor":33,"key":"FearPotion"}],"is_trial":false,"path_per_floor":["M","?","M","M","?","E","M","R","T","M","M","M","R","M","R","B",null,"M","?","M","?","$","R","M","M","T","M","M","M","M","M","R","B",null,"M","?","M","M","$","R","E","M","T","R","M","E","M","?","R","B"],"character_chosen":"IRONCLAD","items_purchased":["Inflame","Bottled Flame"],"campfire_rested":2,"item_purchase_floors":[22,39],"current_hp_per_floor":[70,70,71,73,73,14,15,39,39,44,47,53,53,59,59,41,70,70,40,34,18,18,30,28,15,15,33,39,44,46,44,44,38,46,50,50,52,54,54,54,56,56,56,56,58,38,51,51,51,60],"gold":0,"neow_bonus":"REMOVE_TWO","is_prod":false,"is_daily":false,"chose_seed":false,"campfire_upgraded":6,"win_rate":0,"timestamp":1539594411,"path_taken":["M","?","M","M","?","E","M","R","T","M","M","M","R","M","R","BOSS","M","?","M","?","$","R","M","?","T","M","M","M","M","M","R","BOSS","M","?","?","M","$","R","E","M","T","R","M","E","M","?","R","BOSS"],"build_version":"2018-10-11","purchased_purges":2,"victory":true,"max_hp_per_floor":[80,80,80,80,80,80,80,80,80,80,80,80,80,80,80,80,80,80,40,40,40,40,40,40,40,40,40,42,44,46,48,48,48,48,50,50,52,54,54,54,56,56,56,56,58,60,60,60,60,60],"card_choices":[{"not_picked":["Clothesline","Anger"],"picked":"Flex","floor":1},{"not_picked":["Uppercut","Corruption"],"picked":"Sword Boomerang","floor":3},{"not_picked":["Uppercut","Shrug It Off"],"picked":"Flex","floor":4},{"not_picked":["Iron Wave","Corruption","Uppercut"],"picked":"SKIP","floor":6},{"not_picked":["Metallicize","Shrug It Off"],"picked":"Heavy Blade","floor":7},{"not_picked":["Rage","Warcry"],"picked":"Pummel","floor":10},{"not_picked":["Metallicize","Perfected Strike","Blood for Blood"],"picked":"SKIP","floor":11},{"not_picked":["True Grit","Second Wind","Headbutt"],"picked":"SKIP","floor":12},{"not_picked":["True Grit","Thunderclap"],"picked":"Whirlwind","floor":14},{"not_picked":["Offering","Berserk"],"picked":"Reaper","floor":16},{"not_picked":["Clash","Blood for Blood"],"picked":"Heavy Blade","floor":18},{"not_picked":["Clothesline+1","Shrug It Off"],"picked":"Sword Boomerang","floor":20},{"not_picked":["Clash+1","Wild Strike","Evolve"],"picked":"SKIP","floor":24},{"not_picked":["True Grit+1","Thunderclap"],"picked":"Headbutt+1","floor":25},{"not_picked":["Clothesline","Clash+1"],"picked":"Spot Weakness+1","floor":27},{"not_picked":["Metallicize","Clothesline","Anger"],"picked":"Singing Bowl","floor":28},{"not_picked":["Fiend Fire","Iron Wave","Clothesline"],"picked":"Singing Bowl","floor":29},{"not_picked":["Sentinel","Hemokinesis","Wild Strike+1"],"picked":"Singing Bowl","floor":30},{"not_picked":["Twin Strike","Uppercut+1","Infernal Blade"],"picked":"Singing Bowl","floor":31},{"not_picked":["Reaper","Feed"],"picked":"Double Tap","floor":33},{"not_picked":["Warcry","Iron Wave","Power Through"],"picked":"Singing Bowl","floor":35},{"not_picked":["Headbutt","Clothesline+1","Perfected Strike+1"],"picked":"Singing Bowl","floor":37},{"not_picked":["Shrug It Off","Anger","Shockwave+1"],"picked":"Singing Bowl","floor":38},{"not_picked":["Perfected Strike+1","Clash+1","Exhume"],"picked":"Singing Bowl","floor":41},{"not_picked":["Clothesline+1","Pommel Strike"],"picked":"Flex+1","floor":42},{"not_picked":["True Grit+1","Feel No Pain+1","Entrench+1"],"picked":"Singing Bowl","floor":45},{"not_picked":["Armaments+1","Fiend Fire","Blood for Blood+1"],"picked":"Singing Bowl","floor":46},{"not_picked":["Intimidate+1","Havoc+1"],"picked":"Flex+1","floor":47}],"player_experience":879601,"relics_obtained":[{"floor":6,"key":"Anchor"},{"floor":9,"key":"Lantern"},{"floor":21,"key":"Necronomicon"},{"floor":26,"key":"Singing Bowl"},{"floor":41,"key":"Toxic Egg 2"},{"floor":43,"key":"Smiling Mask"},{"floor":46,"key":"Molten Egg 2"}],"event_choices":[{"event_name":"Bonfire Elementals","player_choice":"BASIC","floor":2,"damage_taken":0},{"event_name":"Living Wall","player_choice":"Forget","floor":5,"damage_taken":0},{"event_name":"Ghosts","player_choice":"Became a Ghost","floor":19,"damage_taken":0},{"event_name":"Cursed Tome","player_choice":"Obtained Book","floor":21,"damage_taken":0},{"event_name":"Accursed Blacksmith","player_choice":"Forge","floor":36,"damage_taken":0},{"event_name":"Tomb of Lord Red Mask","player_choice":"Paid","floor":48,"damage_taken":0}],"is_beta":false,"boss_relics":[{"not_picked":["Mark of Pain","Runic Pyramid"],"picked":"Cursed Key"},{"not_picked":["Pandora\u0027s Box","Eternal Feather"],"picked":"Coffee Dripper"}],"items_purged_floors":[22,39],"is_endless":false,"potions_floor_spawned":[1,3,7,11,12,18,27,29,30,33,35,41,47],"ascension_level":11}