{"gold_per_floor":[11,11,24,34,49,49,75,75,99,110,123,148,162,162,162,259,259,279,291,19,33,33,66,66,96,96,96,112,112,12,22,22,125,125,143,159,12,29,29,29,129,161,211,227,227,244,256,270,270,270],"floor_reached":50,"playtime":8894,"items_purged":["Strike_G","Strike_G"],"score":913,"play_id":"d930ef9f-45c6-4c55-9381-efea32ab02a0","local_time":"20190120124822","is_ascension_mode":true,"campfire_choices":[{"data":"Madness","floor":6,"key":"SMITH"},{"floor":8,"key":"REST"},{"floor":15,"key":"REST"},{"floor":24,"key":"REST"},{"floor":27,"key":"REST"},{"floor":32,"key":"REST"},{"floor":40,"key":"REST"},{"floor":45,"key":"REST"},{"floor":49,"key":"REST"}],"neow_cost":"NO_GOLD","seed_source_timestamp":0,"circlet_count":0,"master_deck":["Defend_G","Defend_G+1","Defend_G","Defend_G+1","Defend_G","Strike_G","Strike_G","Survivor","Neutralize","Dagger Spray","Corpse Explosion","Dodge and Roll","Madness+1","Backflip","Dodge and Roll","Bouncing Flask","Poisoned Stab","Deadly Poison","Burst","Glass Knife","Heel Hook","Dodge and Roll","Footwork","Escape Plan","Impatience","Burst","Burst","Deadly Poison+1","Bullet Time","Sucker Punch","Crippling Poison","Leg Sweep","PiercingWail+1","Sadistic Nature","Discovery","Backflip+1","Crippling Poison+1","Deadly Poison","Dodge and Roll+1","Envenom","Deadly Poison","Escape Plan+1","PiercingWail"],"special_seed":0,"relics":["Ring of the Snake","Incense Burner","Vajra","War Paint","Anchor","Fusion Hammer","Lantern","Ornamental Fan","Oddly Smooth Stone","Bronze Scales","Enchiridion","Orrery","Art of War","Prayer Wheel","Girya","Dream Catcher"],"potions_floor_usage":[12,12,12,16,42,50,50],"damage_taken":[{"damage":1.0,"enemies":"Jaw Worm","floor":1.0,"turns":4.0},{"damage":1,"enemies":"Cultist","floor":3,"turns":4},{"damage":6,"enemies":"2 Louse","floor":4,"turns":2},{"damage":3,"enemies":"Red Slaver","floor":5,"turns":6},{"damage":24,"enemies":"Lagavulin","floor":7,"turns":9},{"damage":6,"enemies":"Large Slime","floor":10,"turns":6},{"damage":4,"enemies":"2 Fungi Beasts","floor":11,"turns":3},{"damage":38,"enemies":"Gremlin Nob","floor":12,"turns":5},{"damage":0,"enemies":"Exordium Wildlife","floor":13,"turns":4},{"damage":6,"enemies":"Hexaghost","floor":16,"turns":7},{"damage":4,"enemies":"Shell Parasite","floor":18,"turns":4},{"damage":7,"enemies":"Spheric Guardian","floor":19,"turns":3},{"damage":0,"enemies":"Centurion and Healer","floor":21,"turns":4},{"damage":0,"enemies":"Book of Stabbing","floor":23,"turns":6},{"damage":10,"enemies":"Gremlin Leader","floor":25,"turns":7},{"damage":6,"enemies":"Snecko","floor":28,"turns":4},{"damage":7,"enemies":"Snake Plant","floor":31,"turns":4},{"damage":6,"enemies":"Collector","floor":33,"turns":9},{"damage":1,"enemies":"Orb Walker","floor":35,"turns":3},{"damage":12,"enemies":"3 Shapes","floor":36,"turns":3},{"damage":8,"enemies":"Maw","floor":38,"turns":8},{"damage":0,"enemies":"Mind Bloom Boss Battle","floor":41,"turns":7},{"damage":18,"enemies":"Reptomancer","floor":42,"turns":6},{"damage":2,"enemies":"Sphere and 2 Shapes","floor":44,"turns":3},{"damage":30,"enemies":"Spire Growth","floor":46,"turns":6},{"damage":1,"enemies":"Jaw Worm Horde","floor":47,"turns":4},{"damage":0,"enemies":"Transient","floor":48,"turns":5},{"damage":61,"enemies":"Awakened One","floor":50,"turns":13}],"seed_played":"7872475213401133943","potions_obtained":[{"floor":4,"key":"PowerPotion"},{"floor":5,"key":"Block Potion"},{"floor":10,"key":"SneckoOil"},{"floor":12,"key":"SkillPotion"},{"floor":16,"key":"Block Potion"},{"floor":21,"key":"Swift Potion"},{"floor":25,"key":"Fire Potion"},{"floor":35,"key":"Energy Potion"},{"floor":46,"key":"Block Potion"}],"is_trial":false,"path_per_floor":["M","?","M","M","M","R","E","R","T","M","M","E","M","?","R","B",null,"M","M","$","M","T","E","R","E","T","R","M","?","$","M","R","B",null,"M","M","$","M","?","R","?","E","T","M","R","M","M","M","R","B"],"character_chosen":"THE_SILENT","items_purchased":["Footwork","Escape Plan","Impatience","Art of War"],"campfire_rested":8,"item_purchase_floors":[20,20,20,37],"current_hp_per_floor":[62,62,61,55,52,52,28,49,49,43,39,1,1,1,22,16,57,53,46,46,46,46,46,67,57,57,70,64,48,48,41,62,56,67,66,54,54,46,41,62,62,44,44,42,63,33,32,32,53,0],"gold":270,"neow_bonus":"ONE_RARE_RELIC","is_prod":false,"is_daily":false,"chose_seed":false,"campfire_upgraded":1,"win_rate":0,"timestamp":1548017302,"path_taken":["M","?","M","M","M","R","E","R","T","M","?","E","M","?","R","BOSS","M","M","$","M","?","E","R","E","T","R","?","?","$","M","R","BOSS","M","M","$","M","?","R","?","E","T","M","R","M","M","M","R","BOSS"],"build_version":"2019-01-17v2","purchased_purges":2,"victory":false,"max_hp_per_floor":[70,70,70,70,70,70,70,70,70,70,70,70,70,70,70,70,70,70,70,70,70,70,70,70,70,70,70,70,70,70,70,70,70,70,70,70,70,70,70,70,70,70,70,70,70,70,70,70,70,70],"card_choices":[{"not_picked":["Terror","Blade Dance"],"picked":"Dagger Spray","floor":1.0},{"not_picked":["Quick Slash","Setup"],"picked":"Backflip","floor":3},{"not_picked":["Cloak And Dagger","Deflect"],"picked":"Dodge and Roll","floor":4},{"not_picked":["Prepared","Sucker Punch"],"picked":"Bouncing Flask","floor":5},{"not_picked":["Storm of Steel","Endless Agony","Reflex"],"picked":"SKIP","floor":7},{"not_picked":["Prepared","Setup","Flechettes"],"picked":"SKIP","floor":10},{"not_picked":["Dagger Throw","Outmaneuver","Accuracy"],"picked":"SKIP","floor":11},{"not_picked":["Sucker Punch","Venomology"],"picked":"Poisoned Stab","floor":12},{"not_picked":["Sucker Punch","Masterful Stab"],"picked":"Deadly Poison","floor":13},{"not_picked":["Wraith Form v2","Storm of Steel"],"picked":"Glass Knife","floor":16},{"not_picked":["Sucker Punch","Expertise"],"picked":"Heel Hook","floor":18},{"not_picked":["Outmaneuver","Backflip"],"picked":"Dodge and Roll","floor":19},{"not_picked":["Flying Knee","Bane","Prepared"],"picked":"SKIP","floor":21},{"not_picked":["Bane","Slice","Doppelganger"],"picked":"SKIP","floor":23},{"not_picked":["Crippling Poison","Well Laid Plans"],"picked":"Burst","floor":25},{"not_picked":["Dagger Spray+1","Blade Dance+1","Dagger Throw"],"picked":"SKIP","floor":28},{"not_picked":["Deflect","Terror","Eviscerate"],"picked":"SKIP","floor":31},{"not_picked":["Bullet Time","Phantasmal Killer"],"picked":"Burst","floor":33},{"not_picked":["Underhanded Strike","Bane"],"picked":"Deadly Poison+1","floor":34},{"not_picked":["Reflex","Backflip"],"picked":"Bullet Time","floor":34},{"not_picked":["Predator","Expertise"],"picked":"Sucker Punch","floor":34},{"not_picked":["Quick Slash","Caltrops+1"],"picked":"Crippling Poison","floor":35},{"not_picked":["PiercingWail+1","Cloak And Dagger"],"picked":"Leg Sweep","floor":36},{"not_picked":["Skewer+1","Deflect+1"],"picked":"PiercingWail+1","floor":38},{"not_picked":["Bandage Up","Magnetism"],"picked":"Sadistic Nature","floor":39},{"not_picked":["Good Instincts","Panacea"],"picked":"Discovery","floor":39},{"not_picked":["Expertise+1","PiercingWail"],"picked":"Backflip+1","floor":42},{"not_picked":["Leg Sweep","Heel Hook+1"],"picked":"Crippling Poison+1","floor":44},{"not_picked":["Bane","Slice+1","Cloak And Dagger"],"picked":"SKIP","floor":44},{"not_picked":["Quick Slash","PiercingWail"],"picked":"Deadly Poison","floor":45},{"not_picked":["Cloak And Dagger+1","PiercingWail+1"],"picked":"Dodge and Roll+1","floor":46},{"not_picked":["Finisher","Dagger Throw+1"],"picked":"Envenom","floor":46},{"not_picked":["Prepared","Dagger Spray+1","Deflect"],"picked":"SKIP","floor":47},{"not_picked":["Prepared","Concentrate+1","PiercingWail+1"],"picked":"SKIP","floor":47},{"not_picked":["Masterful Stab+1","Outmaneuver+1"],"picked":"Deadly Poison","floor":48},{"not_picked":["Bane+1","Cloak And Dagger"],"picked":"Escape Plan+1","floor":48},{"not_picked":["Grand Finale","Tactician"],"picked":"PiercingWail","floor":49}],"player_experience":1131929,"relics_obtained":[{"floor":7,"key":"Vajra"},{"floor":9,"key":"War Paint"},{"floor":12,"key":"Anchor"},{"floor":22,"key":"Lantern"},{"floor":23,"key":"Ornamental Fan"},{"floor":25,"key":"Oddly Smooth Stone"},{"floor":26,"key":"Bronze Scales"},{"floor":29,"key":"Enchiridion"},{"floor":41,"key":"Prayer Wheel"},{"floor":42,"key":"Girya"},{"floor":43,"key":"Dream Catcher"}],"event_choices":[{"damage_healed":0,"gold_gain":0,"player_choice":"3 cards matched","damage_taken":0,"max_hp_gain":0,"max_hp_loss":0,"event_name":"Match and Keep!","floor":2,"gold_loss":0,"cards_obtained":["Corpse Explosion","Dodge and Roll","Madness"]},{"damage_healed":0,"gold_gain":0,"cards_transformed":["Strike_G"],"player_choice":"Transformed","damage_taken":0,"max_hp_gain":0,"max_hp_loss":0,"event_name":"Transmorgrifier","floor":14,"gold_loss":0,"cards_obtained":["Burst"]},{"damage_healed":0,"gold_gain":0,"player_choice":"Obtained Book","damage_taken":16,"max_hp_gain":0,"max_hp_loss":0,"event_name":"Cursed Tome","floor":29,"gold_loss":0},{"damage_healed":0,"gold_gain":0,"player_choice":"Memory 2","damage_taken":5,"max_hp_gain":0,"max_hp_loss":0,"event_name":"SensoryStone","floor":39,"gold_loss":0},{"damage_healed":0,"gold_gain":0,"player_choice":"Fight","damage_taken":0,"max_hp_gain":0,"max_hp_loss":0,"event_name":"MindBloom","floor":41,"gold_loss":0}],"is_beta":false,"boss_relics":[{"not_picked":["Tiny House","Ectoplasm"],"picked":"Fusion Hammer"},{"not_picked":["Cursed Key","Philosopher\u0027s Stone"],"picked":"Orrery"}],"items_purged_floors":[20,30],"is_endless":false,"potions_floor_spawned":[4,5,10,12,16,21,25,31,35,38,46],"killed_by":"Awakened One","ascension_level":9}