{"gold_per_floor":[126,148,160,190,100,100,100,100,100,100,114,147,163,163,163,267,267,279,291,309,323,323,323,353,371,371,387,387,387,401,418,418,519,519,537,637,637,637,97,126,144,8,8,8,19,39,39,70,70,70],"floor_reached":51,"playtime":5150,"items_purged":["Strike_G"],"score":729,"play_id":"a7552368-0093-4310-9909-ec82b90c4cab","local_time":"20190813113819","is_ascension_mode":false,"campfire_choices":[{"data":"Neutralize","floor":6,"key":"SMITH"},{"data":"Noxious Fumes","floor":8,"key":"SMITH"},{"data":"Deadly Poison","floor":10,"key":"SMITH"},{"data":"Well Laid Plans","floor":15,"key":"SMITH"},{"data":"Prepared","floor":23,"key":"SMITH"},{"data":"Footwork","floor":28,"key":"SMITH"},{"floor":32,"key":"REST"},{"data":"Sucker Punch","floor":44,"key":"SMITH"},{"data":"Crippling Poison","floor":47,"key":"SMITH"},{"floor":49,"key":"REST"}],"neow_cost":"NONE","seed_source_timestamp":176852831929100,"circlet_count":0,"master_deck":["Strike_G","Defend_G","Defend_G","Defend_G","Defend_G","Defend_G","Survivor","Neutralize+1","Noxious Fumes+1","Deadly Poison+1","Deflect","Iron Wave","Well Laid Plans+1","Prepared+1","Deflect","Doppelganger","Footwork+1","Underhanded Strike","Catalyst+1","Crippling Poison+1","Tools of the Trade+1","Crippling Poison","Panache","Blur+1","Reflex+1","Dagger Spray+1","Infinite Blades","Catalyst+1","Sucker Punch+1","Acrobatics+1","Deadly Poison+1","Deflect+1"],"relics":["Ring of the Snake","MawBank","Bottled Tornado","Omamori","WarpedTongs","Busted Crown","Orichalcum","Ice Cream","Tingsha","Lizard Tail","Unceasing Top","Toxic Egg 2","Art of War","Mummified Hand","Ancient Tea Set"],"potions_floor_usage":[20,48,50],"damage_taken":[{"damage":0,"enemies":"2 Louse","floor":1,"turns":6},{"damage":6,"enemies":"Jaw Worm","floor":2,"turns":5},{"damage":0,"enemies":"Cultist","floor":4,"turns":4},{"damage":0,"enemies":"2 Fungi Beasts","floor":11,"turns":4},{"damage":9,"enemies":"3 Sentries","floor":12,"turns":6},{"damage":9,"enemies":"Gremlin Gang","floor":13,"turns":4},{"damage":1,"enemies":"Hexaghost","floor":16,"turns":10},{"damage":8,"enemies":"Spheric Guardian","floor":18,"turns":6},{"damage":1,"enemies":"3 Byrds","floor":19,"turns":5},{"damage":9,"enemies":"Centurion and Healer","floor":20,"turns":7},{"damage":16,"enemies":"3 Cultists","floor":21,"turns":6},{"damage":9,"enemies":"Book of Stabbing","floor":24,"turns":7},{"damage":10,"enemies":"Snake Plant","floor":25,"turns":5},{"damage":9,"enemies":"Shelled Parasite and Fungi","floor":27,"turns":6},{"damage":1,"enemies":"Centurion and Healer","floor":30,"turns":6},{"damage":3,"enemies":"Snecko","floor":31,"turns":5},{"damage":6,"enemies":"Automaton","floor":33,"turns":8},{"damage":0,"enemies":"3 Shapes","floor":35,"turns":5},{"damage":0,"enemies":"Mind Bloom Boss Battle","floor":36,"turns":9},{"damage":0,"enemies":"Giant Head","floor":40,"turns":8},{"damage":9,"enemies":"3 Darklings","floor":41,"turns":5},{"damage":0,"enemies":"Spire Growth","floor":45,"turns":4},{"damage":0,"enemies":"Jaw Worm Horde","floor":46,"turns":3},{"damage":7,"enemies":"Nemesis","floor":48,"turns":5},{"damage":35,"enemies":"Time Eater","floor":50,"turns":13}],"seed_played":"819270817488443796","potions_obtained":[{"floor":1,"key":"Strength Potion"},{"floor":19,"key":"SneckoOil"},{"floor":20,"key":"SpeedPotion"},{"floor":30,"key":"Weak Potion"},{"floor":31,"key":"LiquidBronze"},{"floor":36,"key":"Ancient Potion"},{"floor":41,"key":"Dexterity Potion"},{"floor":48,"key":"Energy Potion"}],"is_trial":false,"path_per_floor":["M","M","?","M","$","R","?","R","T","R","M","E","M","?","R","B",null,"M","M","M","M","?","R","E","M","T","M","R","?","M","M","R","B",null,"M","?","?","?","$","E","M","$","T","R","M","M","R","E","R","B",null],"character_chosen":"THE_SILENT","items_purchased":["Deflect","Panache","Toxic Egg 2","Blur+1","Reflex+1","Catalyst+1","Sucker Punch","Acrobatics+1"],"campfire_rested":2,"item_purchase_floors":[5,39,39,39,39,42,42,42],"current_hp_per_floor":[70,64,57,57,57,57,57,57,57,57,57,48,39,39,39,38,70,62,61,52,36,70,70,61,51,51,42,42,42,41,38,59,53,70,70,70,70,70,70,70,61,61,61,61,61,61,61,54,70,35],"gold":70,"neow_bonus":"RANDOM_COMMON_RELIC","is_prod":false,"is_daily":false,"chose_seed":false,"campfire_upgraded":8,"win_rate":0,"timestamp":1565667499,"path_taken":["M","M","?","M","$","R","?","R","T","R","M","E","?","?","R","BOSS","M","M","M","?","?","R","E","?","T","M","R","?","M","M","R","BOSS","M","?","?","?","$","E","M","$","T","R","?","M","R","E","R","BOSS"],"build_version":"2019-07-17","purchased_purges":1,"victory":true,"max_hp_per_floor":[70,70,70,70,70,70,70,70,70,70,70,70,70,70,70,70,70,70,70,70,70,70,70,70,70,70,70,70,70,70,70,70,70,70,70,70,70,70,70,70,70,70,70,70,70,70,70,70,70,70],"card_choices":[{"not_picked":["Masterful Stab","PiercingWail"],"picked":"Noxious Fumes","floor":1},{"not_picked":["PiercingWail","Sucker Punch"],"picked":"Deadly Poison","floor":2},{"not_picked":["Blade Dance","Quick Slash"],"picked":"Terror","floor":4},{"not_picked":["Bane","Prepared"],"picked":"Well Laid Plans","floor":11},{"not_picked":["Endless Agony","Quick Slash"],"picked":"Prepared","floor":12},{"not_picked":["Deadly Poison","Blade Dance"],"picked":"Deflect","floor":13},{"not_picked":["Glass Knife","Bullet Time"],"picked":"Doppelganger","floor":16},{"not_picked":[],"picked":"Footwork","floor":18},{"not_picked":["Quick Slash"],"picked":"SKIP","floor":19},{"not_picked":["Terror"],"picked":"SKIP","floor":20},{"not_picked":[],"picked":"Underhanded Strike","floor":21},{"not_picked":[],"picked":"Catalyst+1","floor":24},{"not_picked":["Flechettes"],"picked":"SKIP","floor":25},{"not_picked":["Underhanded Strike+1"],"picked":"SKIP","floor":27},{"not_picked":[],"picked":"Crippling Poison","floor":30},{"not_picked":["Blade Dance"],"picked":"SKIP","floor":31},{"not_picked":[],"picked":"Tools of the Trade","floor":33},{"not_picked":[],"picked":"Crippling Poison","floor":35},{"not_picked":[],"picked":"Dagger Spray+1","floor":40},{"not_picked":[],"picked":"Infinite Blades","floor":41},{"not_picked":[],"picked":"Deadly Poison+1","floor":45},{"not_picked":[],"picked":"Deflect+1","floor":46},{"not_picked":["Bullet Time+1"],"picked":"SKIP","floor":48}],"player_experience":94517,"relics_obtained":[{"floor":9,"key":"Bottled Tornado"},{"floor":12,"key":"Omamori"},{"floor":24,"key":"Orichalcum"},{"floor":26,"key":"Ice Cream"},{"floor":36,"key":"Unceasing Top"},{"floor":40,"key":"Art of War"},{"floor":43,"key":"Mummified Hand"},{"floor":48,"key":"Ancient Tea Set"}],"event_choices":[{"cards_removed":["Strike_G"],"damage_healed":0,"gold_gain":0,"player_choice":"Card Removal","damage_taken":7,"max_hp_gain":0,"max_hp_loss":0,"event_name":"Golden Wing","floor":3,"gold_loss":0},{"cards_removed":["Strike_G"],"damage_healed":0,"gold_gain":0,"player_choice":"Took Card","damage_taken":0,"max_hp_gain":0,"max_hp_loss":0,"event_name":"NoteForYourself","floor":7,"gold_loss":0,"cards_obtained":["Iron Wave"]},{"damage_healed":0,"gold_gain":0,"player_choice":"Rummage","damage_taken":0,"relics_obtained":["WarpedTongs"],"max_hp_gain":0,"max_hp_loss":0,"event_name":"Accursed Blacksmith","floor":14,"gold_loss":0,"cards_obtained":["Pain"]},{"cards_removed":["Terror"],"damage_healed":34,"gold_gain":0,"player_choice":"Offered Uncommon","damage_taken":0,"max_hp_gain":0,"max_hp_loss":0,"event_name":"Bonfire Elementals","floor":22,"gold_loss":0},{"damage_healed":0,"gold_gain":0,"player_choice":"Stole Relic","damage_taken":0,"relics_obtained":["Tingsha"],"max_hp_gain":0,"max_hp_loss":0,"event_name":"Addict","floor":29,"gold_loss":0,"cards_obtained":["Shame"]},{"damage_healed":0,"gold_gain":0,"player_choice":"Fight","damage_taken":0,"max_hp_gain":0,"max_hp_loss":0,"event_name":"MindBloom","floor":36,"gold_loss":0},{"cards_removed":["Strike_G"],"damage_healed":0,"gold_gain":0,"player_choice":"Removed Attack","damage_taken":0,"max_hp_gain":0,"max_hp_loss":0,"event_name":"Falling","floor":37,"gold_loss":0},{"damage_healed":0,"gold_gain":0,"player_choice":"Upgraded","damage_taken":0,"max_hp_gain":0,"max_hp_loss":0,"event_name":"Upgrade Shrine","floor":38,"gold_loss":0,"cards_upgraded":["Tools of the Trade"]}],"is_beta":false,"boss_relics":[{"not_picked":["WristBlade","Runic Dome"],"picked":"Busted Crown"},{"not_picked":["White Beast Statue","Cursed Key"],"picked":"Lizard Tail"}],"items_purged_floors":[5],"is_endless":false,"potions_floor_spawned":[1,19,20,30,31,36,41,48],"ascension_level":0}