{"gold_per_floor":[168,22,22,34,34,34,69,89,89,118,133,133,59,78,78,176,176,101,16,16,35,35,61,61,95,95,95,111,122,142,172,172,271,271,287,305,323,373,373,373,399,137,137,0,27,39,39,53,53,53],"floor_reached":51,"playtime":8143,"items_purged":["Strike_B"],"score":848,"play_id":"28846d7e-a0e9-4896-bdba-2453785f2333","local_time":"20181118233259","is_ascension_mode":false,"campfire_choices":[{"data":"Blizzard","floor":6.0,"key":"SMITH"},{"data":"Hologram","floor":12.0,"key":"SMITH"},{"data":"Defragment","floor":15.0,"key":"SMITH"},{"data":"Consume","floor":24.0,"key":"SMITH"},{"data":"Coolheaded","floor":27.0,"key":"SMITH"},{"data":"Coolheaded","floor":32.0,"key":"SMITH"},{"data":"Defragment","floor":40,"key":"SMITH"},{"data":"Apotheosis","floor":47,"key":"SMITH"},{"data":"Echo Form","floor":49,"key":"SMITH"}],"neow_cost":"NONE","seed_source_timestamp":0,"circlet_count":0,"master_deck":["Strike_B","Strike_B","Strike_B","Defend_B+1","Defend_B","Defend_B+1","Defend_B","Zap","Dualcast","Cold Snap","Blizzard+1","Coolheaded+1","Hologram+1","Defragment+1","Coolheaded+1","Amplify","Chill+1","Consume+1","Self Repair","Cold Snap","Cold Snap+1","Echo Form+1","Consume","Hologram","Defragment+1","Madness","Madness","Apotheosis+1","Coolheaded","Capacitor"],"special_seed":0,"relics":["Tiny House","PreservedInsect","Pantograph","Matryoshka","Bronze Scales","Letter Opener","Regal Pillow","Inserter","Potion Belt","War Paint","Bag of Marbles","Symbiotic Virus","Anchor","Bottled Tornado","Pen Nib","Velvet Choker","Mango","Shuriken","Bottled Flame","Red Mask","Mummified Hand"],"potions_floor_usage":[37,41,50],"damage_taken":[{"damage":0.0,"enemies":"Cultist","floor":1.0,"turns":4.0},{"damage":2.0,"enemies":"Small Slimes","floor":4.0,"turns":4.0},{"damage":26.0,"enemies":"Gremlin Nob","floor":7.0,"turns":5.0},{"damage":4.0,"enemies":"2 Louse","floor":8.0,"turns":2.0},{"damage":11.0,"enemies":"3 Sentries","floor":10.0,"turns":8.0},{"damage":7.0,"enemies":"Blue Slaver","floor":11.0,"turns":4.0},{"damage":9.0,"enemies":"Exordium Wildlife","floor":14.0,"turns":5.0},{"damage":19.0,"enemies":"The Guardian","floor":16.0,"turns":11.0},{"damage":16.0,"enemies":"2 Thieves","floor":18.0,"turns":5.0},{"damage":2.0,"enemies":"Chosen","floor":21.0,"turns":8.0},{"damage":9.0,"enemies":"Gremlin Leader","floor":23.0,"turns":8.0},{"damage":11.0,"enemies":"Slavers","floor":25.0,"turns":3.0},{"damage":0.0,"enemies":"3 Cultists","floor":28.0,"turns":5.0},{"damage":0.0,"enemies":"Centurion and Healer","floor":29.0,"turns":9.0},{"damage":0.0,"enemies":"Shelled Parasite and Fungi","floor":30.0,"turns":9.0},{"damage":0.0,"enemies":"Book of Stabbing","floor":31.0,"turns":7.0},{"damage":0.0,"enemies":"Champ","floor":33.0,"turns":19.0},{"damage":0,"enemies":"3 Darklings","floor":35,"turns":3},{"damage":11,"enemies":"Orb Walker","floor":36,"turns":4},{"damage":0,"enemies":"Jaw Worm Horde","floor":37,"turns":3},{"damage":21,"enemies":"2 Orb Walkers","floor":38,"turns":7},{"damage":10,"enemies":"Reptomancer","floor":41,"turns":7},{"damage":0,"enemies":"Giant Head","floor":45,"turns":8},{"damage":0,"enemies":"4 Shapes","floor":46,"turns":5},{"damage":0,"enemies":"3 Darklings","floor":48,"turns":4},{"damage":16,"enemies":"Time Eater","floor":50,"turns":13}],"seed_played":"-4748850963241441786","potions_obtained":[{"floor":0.0,"key":"Ancient Potion"},{"floor":10.0,"key":"FearPotion"},{"floor":11.0,"key":"FearPotion"},{"floor":16.0,"key":"LiquidBronze"},{"floor":28.0,"key":"SmokeBomb"},{"floor":29.0,"key":"Ancient Potion"},{"floor":30.0,"key":"SteroidPotion"},{"floor":33.0,"key":"Fire Potion"},{"floor":35,"key":"Energy Potion"},{"floor":38,"key":"LiquidBronze"}],"is_trial":false,"path_per_floor":["M","$","?","M","?","R","E","M","T","E","M","R","$","M","R","B",null,"M","?","$","M","?","E","R","E","T","R","M","M","M","E","R","B",null,"M","M","M","?","?","R","E","$","T","?","E","M","R","M","R","B",null],"character_chosen":"DEFECT","items_purchased":["PreservedInsect","Defragment","Apotheosis"],"campfire_rested":0,"item_purchase_floors":[2,13,42],"current_hp_per_floor":[80,80,80,78,78,78,52,48,48,37,30,30,30,21,21,27,80,64,64,64,62,62,53,53,42,42,42,49,63,77,80,80,80,80,80,69,76,76,64,64,68,68,68,68,68,78,78,94,94,85],"gold":53,"neow_bonus":"BOSS_RELIC","is_prod":false,"is_daily":false,"chose_seed":false,"campfire_upgraded":9,"win_rate":0,"timestamp":1542612779,"path_taken":["M","$","?","M","?","R","E","M","T","E","M","R","$","M","R","BOSS","M","?","$","M","?","E","R","E","T","R","M","M","?","E","R","BOSS","M","M","M","?","?","R","E","$","T","?","E","M","R","?","R","BOSS"],"build_version":"2018-11-15","purchased_purges":1,"victory":true,"max_hp_per_floor":[80,80,80,80,80,80,80,80,80,80,80,80,80,80,80,80,80,80,80,80,80,80,80,80,80,80,80,80,80,80,80,80,80,80,80,80,80,94,94,94,94,94,94,94,94,94,94,94,94,94],"card_choices":[{"not_picked":["Hologram","Compile Driver"],"picked":"Cold Snap","floor":0.0},{"not_picked":["Hello World","Steam"],"picked":"Blizzard","floor":1.0},{"not_picked":["Leap","Doom and Gloom","Ball Lightning"],"picked":"SKIP","floor":4.0},{"not_picked":["Hello World","White Noise","Lockon"],"picked":"SKIP","floor":7.0},{"not_picked":["Reinforced Body","Streamline","Ball Lightning"],"picked":"SKIP","floor":8.0},{"not_picked":["Barrage","Cold Snap"],"picked":"Coolheaded","floor":10.0},{"not_picked":["Recycle","Electrodynamics"],"picked":"Hologram","floor":11.0},{"not_picked":["Tempest","Compile Driver"],"picked":"Coolheaded","floor":14.0},{"not_picked":["Fission","Machine Learning"],"picked":"Amplify","floor":16.0},{"not_picked":["Gash","Turbo","BootSequence+1"],"picked":"SKIP","floor":18.0},{"not_picked":["Beam Cell+1","Reinforced Body"],"picked":"Chill","floor":21.0},{"not_picked":["Tempest","Redo"],"picked":"Consume","floor":23.0},{"not_picked":["Turbo","Doom and Gloom"],"picked":"Self Repair","floor":25.0},{"not_picked":["Go for the Eyes+1","Redo+1"],"picked":"Cold Snap","floor":28.0},{"not_picked":["Stack","Turbo","Capacitor"],"picked":"SKIP","floor":29.0},{"not_picked":["Darkness","Redo"],"picked":"Cold Snap+1","floor":30.0},{"not_picked":["Heatsinks","Sweeping Beam","Melter+1"],"picked":"SKIP","floor":31.0},{"not_picked":["Fission","Biased Cognition"],"picked":"Echo Form","floor":33.0},{"not_picked":["Rebound","Turbo+1"],"picked":"Consume","floor":35},{"not_picked":["Leap","All For One","Consume"],"picked":"SKIP","floor":36},{"not_picked":["Conserve Battery","Reprogram"],"picked":"Hologram","floor":37},{"not_picked":["Hologram+1","Conserve Battery+1"],"picked":"Defragment","floor":38},{"not_picked":["Ball Lightning+1","Barrage","Rebound+1"],"picked":"SKIP","floor":41},{"not_picked":["Ball Lightning+1","Barrage","Rebound+1"],"picked":"SKIP","floor":41},{"not_picked":["Barrage+1","Self Repair","Chaos+1"],"picked":"SKIP","floor":45},{"not_picked":["Sweeping Beam+1","Loop"],"picked":"Coolheaded","floor":46},{"not_picked":["Auto Shields","Force Field"],"picked":"Capacitor","floor":48}],"player_experience":997886,"relics_obtained":[{"floor":7.0,"key":"Matryoshka"},{"floor":9.0,"key":"Bronze Scales"},{"floor":9.0,"key":"Letter Opener"},{"floor":10.0,"key":"Regal Pillow"},{"floor":23.0,"key":"Bag of Marbles"},{"floor":25.0,"key":"Symbiotic Virus"},{"floor":26.0,"key":"Anchor"},{"floor":26.0,"key":"Bottled Tornado"},{"floor":31.0,"key":"Pen Nib"},{"floor":38,"key":"Mango"},{"floor":41,"key":"Shuriken"},{"floor":43,"key":"Bottled Flame"},{"floor":45,"key":"Mummified Hand"}],"event_choices":[{"damage_healed":0.0,"max_hp_gain":0.0,"max_hp_loss":0.0,"gold_gain":0.0,"event_name":"Big Fish","player_choice":"Box","floor":3.0,"gold_loss":0.0,"damage_taken":0.0,"relics_obtained":["Pantograph"],"cards_obtained":["Regret"]},{"cards_removed":["Regret"],"damage_healed":0.0,"max_hp_gain":0.0,"max_hp_loss":0.0,"gold_gain":0.0,"event_name":"Living Wall","player_choice":"Forget","floor":5.0,"gold_loss":0.0,"damage_taken":0.0},{"damage_healed":0.0,"max_hp_gain":0.0,"max_hp_loss":0.0,"gold_gain":0.0,"event_name":"Addict","player_choice":"Obtained Relic","floor":19.0,"gold_loss":85.0,"damage_taken":0.0,"relics_obtained":["Potion Belt"]},{"damage_healed":0.0,"max_hp_gain":0.0,"max_hp_loss":0.0,"gold_gain":0.0,"event_name":"The Mausoleum","player_choice":"Opened","floor":22.0,"gold_loss":0.0,"damage_taken":0.0,"relics_obtained":["War Paint"]},{"damage_healed":0,"gold_gain":0,"player_choice":"Fight","damage_taken":0,"max_hp_gain":0,"max_hp_loss":0,"event_name":"Mysterious Sphere","floor":38,"gold_loss":0},{"damage_healed":0,"gold_gain":0,"player_choice":"Embrace Madness","damage_taken":12,"max_hp_gain":0,"max_hp_loss":0,"event_name":"Winding Halls","floor":39,"gold_loss":0,"cards_obtained":["Madness","Madness"]},{"damage_healed":0,"gold_gain":0,"player_choice":"Paid","damage_taken":0,"relics_obtained":["Red Mask"],"max_hp_gain":0,"max_hp_loss":0,"event_name":"Tomb of Lord Red Mask","floor":44,"gold_loss":137}],"is_beta":false,"boss_relics":[{"not_picked":["Empty Cage","Eternal Feather"],"picked":"Inserter"},{"not_picked":["Busted Crown","Fusion Hammer"],"picked":"Velvet Choker"}],"items_purged_floors":[42],"is_endless":false,"potions_floor_spawned":[10,11,16,28,29,30,33,35,36,38],"ascension_level":0}