{"gold_per_floor":[116,132,54,54,54,69,102,102,147,3,3,22,32,32,32,32],"floor_reached":16,"playtime":1102,"items_purged":["Strike_G"],"score":150,"play_id":"8f33a36a-db7e-4e91-8b76-dfd3f52ec5ae","local_time":"20190812130911","is_ascension_mode":true,"campfire_choices":[{"floor":8,"key":"REST"},{"data":"Well Laid Plans","floor":11,"key":"SMITH"},{"data":"Heel Hook","floor":15,"key":"SMITH"}],"neow_cost":"NONE","seed_source_timestamp":1174085237277287,"circlet_count":0,"master_deck":["AscendersBane","Strike_G","Strike_G","Defend_G","Defend_G","Defend_G","Defend_G","Defend_G","Survivor","Neutralize+1","Storm of Steel","Heel Hook+1","PiercingWail","Heel Hook","Well Laid Plans+1"],"special_seed":0,"relics":["Ring of the Snake","Happy Flower","Omamori","Sundial"],"potions_floor_usage":[7,16,16,16],"damage_taken":[{"damage":0.0,"enemies":"2 Louse","floor":1.0,"turns":4.0},{"damage":7.0,"enemies":"Small Slimes","floor":2.0,"turns":3.0},{"damage":0.0,"enemies":"Cultist","floor":6.0,"turns":5.0},{"damage":16,"enemies":"3 Sentries","floor":7,"turns":17},{"damage":0,"enemies":"Blue Slaver","floor":12,"turns":5},{"damage":0,"enemies":"3 Louse","floor":13,"turns":3},{"damage":38,"enemies":"Hexaghost","floor":16,"turns":15}],"seed_played":"-7902814217560155360","potions_obtained":[{"floor":1.0,"key":"FearPotion"},{"floor":2.0,"key":"Dexterity Potion"},{"floor":7,"key":"Block Potion"},{"floor":12,"key":"FearPotion"}],"is_trial":false,"path_per_floor":["M","M","$","?","?","M","E","R","T","$","R","M","M","?","R","B"],"character_chosen":"THE_SILENT","items_purchased":["Heel Hook","Well Laid Plans"],"campfire_rested":1,"item_purchase_floors":[3,10],"current_hp_per_floor":[63,56,56,49,49,49,33,54,54,54,54,54,54,36,36,0],"gold":32,"neow_bonus":"TRANSFORM_CARD","is_prod":false,"is_daily":false,"chose_seed":false,"campfire_upgraded":2,"win_rate":0,"timestamp":1565629751,"path_taken":["M","M","$","?","?","M","E","R","T","$","R","?","M","?","R","BOSS"],"build_version":"2019-07-17","purchased_purges":1,"victory":false,"max_hp_per_floor":[70,70,70,70,70,70,70,70,70,70,70,70,70,70,70,70],"card_choices":[{"not_picked":["Outmaneuver","Prepared"],"picked":"Heel Hook","floor":1.0},{"not_picked":["Underhanded Strike","Acrobatics"],"picked":"PiercingWail","floor":2.0},{"not_picked":["Infinite Blades","Quick Slash","Blade Dance"],"picked":"SKIP","floor":6.0},{"not_picked":["Dagger Spray","Outmaneuver","Tactician"],"picked":"SKIP","floor":7},{"not_picked":["Crippling Poison","Underhanded Strike","Riddle With Holes"],"picked":"SKIP","floor":12},{"not_picked":["Crippling Poison","Underhanded Strike","Riddle With Holes"],"picked":"SKIP","floor":12},{"not_picked":["Deflect","Quick Slash","Sucker Punch"],"picked":"SKIP","floor":13}],"player_experience":460288,"relics_obtained":[{"floor":7,"key":"Happy Flower"},{"floor":9,"key":"Omamori"}],"event_choices":[{"cards_removed":["Strike_G"],"damage_healed":0.0,"max_hp_gain":0.0,"max_hp_loss":0.0,"gold_gain":0.0,"event_name":"Golden Wing","player_choice":"Card Removal","floor":4.0,"gold_loss":0.0,"damage_taken":7.0},{"damage_healed":0.0,"max_hp_gain":0.0,"max_hp_loss":0.0,"gold_gain":0.0,"event_name":"Upgrade Shrine","player_choice":"Upgraded","floor":5.0,"gold_loss":0.0,"damage_taken":0.0,"cards_upgraded":["Neutralize"]},{"damage_healed":0,"gold_gain":0,"player_choice":"Success","damage_taken":18,"relics_obtained":["Sundial"],"max_hp_gain":0,"max_hp_loss":0,"event_name":"Scrap Ooze","floor":14,"gold_loss":0}],"is_beta":false,"boss_relics":[],"items_purged_floors":[10],"is_endless":false,"potions_floor_spawned":[1,2,7,12],"killed_by":"Hexaghost","ascension_level":10}