{"gold_per_floor":[362,362,437,437,131,156,156,169,169,189,206,206,54,70,70,171,171,188,188,222,147,167,167,195,95,95,106,106,106,123,148,148,251,251,266,266,286,305,305,335,435,435,435,435,51,79,79,109,109,109,109,109,34,61,61],"floor_reached":56,"playtime":5941,"items_purged":["Strike_B","Strike_B+1"],"score":1813,"play_id":"6a05481f-9e99-43ee-95c9-331c0e2ae4c5","local_time":"20190806140957","is_ascension_mode":true,"campfire_choices":[{"data":"Zap","floor":7.0,"key":"SMITH"},{"data":"White Noise","floor":12.0,"key":"SMITH"},{"data":"Dualcast","floor":15.0,"key":"SMITH"},{"data":"White Noise","floor":23.0,"key":"SMITH"},{"data":"Genetic Algorithm","floor":28.0,"key":"SMITH"},{"data":"Defragment","floor":32.0,"key":"SMITH"},{"floor":44.0,"key":"REST"},{"data":"Defragment","floor":47.0,"key":"SMITH"},{"floor":49.0,"key":"RECALL"},{"floor":52,"key":"REST"}],"neow_cost":"CURSE","seed_source_timestamp":653871729583572,"circlet_count":0,"master_deck":["AscendersBane","Defend_B+1","Defend_B+1","Defend_B+1","Defend_B+1","Zap+1","Dualcast+1","Compile Driver","Genetic Algorithm+1","White Noise+1","Ball Lightning","Echo Form","Conserve Battery+1","White Noise+1","Leap+1","Lockon+1","Beam Cell+1","Cold Snap","Defragment+1","Rebound+1","Compile Driver","Chaos+1","Defragment+1","Undo+1","Glacier"],"special_seed":0,"relics":["Cracked Core","Oddly Smooth Stone","Emotion Chip","Singing Bowl","DataDisk","Velvet Choker","Red Mask","Lantern","Kunai","Torii","Inserter","Letter Opener","Ice Cream","Shuriken","Turnip","Bottled Lightning","Juzu Bracelet","Strawberry"],"potions_floor_usage":[55],"damage_taken":[{"damage":0.0,"enemies":"Small Slimes","floor":1.0,"turns":3.0},{"damage":42.0,"enemies":"3 Sentries","floor":6.0,"turns":7.0},{"damage":0.0,"enemies":"2 Louse","floor":8.0,"turns":3.0},{"damage":0.0,"enemies":"Jaw Worm","floor":10.0,"turns":3.0},{"damage":3.0,"enemies":"Looter","floor":11.0,"turns":3.0},{"damage":0.0,"enemies":"2 Fungi Beasts","floor":14.0,"turns":2.0},{"damage":12.0,"enemies":"Slime Boss","floor":16.0,"turns":8.0},{"damage":6.0,"enemies":"3 Byrds","floor":18.0,"turns":3.0},{"damage":3.0,"enemies":"Masked Bandits","floor":20.0,"turns":2.0},{"damage":0.0,"enemies":"Chosen","floor":22.0,"turns":4.0},{"damage":18.0,"enemies":"Gremlin Leader","floor":24.0,"turns":5.0},{"damage":0.0,"enemies":"Snecko","floor":27.0,"turns":6.0},{"damage":16.0,"enemies":"Snake Plant","floor":30.0,"turns":4.0},{"damage":8.0,"enemies":"Slavers","floor":31.0,"turns":5.0},{"damage":1.0,"enemies":"Collector","floor":33.0,"turns":9.0},{"damage":9.0,"enemies":"3 Darklings","floor":35.0,"turns":5.0},{"damage":14.0,"enemies":"Orb Walker","floor":37.0,"turns":4.0},{"damage":0.0,"enemies":"Transient","floor":38.0,"turns":5.0},{"damage":32.0,"enemies":"Reptomancer","floor":40.0,"turns":7.0},{"damage":1.0,"enemies":"Mind Bloom Boss Battle","floor":41.0,"turns":6.0},{"damage":7.0,"enemies":"Nemesis","floor":46.0,"turns":5.0},{"damage":23.0,"enemies":"Reptomancer","floor":48.0,"turns":5.0},{"damage":2.0,"enemies":"Time Eater","floor":50.0,"turns":10.0},{"damage":13,"enemies":"Shield and Spear","floor":54,"turns":7},{"damage":72,"enemies":"The Heart","floor":55,"turns":12}],"seed_played":"-4840647310589729814","potions_obtained":[{"floor":8.0,"key":"FocusPotion"},{"floor":16.0,"key":"Fire Potion"},{"floor":18.0,"key":"Explosive Potion"},{"floor":24.0,"key":"Strength Potion"},{"floor":33.0,"key":"Explosive Potion"},{"floor":40.0,"key":"FearPotion"},{"floor":41.0,"key":"Regen Potion"},{"floor":48.0,"key":"GamblersBrew"}],"is_trial":false,"path_per_floor":["M","?","?","?","$","E","R","M","T","M","M","R","$","M","R","B",null,"M","?","?","?","M","R","E","$","T","M","R","?","M","E","R","B",null,"M","?","M","M","?","E","?","T","T","R","$","E","R","E","R","B",null,"R","$","E","B",null],"character_chosen":"DEFECT","items_purchased":["Oddly Smooth Stone","Ball Lightning","Genetic Algorithm","DataDisk","Turnip","Defragment","Glacier"],"campfire_rested":2,"item_purchase_floors":[5,5,5,13,45,45,53],"current_hp_per_floor":[68,73,62,62,62,20,20,20,20,22,19,19,19,21,21,9,65,59,59,56,56,56,56,38,38,38,38,38,38,22,16,16,17,70,61,61,49,51,51,21,20,20,20,48,48,57,57,34,34,32,80,96,96,92,20],"gold":61,"neow_bonus":"TWO_FIFTY_GOLD","is_prod":false,"is_daily":false,"chose_seed":false,"campfire_upgraded":7,"win_rate":0,"timestamp":1565114997,"path_taken":["M","?","?","?","?","E","R","M","T","M","M","R","$","M","R","BOSS","M","?","?","?","M","R","E","?","T","M","R","?","?","E","R","BOSS","M","?","?","M","?","E","?","?","T","R","$","E","R","E","R","BOSS","R","$","E","BOSS"],"build_version":"2019-07-17","purchased_purges":2,"victory":true,"max_hp_per_floor":[75,80,80,80,80,80,80,80,80,82,82,82,82,84,84,84,84,84,84,84,84,84,84,84,84,84,84,84,84,84,86,86,88,88,88,88,90,92,92,94,94,94,94,94,94,96,96,96,96,96,96,96,96,105,105],"card_choices":[{"not_picked":["Go for the Eyes","Rebound"],"picked":"Compile Driver","floor":1.0},{"not_picked":["Go for the Eyes","Streamline","Beam Cell"],"picked":"SKIP","floor":6.0},{"not_picked":["Stack","Redo"],"picked":"White Noise","floor":8.0},{"not_picked":["Force Field","Rebound","Sweeping Beam"],"picked":"Singing Bowl","floor":10.0},{"not_picked":["Stack","Go for the Eyes"],"picked":"Ball Lightning","floor":11.0},{"not_picked":["Fusion","Sweeping Beam","Redo"],"picked":"Singing Bowl","floor":14.0},{"not_picked":["Creative AI","Electrodynamics"],"picked":"Echo Form","floor":16.0},{"not_picked":["Storm","Barrage+1"],"picked":"Conserve Battery+1","floor":18.0},{"not_picked":["Barrage","Static Discharge"],"picked":"White Noise","floor":20.0},{"not_picked":["Static Discharge","Hologram"],"picked":"Leap+1","floor":22.0},{"not_picked":["Turbo","Rebound+1"],"picked":"Lockon+1","floor":24.0},{"not_picked":["Loop","Conserve Battery+1"],"picked":"Beam Cell+1","floor":27.0},{"not_picked":["Heatsinks+1","Chaos"],"picked":"Defragment","floor":30.0},{"not_picked":["Heatsinks+1","Gash+1","Multi-Cast"],"picked":"Singing Bowl","floor":31.0},{"not_picked":["Meteor Strike","Multi-Cast","Amplify"],"picked":"Singing Bowl","floor":33.0},{"not_picked":["Reprogram+1","Melter"],"picked":"Rebound+1","floor":35.0},{"not_picked":["Steam Power+1","Gash+1","Compile Driver"],"picked":"Singing Bowl","floor":37.0},{"not_picked":["Auto Shields","Barrage+1","Leap"],"picked":"Singing Bowl","floor":38.0},{"not_picked":["Multi-Cast","Doom and Gloom","Self Repair+1"],"picked":"Singing Bowl","floor":40.0},{"not_picked":["Streamline","Gash"],"picked":"Chaos+1","floor":41.0},{"not_picked":["Beam Cell+1","Steam+1","Capacitor+1"],"picked":"Singing Bowl","floor":46.0},{"not_picked":["Streamline","Capacitor"],"picked":"Undo+1","floor":48.0},{"not_picked":["Streamline+1","All For One","Storm"],"picked":"Singing Bowl","floor":54}],"player_experience":374889,"relics_obtained":[{"floor":6.0,"key":"Emotion Chip"},{"floor":9.0,"key":"Singing Bowl"},{"floor":20.0,"key":"Red Mask"},{"floor":24.0,"key":"Lantern"},{"floor":26.0,"key":"Kunai"},{"floor":31.0,"key":"Torii"},{"floor":40.0,"key":"Letter Opener"},{"floor":41.0,"key":"Ice Cream"},{"floor":42.0,"key":"Shuriken"},{"floor":46.0,"key":"Bottled Lightning"},{"floor":48.0,"key":"Juzu Bracelet"},{"floor":54,"key":"Strawberry"}],"event_choices":[{"damage_healed":0.0,"max_hp_gain":5.0,"max_hp_loss":0.0,"gold_gain":0.0,"event_name":"Big Fish","player_choice":"Donut","floor":2.0,"gold_loss":0.0,"damage_taken":0.0},{"damage_healed":0.0,"max_hp_gain":0.0,"max_hp_loss":0.0,"gold_gain":75.0,"event_name":"World of Goop","player_choice":"Gather Gold","floor":3.0,"gold_loss":0.0,"damage_taken":11.0},{"cards_removed":["Doubt"],"damage_healed":0.0,"max_hp_gain":0.0,"max_hp_loss":0.0,"gold_gain":0.0,"event_name":"Living Wall","player_choice":"Forget","floor":4.0,"gold_loss":0.0,"damage_taken":0.0},{"damage_healed":0.0,"max_hp_gain":0.0,"max_hp_loss":0.0,"gold_gain":0.0,"event_name":"Back to Basics","player_choice":"Simplicity","floor":19.0,"gold_loss":0.0,"damage_taken":0.0,"cards_upgraded":["Strike_B","Strike_B","Strike_B","Defend_B","Defend_B","Defend_B","Defend_B"]},{"damage_healed":0.0,"max_hp_gain":0.0,"max_hp_loss":0.0,"gold_gain":0.0,"event_name":"Masked Bandits","player_choice":"Fought Bandits","floor":20.0,"gold_loss":0.0,"damage_taken":0.0},{"cards_removed":["Strike_B"],"damage_healed":0.0,"max_hp_gain":0.0,"max_hp_loss":0.0,"gold_gain":0.0,"event_name":"Beggar","player_choice":"Gave Gold","floor":21.0,"gold_loss":75.0,"damage_taken":0.0},{"damage_healed":0.0,"max_hp_gain":0.0,"max_hp_loss":0.0,"gold_gain":0.0,"event_name":"The Library","player_choice":"Read","floor":29.0,"gold_loss":0.0,"damage_taken":0.0,"cards_obtained":["Cold Snap"]},{"damage_healed":0.0,"max_hp_gain":0.0,"max_hp_loss":0.0,"gold_gain":0.0,"cards_transformed":["Strike_B"],"event_name":"Transmorgrifier","player_choice":"Transformed","floor":36.0,"gold_loss":0.0,"damage_taken":0.0,"cards_obtained":["Compile Driver"]},{"cards_removed":["Ball Lightning"],"damage_healed":0.0,"max_hp_gain":0.0,"max_hp_loss":0.0,"gold_gain":0.0,"event_name":"Falling","player_choice":"Removed Attack","floor":39.0,"gold_loss":0.0,"damage_taken":0.0},{"damage_healed":0.0,"max_hp_gain":0.0,"max_hp_loss":0.0,"gold_gain":0.0,"event_name":"MindBloom","player_choice":"Fight","floor":41.0,"gold_loss":0.0,"damage_taken":0.0}],"is_beta":false,"boss_relics":[{"not_picked":["Calling Bell","Lizard Tail"],"picked":"Velvet Choker"},{"not_picked":["Philosopher\u0027s Stone","Orrery"],"picked":"Inserter"}],"items_purged_floors":[5,25],"is_endless":false,"potions_floor_spawned":[8,16,18,24,33,40,41,48,54],"ascension_level":11}