{"gold_per_floor":[109,109,125,78,89,89,101,133,133,133,150,170,170,117,117,214,214,228,238,258,16,49,49,85,124,124,124,167,77,77,77,77,181,181,193,229,72,91,191,191,201,201,201,102,102,54,54,91,91,91],"floor_reached":51,"playtime":3958,"items_purged":[],"score":726,"play_id":"61233f83-eaac-4a43-82fe-5648d0c0d4ba","local_time":"20190713175426","is_ascension_mode":false,"campfire_choices":[{"data":"Perfected Strike","floor":6.0,"key":"SMITH"},{"data":"Perfected Strike","floor":10.0,"key":"SMITH"},{"data":"Pommel Strike","floor":13.0,"key":"SMITH"},{"data":"Bash","floor":15.0,"key":"SMITH"},{"data":"HandOfGreed","floor":23.0,"key":"SMITH"},{"data":"Feel No Pain","floor":27.0,"key":"SMITH"},{"data":"Clothesline","floor":32.0,"key":"SMITH"},{"data":"Immolate","floor":40.0,"key":"SMITH"},{"data":"True Grit","floor":47.0,"key":"SMITH"},{"data":"Fiend Fire","floor":49.0,"key":"SMITH"}],"neow_cost":"NONE","seed_source_timestamp":0,"circlet_count":0,"master_deck":["Strike_R","Strike_R","Strike_R","Strike_R","Strike_R","Defend_R","Defend_R","Defend_R","Defend_R","Bash+1","Blood for Blood","Perfected Strike+1","Pommel Strike+1","Wild Strike","Perfected Strike+1","Shrug It Off","Wild Strike","Twin Strike","Shrug It Off","Immolate+1","Shrug It Off","Shrug It Off","Shrug It Off","Corruption","HandOfGreed+1","Feel No Pain+1","Clothesline+1","Twin Strike","Metallicize","Metallicize","Twin Strike","Reaper","Shrug It Off+1","Perfected Strike+1","Shrug It Off","Ghostly Armor","Corruption","Body Slam","Wild Strike+1","Fiend Fire+1","Wild Strike","Clothesline","Dramatic Entrance","True Grit+1","Pommel Strike+1"],"special_seed":0,"relics":["Snecko Eye"],"potions_floor_usage":[50,50,50],"damage_taken":[{"damage":1.0,"enemies":"Cultist","floor":1.0,"turns":3.0},{"damage":1.0,"enemies":"Jaw Worm","floor":3.0,"turns":2.0},{"damage":6.0,"enemies":"Small Slimes","floor":5.0,"turns":2.0},{"damage":6.0,"enemies":"Exordium Wildlife","floor":7.0,"turns":2.0},{"damage":13.0,"enemies":"3 Sentries","floor":8.0,"turns":3.0},{"damage":0.0,"enemies":"Looter","floor":11.0,"turns":1.0},{"damage":2.0,"enemies":"Blue Slaver","floor":12.0,"turns":2.0},{"damage":0.0,"enemies":"Slime Boss","floor":16.0,"turns":3.0},{"damage":0.0,"enemies":"Chosen","floor":18.0,"turns":1.0},{"damage":0.0,"enemies":"Spheric Guardian","floor":19.0,"turns":2.0},{"damage":0.0,"enemies":"Snake Plant","floor":20.0,"turns":1.0},{"damage":0.0,"enemies":"Chosen and Byrds","floor":22.0,"turns":2.0},{"damage":0.0,"enemies":"3 Cultists","floor":24.0,"turns":2.0},{"damage":14.0,"enemies":"Centurion and Healer","floor":25.0,"turns":5.0},{"damage":5.0,"enemies":"Shelled Parasite and Fungi","floor":28.0,"turns":3.0},{"damage":11.0,"enemies":"Champ","floor":33.0,"turns":12.0},{"damage":7.0,"enemies":"3 Darklings","floor":35.0,"turns":3.0},{"damage":2.0,"enemies":"3 Shapes","floor":36.0,"turns":4.0},{"damage":2.0,"enemies":"Transient","floor":38.0,"turns":5.0},{"damage":2.0,"enemies":"Mind Bloom Boss Battle","floor":39.0,"turns":5.0},{"damage":0.0,"enemies":"Maw","floor":41.0,"turns":6.0},{"damage":6.0,"enemies":"Sphere and 2 Shapes","floor":48.0,"turns":6.0},{"damage":81,"enemies":"Awakened One","floor":50,"turns":12}],"seed_played":"7948279026838648465","potions_obtained":[{"floor":1.0,"key":"SkillPotion"},{"floor":5.0,"key":"Block Potion"},{"floor":11.0,"key":"GamblersBrew"},{"floor":20.0,"key":"Swift Potion"},{"floor":28.0,"key":"GamblersBrew"},{"floor":36.0,"key":"LiquidBronze"},{"floor":41.0,"key":"Dexterity Potion"}],"is_trial":false,"path_per_floor":["M","?","M","$","M","R","M","E","T","R","M","M","R","$","R","B",null,"M","M","M","$","M","R","M","M","T","R","M","$","?","T","R","B",null,"M","M","$","M","?","R","M","?","T","$","?","$","R","M","R","B",null],"character_chosen":"IRONCLAD","items_purchased":["Pommel Strike","Shrug It Off","Corruption","HandOfGreed","Metallicize","Twin Strike","Shrug It Off","Ghostly Armor","Corruption","Wild Strike","Clothesline","True Grit"],"campfire_rested":0,"item_purchase_floors":[4,14,21,21,29,29,37,37,37,44,44,46],"current_hp_per_floor":[79,79,78,78,72,72,66,53,53,53,53,51,51,51,51,51,80,80,80,80,80,80,80,80,66,66,66,61,61,61,61,61,50,80,73,78,78,76,74,74,78,76,76,76,76,76,76,70,70,5],"gold":91,"neow_bonus":"BOSS_RELIC","is_prod":false,"is_daily":false,"chose_seed":false,"campfire_upgraded":10,"win_rate":0,"timestamp":1563054866,"path_taken":["M","?","?","$","M","R","M","E","T","R","M","M","R","$","R","BOSS","M","?","M","$","M","R","M","M","T","R","M","$","?","?","R","BOSS","M","M","$","M","?","R","M","?","T","?","?","$","R","M","R","BOSS"],"build_version":"2019-07-05","purchased_purges":0,"victory":true,"max_hp_per_floor":[80,80,80,80,80,80,80,80,80,80,80,80,80,80,80,80,80,80,80,80,80,80,80,80,80,80,80,80,80,80,80,80,80,80,80,80,80,80,80,80,80,76,76,76,76,76,76,76,76,76],"card_choices":[{"not_picked":["Body Slam","Hemokinesis"],"picked":"Blood for Blood","floor":1.0},{"not_picked":["Infernal Blade","Dual Wield"],"picked":"Perfected Strike","floor":3.0},{"not_picked":["Thunderclap","Headbutt"],"picked":"Wild Strike","floor":5.0},{"not_picked":["Heavy Blade","Ghostly Armor"],"picked":"Perfected Strike","floor":7.0},{"not_picked":["Body Slam","Warcry"],"picked":"Shrug It Off","floor":8.0},{"not_picked":["Sword Boomerang","Burning Pact"],"picked":"Wild Strike","floor":11.0},{"not_picked":["Clothesline","Iron Wave"],"picked":"Twin Strike","floor":12.0},{"not_picked":["Offering","Dark Embrace"],"picked":"Immolate","floor":16.0},{"not_picked":["Heavy Blade","Reckless Charge"],"picked":"Shrug It Off","floor":18.0},{"not_picked":["Fire Breathing","Flex"],"picked":"Shrug It Off","floor":19.0},{"not_picked":["Infernal Blade+1","Warcry+1"],"picked":"Shrug It Off","floor":20.0},{"not_picked":["Seeing Red","Metallicize"],"picked":"Feel No Pain","floor":22.0},{"not_picked":["Iron Wave","Blood for Blood"],"picked":"Clothesline","floor":24.0},{"not_picked":["Iron Wave","Combust+1"],"picked":"Twin Strike","floor":25.0},{"not_picked":["Anger+1","Havoc+1"],"picked":"Metallicize","floor":28.0},{"not_picked":["Limit Break","Berserk"],"picked":"Reaper","floor":33.0},{"not_picked":["Havoc","Anger"],"picked":"Shrug It Off+1","floor":35.0},{"not_picked":["Fiend Fire","Wild Strike+1"],"picked":"Perfected Strike+1","floor":36.0},{"not_picked":["Power Through+1","Havoc"],"picked":"Body Slam","floor":38.0},{"not_picked":["Twin Strike","Havoc"],"picked":"Wild Strike+1","floor":39.0},{"not_picked":["Twin Strike","Carnage+1"],"picked":"Fiend Fire","floor":41.0},{"not_picked":["Magnetism","Jack Of All Trades"],"picked":"Dramatic Entrance","floor":45.0},{"not_picked":["Metallicize","Power Through+1"],"picked":"Pommel Strike+1","floor":48.0}],"player_experience":234232,"relics_obtained":[],"event_choices":[{"damage_healed":0.0,"max_hp_gain":0.0,"max_hp_loss":0.0,"gold_gain":0.0,"event_name":"WeMeetAgain","player_choice":"Ignored","floor":2.0,"gold_loss":0.0,"damage_taken":0.0},{"damage_healed":0.0,"max_hp_gain":0.0,"max_hp_loss":0.0,"gold_gain":0.0,"event_name":"The Mausoleum","player_choice":"Ignored","floor":30.0,"gold_loss":0.0,"damage_taken":0.0},{"damage_healed":0.0,"max_hp_gain":0.0,"max_hp_loss":0.0,"gold_gain":0.0,"event_name":"MindBloom","player_choice":"Fight","floor":39.0,"gold_loss":0.0,"damage_taken":0.0},{"damage_healed":0.0,"max_hp_gain":0.0,"max_hp_loss":4.0,"gold_gain":0.0,"event_name":"Winding Halls","player_choice":"Max HP","floor":42.0,"gold_loss":0.0,"damage_taken":0.0},{"damage_healed":0.0,"max_hp_gain":0.0,"max_hp_loss":0.0,"gold_gain":0.0,"event_name":"SensoryStone","player_choice":"Memory 1","floor":45.0,"gold_loss":0.0,"damage_taken":0.0}],"is_beta":false,"boss_relics":[{"not_picked":["Runic Pyramid","Cursed Key","White Beast Statue"]},{"not_picked":["Sozu","Orrery","Runic Cube"]}],"items_purged_floors":[],"is_endless":false,"potions_floor_spawned":[1,5,11,12,20,22,24,28,36,41,48],"ascension_level":0}