{"gold_per_floor":[117,26,26,26,39,66,66,76,121,46,60,60,72,37,37,37],"floor_reached":16,"playtime":336,"items_purged":["Defend_B"],"score":145,"play_id":"985584c3-9b8c-4b9f-aea2-ec2657d87671","local_time":"20180907121319","is_ascension_mode":true,"campfire_choices":[{"data":"Rebound","floor":7,"key":"SMITH"},{"data":"Barrage","floor":12,"key":"SMITH"},{"floor":15,"key":"REST"}],"neow_cost":"","seed_source_timestamp":897736581710169,"circlet_count":0,"master_deck":["Strike_B","Strike_B","Strike_B","Strike_B","Defend_B","Defend_B","Zap","Dualcast","Gash","Streamline+1","Melter","Ball Lightning","Rebound+1","Gash","Barrage+1"],"relics":["Cracked Core","Anchor","PreservedInsect"],"potions_floor_usage":[],"damage_taken":[{"damage":4,"enemies":"2 Louse","floor":1,"turns":2},{"damage":7,"enemies":"Small Slimes","floor":5,"turns":2},{"damage":16,"enemies":"Gremlin Nob","floor":6,"turns":3},{"damage":0,"enemies":"Cultist","floor":8,"turns":2},{"damage":2,"enemies":"2 Fungi Beasts","floor":11,"turns":2},{"damage":0,"enemies":"Gremlin Gang","floor":13,"turns":3},{"damage":0,"enemies":"Slime Boss","floor":16,"turns":1}],"seed_played":"4690810496279164276","potions_obtained":[{"floor":5,"key":"Block Potion"},{"floor":6,"key":"PowerPotion"},{"floor":8,"key":"PowerPotion"}],"is_trial":false,"path_per_floor":["M","$","?","?","M","E","R","M","T","$","M","R","M","?","R"],"character_chosen":"DEFECT","items_purchased":["Streamline","Melter"],"campfire_rested":1,"item_purchase_floors":[2,2],"current_hp_per_floor":[64,64,64,64,57,41,41,41,41,41,39,39,39,57,75,75],"gold":37,"neow_bonus":"","is_prod":false,"is_daily":false,"chose_seed":false,"campfire_upgraded":2,"win_rate":0,"timestamp":1536347599,"path_taken":["M","$","?","?","M","E","R","?","T","$","M","R","M","?","R","BOSS"],"build_version":"2018-09-06","purchased_purges":1,"victory":false,"max_hp_per_floor":[75,75,75,75,75,75,75,75,75,75,75,75,75,75,75,75],"card_choices":[{"not_picked":["Steam","Cold Snap"],"picked":"Gash","floor":1},{"not_picked":["Rebound","Tempest"],"picked":"Ball Lightning","floor":5},{"not_picked":["Redo","Double Energy"],"picked":"Rebound","floor":6},{"not_picked":["Rip and Tear","Redo"],"picked":"Gash","floor":8},{"not_picked":["Coolheaded","Cold Snap"],"picked":"Barrage","floor":11},{"not_picked":["Compile Driver","Undo","Multi-Cast"],"picked":"SKIP","floor":13}],"player_experience":757570,"relics_obtained":[{"floor":6,"key":"Anchor"},{"floor":9,"key":"PreservedInsect"}],"event_choices":[{"event_name":"Living Wall","player_choice":"Forget","floor":3,"damage_taken":0},{"event_name":"Upgrade Shrine","player_choice":"Upgraded","floor":4,"damage_taken":0},{"event_name":"The Cleric","player_choice":"Healed","floor":14,"damage_taken":0}],"is_beta":false,"boss_relics":[],"items_purged_floors":[10],"is_endless":false,"potions_floor_spawned":[5,6,8],"killed_by":"Slime Boss","ascension_level":9}