{"gold_per_floor":[116,136,211,13,13,13,44,44,44,71,83,83,113,130,130,206,206,220,247,266,266,266,266,107,141,194,194,209,209,222,23,23,98,98,110,134,152,52,105,105,35,63,136,136,136,165,165,179,179,179,179],"floor_reached":51,"playtime":2509,"items_purged":["Decay","Defend_R","Defend_R"],"score":1424,"play_id":"6983567c-a5e1-4151-ac5b-3d796e5279d3","local_time":"20190613173056","is_ascension_mode":true,"campfire_choices":[{"data":"Bash","floor":6,"key":"SMITH"},{"floor":8,"key":"REST"},{"floor":12,"key":"REST"},{"data":"Demon Form","floor":15,"key":"SMITH"},{"floor":23,"key":"REST"},{"data":"J.A.X.","floor":27,"key":"SMITH"},{"data":"Inflame","floor":32,"key":"SMITH"},{"data":"Heavy Blade","floor":40,"key":"SMITH"},{"data":"Heavy Blade","floor":47,"key":"SMITH"},{"data":"Brutality","floor":49,"key":"SMITH"}],"neow_cost":"NONE","seed_source_timestamp":158158877472214,"circlet_count":0,"master_deck":["AscendersBane","Strike_R","Strike_R","Strike_R","Strike_R","Strike_R","Defend_R","Defend_R","Bash+1","Cleave","Apotheosis+1","Wild Strike","Demon Form+1","Heavy Blade+1","Sword Boomerang","Second Wind","Reaper","Power Through","Heavy Blade","Whirlwind","J.A.X.+1","Sentinel","Inflame+1","Reaper","Warcry","Rupture","Heavy Blade+1","Double Tap","Rupture+1","Evolve","Sword Boomerang+1","Brutality+1"],"relics":["Burning Blood","Blood Vial","Mercury Hourglass","Pear","Orichalcum","Dream Catcher","Mark of Pain","Red Mask","Matryoshka","Oddly Smooth Stone","Bottled Tornado","Runic Cube","The Courier","Juzu Bracelet","Unceasing Top","Question Card","Dodecahedron","Mummified Hand"],"potions_floor_usage":[7,16,25,33,50,50,50,50],"damage_taken":[{"damage":9,"enemies":"Jaw Worm","floor":1,"turns":5},{"damage":2,"enemies":"Cultist","floor":2,"turns":4},{"damage":38,"enemies":"3 Sentries","floor":7,"turns":9},{"damage":40,"enemies":"Lagavulin","floor":10,"turns":6},{"damage":0,"enemies":"Small Slimes","floor":11,"turns":3},{"damage":12,"enemies":"3 Sentries","floor":13,"turns":6},{"damage":8,"enemies":"Looter","floor":14,"turns":3},{"damage":40,"enemies":"Hexaghost","floor":16,"turns":6},{"damage":16,"enemies":"3 Byrds","floor":18,"turns":5},{"damage":52,"enemies":"Masked Bandits","floor":19,"turns":5},{"damage":16,"enemies":"Spheric Guardian","floor":20,"turns":4},{"damage":13,"enemies":"Slavers","floor":25,"turns":3},{"damage":23,"enemies":"Centurion and Healer","floor":28,"turns":5},{"damage":5,"enemies":"Snake Plant","floor":30,"turns":3},{"damage":27,"enemies":"Collector","floor":33,"turns":6},{"damage":15,"enemies":"3 Darklings","floor":35,"turns":3},{"damage":53,"enemies":"3 Shapes","floor":37,"turns":3},{"damage":34,"enemies":"2 Orb Walkers","floor":39,"turns":4},{"damage":80,"enemies":"Giant Head","floor":42,"turns":6},{"damage":27,"enemies":"Nemesis","floor":46,"turns":5},{"damage":17,"enemies":"Transient","floor":48,"turns":6},{"damage":73,"enemies":"Donu and Deca","floor":50,"turns":5},{"damage":45,"enemies":"Awakened One","floor":51,"turns":2}],"seed_played":"-3486661336096977462","potions_obtained":[{"floor":1,"key":"Regen Potion"},{"floor":11,"key":"SteroidPotion"},{"floor":13,"key":"GamblersBrew"},{"floor":18,"key":"LiquidBronze"},{"floor":25,"key":"SkillPotion"},{"floor":29,"key":"FearPotion"},{"floor":33,"key":"Weak Potion"},{"floor":46,"key":"EntropicBrew"}],"is_trial":false,"path_per_floor":["M","M","?","$","?","R","E","R","T","E","M","R","E","M","R","B",null,"M","?","M","?","?","R","$","E","T","R","M","?","M","$","R","B",null,"M","T","M","$","?","R","$","E","T","?","?","E","R","M","R","B","B"],"character_chosen":"IRONCLAD","items_purchased":["Apotheosis","Inflame","Rupture","Heavy Blade","Evolve"],"campfire_rested":3,"item_purchase_floors":[4,24,31,31,41],"current_hp_per_floor":[67,73,62,62,62,62,47,69,79,47,55,80,76,76,76,44,75,71,40,32,32,32,57,57,52,52,52,79,79,85,85,85,82,84,76,76,85,85,57,57,57,21,21,70,70,61,61,70,70,31,0],"gold":179,"neow_bonus":"RANDOM_COMMON_RELIC","is_prod":false,"is_daily":false,"chose_seed":false,"campfire_upgraded":7,"win_rate":0,"timestamp":1560472256,"path_taken":["M","M","?","$","?","R","E","R","T","E","?","R","E","M","R","BOSS","M","?","M","?","?","R","?","E","T","R","M","?","M","$","R","BOSS","M","?","M","$","?","R","$","E","T","?","?","E","R","M","R","BOSS","BOSS"],"build_version":"2019-01-23","purchased_purges":3,"victory":false,"max_hp_per_floor":[75,75,75,75,75,75,75,75,85,85,85,85,85,85,85,85,85,85,85,85,85,85,85,85,85,85,85,85,85,85,85,85,85,85,85,85,85,85,85,85,85,85,85,70,70,70,70,70,70,70,70],"card_choices":[{"not_picked":["Second Wind","Headbutt"],"picked":"Cleave","floor":1},{"not_picked":["Seeing Red","Anger","Second Wind"],"picked":"SKIP","floor":2},{"not_picked":["Perfected Strike","Headbutt"],"picked":"Wild Strike","floor":7},{"not_picked":["Fire Breathing","Flex"],"picked":"Demon Form","floor":10},{"not_picked":["Cleave","Rage"],"picked":"Heavy Blade","floor":11},{"not_picked":["Warcry","Feel No Pain"],"picked":"Sword Boomerang","floor":13},{"not_picked":["Blood for Blood","Burning Pact"],"picked":"Second Wind","floor":14},{"not_picked":["Bludgeon","Juggernaut"],"picked":"Reaper","floor":16},{"not_picked":["Heavy Blade","Intimidate"],"picked":"Power Through","floor":18},{"not_picked":["Thunderclap","Body Slam"],"picked":"Heavy Blade","floor":19},{"not_picked":["Reckless Charge","Corruption"],"picked":"Whirlwind","floor":20},{"not_picked":["Fire Breathing","Entrench"],"picked":"Sentinel","floor":23},{"not_picked":["Headbutt+1","Flex"],"picked":"Reaper","floor":25},{"not_picked":["Dual Wield","Thunderclap"],"picked":"Warcry","floor":28},{"not_picked":["Hemokinesis","Flame Barrier","Clash+1"],"picked":"SKIP","floor":30},{"not_picked":["Reaper","Berserk"],"picked":"Double Tap","floor":33},{"not_picked":["Wild Strike","Burning Pact"],"picked":"Rupture+1","floor":35},{"not_picked":["Wild Strike","Shockwave","Reckless Charge"],"picked":"SKIP","floor":37},{"not_picked":["Wild Strike","Warcry"],"picked":"Sword Boomerang+1","floor":42},{"not_picked":["Sever Soul","Cleave","Headbutt+1","Iron Wave"],"picked":"SKIP","floor":46},{"not_picked":["Clothesline","Rampage+1","True Grit"],"picked":"Brutality","floor":48}],"player_experience":1394838,"relics_obtained":[{"floor":7,"key":"Mercury Hourglass"},{"floor":9,"key":"Pear"},{"floor":10,"key":"Orichalcum"},{"floor":13,"key":"Dream Catcher"},{"floor":19,"key":"Red Mask"},{"floor":25,"key":"Matryoshka"},{"floor":26,"key":"Oddly Smooth Stone"},{"floor":26,"key":"Bottled Tornado"},{"floor":36,"key":"The Courier"},{"floor":36,"key":"Juzu Bracelet"},{"floor":39,"key":"Unceasing Top"},{"floor":42,"key":"Question Card"},{"floor":43,"key":"Dodecahedron"},{"floor":46,"key":"Mummified Hand"}],"event_choices":[{"damage_healed":0,"gold_gain":75,"player_choice":"Gather Gold","damage_taken":11,"max_hp_gain":0,"max_hp_loss":0,"event_name":"World of Goop","floor":3,"gold_loss":0},{"damage_healed":0,"gold_gain":0,"player_choice":"Upgraded","damage_taken":0,"max_hp_gain":0,"max_hp_loss":0,"event_name":"Upgrade Shrine","floor":5,"gold_loss":0,"cards_upgraded":["Apotheosis"]},{"damage_healed":0,"gold_gain":0,"player_choice":"Fought Bandits","damage_taken":0,"max_hp_gain":0,"max_hp_loss":0,"event_name":"Masked Bandits","floor":19,"gold_loss":0},{"damage_healed":0,"gold_gain":0,"player_choice":"Obtain J.A.X.","damage_taken":0,"max_hp_gain":0,"max_hp_loss":0,"event_name":"Drug Dealer","floor":21,"gold_loss":0,"cards_obtained":["J.A.X."]},{"damage_healed":0,"gold_gain":0,"player_choice":"Smashed Altar","damage_taken":0,"max_hp_gain":0,"max_hp_loss":0,"event_name":"Forgotten Altar","floor":22,"gold_loss":0,"cards_obtained":["Decay"]},{"damage_healed":0,"gold_gain":0,"player_choice":"Got Potions","damage_taken":0,"max_hp_gain":0,"max_hp_loss":0,"event_name":"Lab","floor":29,"gold_loss":0},{"damage_healed":0,"gold_gain":0,"player_choice":"Fight","damage_taken":0,"max_hp_gain":0,"max_hp_loss":0,"event_name":"Mysterious Sphere","floor":39,"gold_loss":0},{"damage_healed":70,"gold_gain":0,"player_choice":"Heal","damage_taken":0,"max_hp_gain":0,"max_hp_loss":15,"event_name":"The Moai Head","floor":44,"gold_loss":0},{"damage_healed":0,"gold_gain":0,"player_choice":"Ignored","damage_taken":0,"max_hp_gain":0,"max_hp_loss":0,"event_name":"Tomb of Lord Red Mask","floor":45,"gold_loss":0}],"is_beta":false,"boss_relics":[{"not_picked":["Runic Dome","Runic Pyramid"],"picked":"Mark of Pain"},{"not_picked":["White Beast Statue","Orrery"],"picked":"Runic Cube"}],"items_purged_floors":[24,31,38],"is_endless":false,"potions_floor_spawned":[1,11,13,18,25,30,33,37,46],"killed_by":"Awakened One","ascension_level":20}