{"gold_per_floor":[109,16,34,45,57,57,72,106,130,130,130,150,150,176,176,274,274,292,292],"floor_reached":19,"playtime":810,"items_purged":[],"score":329,"play_id":"4ba0cafc-9b0c-4174-ba93-1dffb187fad6","local_time":"20180911112657","is_ascension_mode":true,"campfire_choices":[{"data":"Thunder Strike","floor":6,"key":"SMITH"},{"floor":11,"key":"REST"},{"data":"Tempest","floor":13,"key":"SMITH"},{"data":"Zap","floor":15,"key":"SMITH"}],"neow_cost":"NONE","seed_source_timestamp":1232106892651206,"circlet_count":0,"master_deck":["Strike_B","Strike_B","Strike_B","Strike_B","Defend_B","Defend_B","Defend_B","Defend_B","Zap+1","Dualcast","AscendersBane","Thunder Strike+1","Conserve Battery","Tempest+1","Rebound","Tempest","Amplify","Leap","Creative AI","Conserve Battery"],"relics":["Cracked Core","Anchor","Boot","Vajra","Potion Belt","Art of War","Fusion Hammer"],"potions_floor_usage":[8,16,16],"damage_taken":[{"damage":2,"enemies":"Jaw Worm","floor":1,"turns":3},{"damage":6,"enemies":"Cultist","floor":3,"turns":3},{"damage":0,"enemies":"2 Louse","floor":4,"turns":2},{"damage":4,"enemies":"Looter","floor":5,"turns":4},{"damage":8,"enemies":"Blue Slaver","floor":7,"turns":4},{"damage":25,"enemies":"Lagavulin","floor":8,"turns":4},{"damage":0,"enemies":"3 Louse","floor":12,"turns":4},{"damage":0,"enemies":"Slime Boss","floor":16,"turns":6},{"damage":2,"enemies":"Shell Parasite","floor":18,"turns":3},{"damage":63,"enemies":"Masked Bandits","floor":19,"turns":3}],"seed_played":"2491573946027026793","potions_obtained":[{"floor":3,"key":"FocusPotion"},{"floor":5,"key":"AttackPotion"},{"floor":8,"key":"PowerPotion"},{"floor":16,"key":"SmokeBomb"}],"is_trial":false,"path_per_floor":["M","?","M","M","M","R","M","E","T","?","R","M","R","T","R","B",null,"M"],"character_chosen":"DEFECT","items_purchased":[],"campfire_rested":1,"item_purchase_floors":[],"current_hp_per_floor":[66,66,60,60,56,56,48,23,23,11,33,33,33,33,33,33,65,63,0],"gold":292,"neow_bonus":"ONE_RANDOM_RARE_CARD","is_prod":false,"is_daily":false,"chose_seed":false,"campfire_upgraded":3,"win_rate":0,"timestamp":1536690417,"path_taken":["M","?","M","M","M","R","M","E","T","?","R","M","R","?","R","BOSS","M","?"],"build_version":"2018-09-06","purchased_purges":0,"victory":false,"max_hp_per_floor":[75,75,75,75,75,75,75,75,75,75,75,75,75,75,75,75,75,75,75],"card_choices":[{"not_picked":["Redo","Compile Driver","Hologram"],"picked":"SKIP","floor":1},{"not_picked":["Aggregate","Reinforced Body"],"picked":"Conserve Battery","floor":3},{"not_picked":["Stack","Rebound"],"picked":"Tempest","floor":4},{"not_picked":["Force Field","Cold Snap"],"picked":"Rebound","floor":5},{"not_picked":["Steam","BootSequence"],"picked":"Tempest","floor":7},{"not_picked":["Beam Cell","Redo"],"picked":"Amplify","floor":8},{"not_picked":["Go for the Eyes","Cold Snap"],"picked":"Leap","floor":12},{"not_picked":["Reboot","All For One"],"picked":"Creative AI","floor":16},{"not_picked":["Go for the Eyes+1","Reprogram"],"picked":"Conserve Battery","floor":18}],"player_experience":779879,"relics_obtained":[{"floor":8,"key":"Boot"},{"floor":9,"key":"Vajra"},{"floor":14,"key":"Art of War"}],"event_choices":[{"event_name":"WeMeetAgain","player_choice":"Gold","floor":2,"damage_taken":0},{"event_name":"Scrap Ooze","player_choice":"success","floor":10,"damage_taken":12},{"event_name":"Masked Bandits","player_choice":"Fought Bandits","floor":19,"damage_taken":0}],"is_beta":false,"boss_relics":[{"not_picked":["Cursed Key","Coffee Dripper"],"picked":"Fusion Hammer"}],"items_purged_floors":[],"is_endless":false,"potions_floor_spawned":[3,5,8,16],"killed_by":"Masked Bandits","ascension_level":10}