{"gold_per_floor":[119,139,139,64,83,83,114,127,127,127,157,157,186,186,186,282,282,282,282,30,30,30,30,30,30,30,30,30,30,30,30,30,30,30,30,30,30,30,30,30,30,30,30,30,30,30,30,30,30,30],"floor_reached":50,"playtime":2430,"items_purged":["Pain","Injury"],"score":1292,"play_id":"65baec86-9cab-4a58-9070-23a95011fa93","local_time":"20190502000840","is_ascension_mode":true,"campfire_choices":[{"data":"Carnage","floor":6,"key":"SMITH"},{"data":"Bash","floor":10,"key":"SMITH"},{"floor":12,"key":"REST"},{"data":"Battle Trance","floor":15,"key":"SMITH"},{"data":"Double Tap","floor":23,"key":"SMITH"},{"floor":27,"key":"REST"},{"floor":32,"key":"REST"},{"floor":41,"key":"REST"},{"floor":44,"key":"REST"},{"floor":49,"key":"REST"}],"neow_cost":"NONE","seed_source_timestamp":80827733401953,"circlet_count":0,"master_deck":["AscendersBane","Strike_R","Strike_R","Strike_R","Strike_R","Defend_R","Defend_R","Defend_R","Defend_R","Bash+1","Exhume","Carnage+1","Shrug It Off","Hemokinesis","Battle Trance+1","Double Tap+1","Sword Boomerang","Anger","Offering+1","Clash","Sword Boomerang+1","Clash","Clash","Thunderclap","Immolate","Twin Strike","Sword Boomerang","Flex","Sword Boomerang","Clash","Sword Boomerang","Clash+1"],"relics":["Burning Blood","WarpedTongs","Mercury Hourglass","Ornamental Fan","Shuriken","Oddly Smooth Stone","Golden Idol","Ectoplasm","Dream Catcher","Paper Frog","Red Skull","Philosopher\u0027s Stone","Ancient Tea Set","Bag of Preparation","Bird Faced Urn"],"potions_floor_usage":[28,40,50,50],"damage_taken":[{"damage":8,"enemies":"2 Louse","floor":1,"turns":3},{"damage":2,"enemies":"Cultist","floor":2,"turns":4},{"damage":14,"enemies":"Jaw Worm","floor":5,"turns":2},{"damage":26,"enemies":"Lagavulin","floor":7,"turns":5},{"damage":3,"enemies":"3 Louse","floor":8,"turns":2},{"damage":14,"enemies":"Gremlin Nob","floor":11,"turns":3},{"damage":16,"enemies":"3 Sentries","floor":13,"turns":6},{"damage":45,"enemies":"The Guardian","floor":16,"turns":9},{"damage":0,"enemies":"Spheric Guardian","floor":18,"turns":3},{"damage":5,"enemies":"3 Byrds","floor":19,"turns":4},{"damage":15,"enemies":"Centurion and Healer","floor":21,"turns":3},{"damage":23,"enemies":"Chosen and Byrds","floor":22,"turns":4},{"damage":18,"enemies":"Book of Stabbing","floor":24,"turns":2},{"damage":8,"enemies":"Sentry and Sphere","floor":25,"turns":3},{"damage":6,"enemies":"3 Cultists","floor":28,"turns":3},{"damage":12,"enemies":"Slavers","floor":29,"turns":3},{"damage":20,"enemies":"Snake Plant","floor":31,"turns":3},{"damage":41,"enemies":"Collector","floor":33,"turns":5},{"damage":19,"enemies":"3 Darklings","floor":35,"turns":2},{"damage":10,"enemies":"Orb Walker","floor":36,"turns":2},{"damage":42,"enemies":"Reptomancer","floor":40,"turns":3},{"damage":9,"enemies":"Giant Head","floor":42,"turns":2},{"damage":26,"enemies":"Maw","floor":45,"turns":3},{"damage":0,"enemies":"3 Darklings","floor":47,"turns":1},{"damage":0,"enemies":"Transient","floor":48,"turns":6},{"damage":70,"enemies":"Donu and Deca","floor":50,"turns":4}],"seed_played":"2163625779604964112","potions_obtained":[{"floor":7,"key":"Energy Potion"},{"floor":13,"key":"Fire Potion"},{"floor":24,"key":"AttackPotion"},{"floor":29,"key":"Dexterity Potion"},{"floor":40,"key":"Poison Potion"},{"floor":42,"key":"PowerPotion"}],"is_trial":false,"path_per_floor":["M","M","?","$","M","R","E","M","T","R","E","R","E","?","R","B",null,"M","M","$","M","M","R","E","M","T","R","M","E","?","M","R","B",null,"M","M","?","$","?","E","R","E","T","R","M","?","M","M","R","B"],"character_chosen":"IRONCLAD","items_purchased":["Offering"],"campfire_rested":6,"item_purchase_floors":[20],"current_hp_per_floor":[66,70,70,70,62,62,42,45,45,45,37,59,49,49,49,10,59,65,66,66,57,40,40,28,26,26,48,48,42,42,28,50,15,60,47,43,43,43,43,7,29,26,26,48,28,28,34,40,62,0],"gold":30,"neow_bonus":"ONE_RANDOM_RARE_CARD","is_prod":false,"is_daily":false,"chose_seed":false,"campfire_upgraded":4,"win_rate":0,"timestamp":1556780920,"path_taken":["M","M","?","$","M","R","E","?","T","R","E","R","E","?","R","BOSS","M","M","$","M","M","R","E","M","T","R","M","E","?","M","R","BOSS","M","M","?","?","?","E","R","E","T","R","M","?","M","M","R","BOSS"],"build_version":"2019-01-23","purchased_purges":2,"victory":false,"max_hp_per_floor":[75,75,75,75,75,75,75,75,75,75,75,75,75,75,75,75,75,75,75,75,75,75,75,75,75,75,75,75,75,75,75,75,75,75,75,75,75,75,75,75,75,75,75,75,75,75,75,75,75,75],"card_choices":[{"not_picked":["Havoc","Second Wind"],"picked":"Carnage","floor":1},{"not_picked":["Fire Breathing","Sword Boomerang"],"picked":"Hemokinesis","floor":2},{"not_picked":["Cleave","Dual Wield"],"picked":"Shrug It Off","floor":5},{"not_picked":["Wild Strike","Havoc"],"picked":"Hemokinesis","floor":7},{"not_picked":["Havoc","Heavy Blade","Bludgeon"],"picked":"SKIP","floor":8},{"not_picked":["Perfected Strike","Dropkick","Evolve"],"picked":"SKIP","floor":11},{"not_picked":["Brutality","Seeing Red"],"picked":"Battle Trance","floor":13},{"not_picked":["Brutality","Berserk"],"picked":"Double Tap","floor":16},{"not_picked":["Clothesline","Rage"],"picked":"Sword Boomerang","floor":18},{"not_picked":["Shrug It Off","Iron Wave"],"picked":"Anger","floor":19},{"not_picked":["Dropkick","Searing Blow"],"picked":"Clash","floor":21},{"not_picked":["Perfected Strike","Bloodletting","Seeing Red"],"picked":"SKIP","floor":22},{"not_picked":["Disarm","Reckless Charge"],"picked":"Sword Boomerang+1","floor":24},{"not_picked":["Iron Wave","Havoc","Dropkick"],"picked":"SKIP","floor":25},{"not_picked":["Pommel Strike","Armaments"],"picked":"Clash","floor":27},{"not_picked":["Body Slam","Corruption","Combust"],"picked":"SKIP","floor":28},{"not_picked":["Bludgeon","Perfected Strike"],"picked":"Clash","floor":29},{"not_picked":["Armaments","Iron Wave","Disarm"],"picked":"SKIP","floor":31},{"not_picked":["Armaments","Headbutt"],"picked":"Thunderclap","floor":32},{"not_picked":["Dark Embrace","Barricade"],"picked":"Immolate","floor":33},{"not_picked":["Perfected Strike","Clothesline","Havoc"],"picked":"SKIP","floor":35},{"not_picked":["Armaments","Havoc"],"picked":"Twin Strike","floor":36},{"not_picked":["Demon Form","Second Wind"],"picked":"Sword Boomerang","floor":40},{"not_picked":["Dropkick","True Grit+1"],"picked":"Flex","floor":41},{"not_picked":["Thunderclap+1","Pommel Strike"],"picked":"Sword Boomerang","floor":42},{"not_picked":["Carnage","Cleave+1"],"picked":"Clash","floor":45},{"not_picked":["Thunderclap","Wild Strike","Havoc"],"picked":"SKIP","floor":47},{"not_picked":["Twin Strike+1","Battle Trance"],"picked":"Sword Boomerang","floor":48},{"not_picked":["Uppercut+1","Combust"],"picked":"Clash+1","floor":49}],"player_experience":1320910,"relics_obtained":[{"floor":7,"key":"Mercury Hourglass"},{"floor":9,"key":"Ornamental Fan"},{"floor":11,"key":"Shuriken"},{"floor":13,"key":"Oddly Smooth Stone"},{"floor":24,"key":"Dream Catcher"},{"floor":26,"key":"Paper Frog"},{"floor":29,"key":"Red Skull"},{"floor":40,"key":"Ancient Tea Set"},{"floor":42,"key":"Bag of Preparation"},{"floor":43,"key":"Bird Faced Urn"}],"event_choices":[{"damage_healed":0,"gold_gain":0,"player_choice":"Rummage","damage_taken":0,"relics_obtained":["WarpedTongs"],"max_hp_gain":0,"max_hp_loss":0,"event_name":"Accursed Blacksmith","floor":3,"gold_loss":0,"cards_obtained":["Pain"]},{"damage_healed":0,"gold_gain":0,"player_choice":"Take Wound","damage_taken":0,"relics_obtained":["Golden Idol"],"max_hp_gain":0,"max_hp_loss":0,"event_name":"Golden Idol","floor":14,"gold_loss":0,"cards_obtained":["Injury"]},{"damage_healed":0,"gold_gain":0,"player_choice":"Upgraded","damage_taken":0,"max_hp_gain":0,"max_hp_loss":0,"event_name":"Upgrade Shrine","floor":30,"gold_loss":0,"cards_upgraded":["Offering"]},{"cards_removed":["Strike_R"],"damage_healed":0,"gold_gain":0,"player_choice":"Purged","damage_taken":0,"max_hp_gain":0,"max_hp_loss":0,"event_name":"Purifier","floor":37,"gold_loss":0},{"cards_removed":["Hemokinesis"],"damage_healed":0,"gold_gain":0,"player_choice":"Removed Attack","damage_taken":0,"max_hp_gain":0,"max_hp_loss":0,"event_name":"Falling","floor":39,"gold_loss":0},{"damage_healed":0,"gold_gain":0,"player_choice":"Ignored","damage_taken":0,"max_hp_gain":0,"max_hp_loss":0,"event_name":"Mysterious Sphere","floor":46,"gold_loss":0}],"is_beta":false,"boss_relics":[{"not_picked":["Astrolabe","Eternal Feather"],"picked":"Ectoplasm"},{"not_picked":["Black Star","Orrery"],"picked":"Philosopher\u0027s Stone"}],"items_purged_floors":[4,20],"is_endless":false,"potions_floor_spawned":[7,13,16,24,25,29,33,35,40,42,45],"killed_by":"Donu and Deca","ascension_level":19}