{"gold_per_floor":[11,26,26,26,49,93,109,109,109,109],"floor_reached":10,"playtime":431,"items_purged":[],"score":129,"play_id":"aaf433a2-24f9-4485-bb74-c635c85343b2","local_time":"20190530195108","is_ascension_mode":true,"campfire_choices":[{"floor":8,"key":"REST"}],"neow_cost":"NO_GOLD","seed_source_timestamp":223549575408775,"circlet_count":0,"master_deck":["AscendersBane","Strike_B","Strike_B","Strike_B","Defend_B","Defend_B","Defend_B","Zap","Dualcast","Conserve Battery","Beam Cell","Skim","Fusion","Injury","Capacitor"],"relics":["Cracked Core","Golden Idol","Orichalcum","Shuriken"],"potions_floor_usage":[6,10],"damage_taken":[{"damage":2,"enemies":"Small Slimes","floor":1,"turns":3},{"damage":0,"enemies":"Jaw Worm","floor":2,"turns":4},{"damage":5,"enemies":"Cultist","floor":5,"turns":4},{"damage":40,"enemies":"Lagavulin","floor":6,"turns":8},{"damage":4,"enemies":"2 Fungi Beasts","floor":7,"turns":4},{"damage":41,"enemies":"Gremlin Nob","floor":10,"turns":4}],"seed_played":"4640242140615322702","potions_obtained":[{"floor":2,"key":"Explosive Potion"},{"floor":7,"key":"Swift Potion"}],"is_trial":false,"path_per_floor":["M","M","?","?","M","E","M","R","T","E"],"character_chosen":"DEFECT","items_purchased":[],"campfire_rested":1,"item_purchase_floors":[],"current_hp_per_floor":[62,62,62,67,62,22,18,40,40,0],"gold":109,"neow_bonus":"TRANSFORM_TWO_CARDS","is_prod":false,"is_daily":false,"chose_seed":false,"campfire_upgraded":0,"win_rate":0,"timestamp":1559271068,"path_taken":["M","M","?","?","M","E","M","R","T","E"],"build_version":"2019-01-23","purchased_purges":0,"victory":false,"max_hp_per_floor":[71,71,71,76,76,76,76,76,76,76],"card_choices":[{"not_picked":["Redo","Sunder"],"picked":"Skim","floor":1},{"not_picked":["Lockon","Genetic Algorithm"],"picked":"Fusion","floor":2},{"not_picked":["Undo","Barrage","Hologram"],"picked":"SKIP","floor":5},{"not_picked":["Go for the Eyes","Conserve Battery"],"picked":"Capacitor","floor":6},{"not_picked":["Chill","Turbo","Steam"],"picked":"SKIP","floor":7}],"player_experience":1373612,"relics_obtained":[{"floor":6,"key":"Orichalcum"},{"floor":9,"key":"Shuriken"}],"event_choices":[{"damage_healed":0,"gold_gain":0,"player_choice":"Take Wound","damage_taken":0,"relics_obtained":["Golden Idol"],"max_hp_gain":0,"max_hp_loss":0,"event_name":"Golden Idol","floor":3,"gold_loss":0,"cards_obtained":["Injury"]},{"damage_healed":0,"gold_gain":0,"player_choice":"Donut","damage_taken":0,"max_hp_gain":5,"max_hp_loss":0,"event_name":"Big Fish","floor":4,"gold_loss":0}],"is_beta":false,"boss_relics":[],"items_purged_floors":[],"is_endless":false,"potions_floor_spawned":[2,7],"killed_by":"Gremlin Nob","ascension_level":18}