{"gold_per_floor":[119,8,8,8,22,22,56,77,156,156,189,264,264,285,285,380,380,396,396,396,396,311,351,351,365,388,189,208,227,227,262,262,355,355,369,118,141,141,16,57,75,108,108,108,0,100,140,159,159,159,159,159,12,45,45],"floor_reached":56,"playtime":5642,"items_purged":["Strike_B","Hello World","Dualcast"],"score":2097,"play_id":"9150b033-229e-4b6c-b292-3935607f1edd","local_time":"20190806235520","is_ascension_mode":true,"campfire_choices":[{"data":"Zap","floor":6,"key":"SMITH"},{"data":"Defragment","floor":10,"key":"SMITH"},{"floor":13,"key":"REST"},{"data":"Melter","floor":15,"key":"SMITH"},{"data":"Defragment","floor":24,"key":"SMITH"},{"data":"Buffer","floor":30,"key":"SMITH"},{"data":"Glacier","floor":32,"key":"SMITH"},{"data":"Turbo","floor":44,"key":"SMITH"},{"floor":49,"key":"RECALL"},{"floor":52,"key":"REST"}],"neow_cost":"NONE","seed_source_timestamp":689985080732684,"circlet_count":0,"master_deck":["AscendersBane","Zap+1","Cold Snap+1","Defragment+1","Gash+1","Echo Form","Melter+1","Cold Snap","Conserve Battery","All For One","Glacier+1","Conserve Battery","Core Surge","Buffer+1","Defragment+1","Go for the Eyes","Gash","Go for the Eyes","Gash","Gash","All For One","Gash","Glacier","Capacitor+1","Chill","Turbo+1","All For One+1"],"relics":["White Beast Statue","Golden Idol","Whetstone","Shuriken","Juzu Bracelet","Pandora\u0027s Box","Mercury Hourglass","Bronze Scales","Pen Nib","Lee\u0027s Waffle","Vajra","Black Star","Centennial Puzzle","Ice Cream","DataDisk","Lantern","Red Mask","Kunai","Molten Egg 2","Turnip","Ginger"],"potions_floor_usage":[5,5,7,8,11,14,16,23,25,28,29,31,31,35,37,47,48,50,55],"damage_taken":[{"damage":1,"enemies":"Cultist","floor":1,"turns":3},{"damage":0,"enemies":"Small Slimes","floor":5,"turns":5},{"damage":45,"enemies":"Gremlin Nob","floor":7,"turns":5},{"damage":7,"enemies":"Jaw Worm","floor":8,"turns":4},{"damage":7,"enemies":"3 Sentries","floor":11,"turns":7},{"damage":0,"enemies":"3 Louse","floor":14,"turns":5},{"damage":14,"enemies":"Slime Boss","floor":16,"turns":9},{"damage":5,"enemies":"Chosen","floor":18,"turns":4},{"damage":38,"enemies":"Slavers","floor":23,"turns":6},{"damage":0,"enemies":"Shell Parasite","floor":25,"turns":4},{"damage":1,"enemies":"Snecko","floor":28,"turns":5},{"damage":15,"enemies":"Snake Plant","floor":29,"turns":3},{"damage":0,"enemies":"Gremlin Leader","floor":31,"turns":6},{"damage":0,"enemies":"Automaton","floor":33,"turns":5},{"damage":9,"enemies":"3 Darklings","floor":35,"turns":4},{"damage":4,"enemies":"Orb Walker","floor":37,"turns":2},{"damage":0,"enemies":"Nemesis","floor":40,"turns":7},{"damage":1,"enemies":"Maw","floor":41,"turns":4},{"damage":0,"enemies":"Giant Head","floor":42,"turns":7},{"damage":0,"enemies":"Nemesis","floor":47,"turns":7},{"damage":20,"enemies":"Spire Growth","floor":48,"turns":3},{"damage":16,"enemies":"Awakened One","floor":50,"turns":10},{"damage":13,"enemies":"Shield and Spear","floor":54,"turns":5},{"damage":27,"enemies":"The Heart","floor":55,"turns":9}],"seed_played":"1544197987229396466","potions_obtained":[{"floor":1,"key":"EntropicBrew"},{"floor":5,"key":"Regen Potion"},{"floor":7,"key":"PowerPotion"},{"floor":8,"key":"FocusPotion"},{"floor":11,"key":"GamblersBrew"},{"floor":14,"key":"SpeedPotion"},{"floor":16,"key":"LiquidBronze"},{"floor":23,"key":"Poison Potion"},{"floor":25,"key":"PowerPotion"},{"floor":28,"key":"Block Potion"},{"floor":29,"key":"Weak Potion"},{"floor":31,"key":"Fruit Juice"},{"floor":33,"key":"Energy Potion"},{"floor":35,"key":"Fire Potion"},{"floor":37,"key":"Ancient Potion"},{"floor":42,"key":"PowerPotion"},{"floor":47,"key":"Energy Potion"},{"floor":48,"key":"Block Potion"},{"floor":54,"key":"Block Potion"}],"is_trial":false,"path_per_floor":["M","$","?","?","M","R","E","M","T","R","E","?","R","M","R","B",null,"M","?","?","?","?","E","R","M","T","$","M","M","R","E","R","B",null,"M","$","M","?","$","E","M","E","T","R","?","?","E","M","R","B",null,"R","$","E","B",null],"character_chosen":"DEFECT","items_purchased":["Defragment","Lee\u0027s Waffle","Glacier","Capacitor","All For One+1"],"campfire_rested":2,"item_purchase_floors":[2,27,36,36,53],"current_hp_per_floor":[67,67,67,67,67,67,31,24,24,24,17,6,26,26,26,12,55,50,50,50,50,50,12,12,12,12,76,75,60,60,65,65,65,77,68,68,64,64,64,64,63,63,63,63,63,63,63,43,43,27,68,81,81,68,41],"gold":45,"neow_bonus":"BOSS_RELIC","is_prod":false,"is_daily":false,"chose_seed":false,"campfire_upgraded":7,"win_rate":0,"timestamp":1565150120,"path_taken":["M","$","?","?","?","R","E","M","T","R","E","?","R","M","R","BOSS","M","?","?","?","?","E","R","M","T","?","M","M","R","E","R","BOSS","M","$","M","?","?","E","M","E","T","R","?","?","E","M","R","BOSS","R","$","E","BOSS"],"build_version":"2019-07-17","purchased_purges":3,"victory":true,"max_hp_per_floor":[75,75,69,69,69,69,69,69,69,69,69,69,69,69,69,69,69,69,69,69,69,69,69,69,69,69,76,76,76,76,81,81,81,81,81,81,81,81,81,81,81,81,81,81,81,81,81,81,81,81,81,81,81,81,81],"card_choices":[{"not_picked":["Scrape","Coolheaded"],"picked":"Cold Snap","floor":1},{"not_picked":["Undo","Hologram"],"picked":"Gash","floor":5},{"not_picked":["Skim","Rebound"],"picked":"Echo Form","floor":7},{"not_picked":["Coolheaded","Stack"],"picked":"Melter","floor":8},{"not_picked":["Stack","Genetic Algorithm"],"picked":"Cold Snap","floor":11},{"not_picked":["Coolheaded","Steam"],"picked":"Conserve Battery","floor":14},{"not_picked":["Rainbow","Echo Form"],"picked":"All For One","floor":16},{"not_picked":["Hologram","Double Energy"],"picked":"Go for the Eyes","floor":18},{"not_picked":["Hologram","Genetic Algorithm"],"picked":"Go for the Eyes","floor":23},{"not_picked":["Compile Driver","Stack"],"picked":"Gash","floor":25},{"not_picked":["Steam Power","Hyperbeam","Chaos"],"picked":"SKIP","floor":28},{"not_picked":["Stack","Hologram"],"picked":"Gash","floor":29},{"not_picked":["Stack","Leap","Compile Driver"],"picked":"SKIP","floor":31},{"not_picked":["Thunder Strike","Biased Cognition"],"picked":"All For One","floor":33},{"not_picked":["Reprogram+1","Redo"],"picked":"Gash","floor":35},{"not_picked":["Stack","Steam","Reinforced Body+1"],"picked":"SKIP","floor":37},{"not_picked":["Redo","Turbo"],"picked":"Chill","floor":40},{"not_picked":["Doom and Gloom","Undo","Ball Lightning"],"picked":"SKIP","floor":41},{"not_picked":["Capacitor","Undo"],"picked":"Turbo","floor":42},{"not_picked":["Turbo","Meteor Strike","Stack"],"picked":"SKIP","floor":47},{"not_picked":["Streamline+1","Force Field","Rebound+1"],"picked":"SKIP","floor":48},{"not_picked":["Redo","BootSequence","Aggregate"],"picked":"SKIP","floor":54}],"player_experience":389645,"relics_obtained":[{"floor":7,"key":"Whetstone"},{"floor":9,"key":"Shuriken"},{"floor":11,"key":"Juzu Bracelet"},{"floor":23,"key":"Bronze Scales"},{"floor":26,"key":"Pen Nib"},{"floor":31,"key":"Vajra"},{"floor":40,"key":"Centennial Puzzle"},{"floor":40,"key":"Ice Cream"},{"floor":42,"key":"DataDisk"},{"floor":42,"key":"Lantern"},{"floor":47,"key":"Kunai"},{"floor":47,"key":"Molten Egg 2"},{"floor":54,"key":"Turnip"},{"floor":54,"key":"Ginger"}],"event_choices":[{"damage_healed":0,"gold_gain":0,"player_choice":"Lose Max HP","damage_taken":0,"relics_obtained":["Golden Idol"],"max_hp_gain":0,"max_hp_loss":6,"event_name":"Golden Idol","floor":3,"gold_loss":0},{"cards_removed":["Strike_B"],"damage_healed":0,"gold_gain":0,"player_choice":"Offered Basic","damage_taken":0,"max_hp_gain":0,"max_hp_loss":0,"event_name":"Bonfire Elementals","floor":4,"gold_loss":0},{"damage_healed":0,"gold_gain":75,"player_choice":"Gather Gold","damage_taken":11,"max_hp_gain":0,"max_hp_loss":0,"event_name":"World of Goop","floor":12,"gold_loss":0},{"damage_healed":0,"gold_gain":0,"player_choice":"Read","damage_taken":0,"max_hp_gain":0,"max_hp_loss":0,"event_name":"The Library","floor":19,"gold_loss":0,"cards_obtained":["Gash"]},{"damage_healed":0,"gold_gain":0,"player_choice":"Simplicity","damage_taken":0,"max_hp_gain":0,"max_hp_loss":0,"event_name":"Back to Basics","floor":20,"gold_loss":0,"cards_upgraded":[]},{"damage_healed":0,"gold_gain":0,"player_choice":"Ignored","damage_taken":0,"max_hp_gain":0,"max_hp_loss":0,"event_name":"Vampires","floor":21,"gold_loss":0},{"damage_healed":0,"gold_gain":0,"player_choice":"Obtained Relic","damage_taken":0,"relics_obtained":["Mercury Hourglass"],"max_hp_gain":0,"max_hp_loss":0,"event_name":"Addict","floor":22,"gold_loss":85},{"damage_healed":0,"gold_gain":0,"player_choice":"Forge","damage_taken":0,"max_hp_gain":0,"max_hp_loss":0,"event_name":"Accursed Blacksmith","floor":38,"gold_loss":0,"cards_upgraded":["Capacitor"]},{"damage_healed":0,"gold_gain":0,"player_choice":"Paid","damage_taken":0,"relics_obtained":["Red Mask"],"max_hp_gain":0,"max_hp_loss":0,"event_name":"Tomb of Lord Red Mask","floor":45,"gold_loss":108},{"damage_healed":0,"gold_gain":100,"player_choice":"Pray","damage_taken":0,"max_hp_gain":0,"max_hp_loss":0,"event_name":"Golden Shrine","floor":46,"gold_loss":0}],"is_beta":false,"boss_relics":[{"not_picked":["Fusion Hammer","Busted Crown"],"picked":"Pandora\u0027s Box"},{"not_picked":["Velvet Choker","Calling Bell"],"picked":"Black Star"}],"items_purged_floors":[2,36,39],"is_endless":false,"potions_floor_spawned":[1,5,7,8,11,14,16,18,23,25,28,29,31,33,35,37,41,42,47,48,54],"ascension_level":13}