{"gold_per_floor":[115,29,40,51,63,89,89,99,149,161,172,190,190],"floor_reached":13,"playtime":523,"items_purged":[],"score":91,"play_id":"497a7dfe-41e2-4fc0-b5af-45eedcece79c","local_time":"20190811200416","is_ascension_mode":false,"campfire_choices":[{"data":"Cleave","floor":7,"key":"SMITH"}],"neow_cost":"NONE","seed_source_timestamp":416994732837900,"circlet_count":0,"master_deck":["Strike_R","Strike_R","Strike_R","Strike_R","Strike_R","Defend_R","Defend_R","Defend_R","Defend_R","Bash","Trip","Finesse","Cleave+1","Thunderclap","Body Slam","Metallicize","Pommel Strike","Seeing Red","Whirlwind"],"relics":["Burning Blood","Happy Flower","Strawberry"],"potions_floor_usage":[6,13,13],"damage_taken":[{"damage":5,"enemies":"Small Slimes","floor":1,"turns":5},{"damage":0,"enemies":"Cultist","floor":3,"turns":4},{"damage":2,"enemies":"2 Louse","floor":4,"turns":2},{"damage":8,"enemies":"Looter","floor":5,"turns":3},{"damage":51,"enemies":"Lagavulin","floor":6,"turns":9},{"damage":0,"enemies":"3 Louse","floor":8,"turns":2},{"damage":0,"enemies":"Exordium Wildlife","floor":10,"turns":1},{"damage":7,"enemies":"Looter","floor":11,"turns":3},{"damage":1,"enemies":"Large Slime","floor":12,"turns":5},{"damage":0,"enemies":"Exordium Thugs","floor":13,"turns":1}],"seed_played":"9207841143673456602","potions_obtained":[{"floor":3,"key":"Regen Potion"},{"floor":6,"key":"SpeedPotion"},{"floor":10,"key":"Energy Potion"},{"floor":12,"key":"FearPotion"}],"is_trial":false,"path_per_floor":["M","$","M","M","M","E","R","M","T","M","M","M","M"],"character_chosen":"IRONCLAD","items_purchased":["Finesse"],"campfire_rested":0,"item_purchase_floors":[2],"current_hp_per_floor":[80,80,80,80,78,47,47,53,60,66,65,70,70],"gold":190,"neow_bonus":"RANDOM_COLORLESS","is_prod":false,"is_daily":false,"chose_seed":false,"campfire_upgraded":1,"win_rate":0.0,"timestamp":1565517856,"path_taken":["M","$","M","M","M","E","R","M","T","M","M","M","M"],"build_version":"2019-07-17","purchased_purges":0,"victory":false,"max_hp_per_floor":[80,80,80,80,80,80,80,80,87,87,87,87,87],"card_choices":[{"not_picked":["Second Wind","Heavy Blade","True Grit"],"picked":"SKIP","floor":1},{"not_picked":["Corruption","Clash"],"picked":"Cleave","floor":3},{"not_picked":["Evolve","Sever Soul"],"picked":"Thunderclap","floor":4},{"not_picked":["Headbutt","Clothesline"],"picked":"Body Slam","floor":5},{"not_picked":["Wild Strike","Second Wind","Exhume"],"picked":"SKIP","floor":6},{"not_picked":["Cleave","Anger"],"picked":"Metallicize","floor":8},{"not_picked":["Body Slam","Reckless Charge"],"picked":"Pommel Strike","floor":10},{"not_picked":["Wild Strike","Sword Boomerang"],"picked":"Seeing Red","floor":11},{"not_picked":["Flex","Perfected Strike"],"picked":"Whirlwind","floor":12}],"player_experience":24171,"relics_obtained":[{"floor":6,"key":"Happy Flower"},{"floor":9,"key":"Strawberry"}],"event_choices":[],"is_beta":false,"boss_relics":[],"items_purged_floors":[],"is_endless":false,"potions_floor_spawned":[3,6,10,12],"killed_by":"Exordium Thugs","ascension_level":0}