{"gold_per_floor":[117,134,134,154,11,41,41,66,112,138,153,173,173,192,192,295,295,311,311,311,341,351,351,382,397,442,442,470,470,490,345,345,443,443,454,454,472,347,347,374,389,389,414,433,23,23,38,54,54,54],"floor_reached":51,"playtime":5870,"items_purged":["Defend_B","Strike_B","Defend_B","Dualcast"],"score":1131,"play_id":"f85a5ad6-0887-470e-99ba-9dee02c09e5d","local_time":"20180818205359","is_ascension_mode":true,"campfire_choices":[{"data":"Blizzard","floor":7.0,"key":"SMITH"},{"data":"Coolheaded","floor":15.0,"key":"SMITH"},{"data":"Machine Learning","floor":23.0,"key":"SMITH"},{"data":"Coolheaded","floor":27.0,"key":"SMITH"},{"floor":29.0,"key":"DIG"},{"floor":32.0,"key":"DIG"},{"floor":42,"key":"DIG"},{"floor":49,"key":"REST"}],"neow_cost":"CURSE","seed_source_timestamp":0,"circlet_count":0,"master_deck":["Strike_B+1","Zap","Stack","Glacier+1","Cold Snap+1","Leap","Blizzard+1","Coolheaded+1","Cold Snap","Coolheaded+1","Machine Learning+1","Defragment+1","Go for the Eyes+1","Glacier+1","Coolheaded","Cold Snap+1","Coolheaded","Echo Form","Barrage+1","Barrage+1","Cold Snap+1","Blizzard+1","Chill","Undo","Madness","Madness","Defragment","Loop+1"],"special_seed":0,"relics":["Cracked Core","Thread and Needle","Ornamental Fan","Potion Belt","DataDisk","Bronze Scales","Astrolabe","Boot","Red Mask","Sundial","War Paint","Shovel","Whetstone","Ancient Tea Set","Inserter","Dream Catcher","Vajra","Centennial Puzzle","Art of War","Pen Nib"],"potions_floor_usage":[50,50,50,50,50],"damage_taken":[{"damage":2.0,"enemies":"Cultist","floor":1.0,"turns":3.0},{"damage":0.0,"enemies":"Small Slimes","floor":2.0,"turns":3.0},{"damage":0.0,"enemies":"2 Louse","floor":4.0,"turns":2.0},{"damage":6.0,"enemies":"3 Sentries","floor":6.0,"turns":10.0},{"damage":2.0,"enemies":"Lagavulin","floor":8.0,"turns":8.0},{"damage":0.0,"enemies":"3 Sentries","floor":10.0,"turns":6.0},{"damage":0.0,"enemies":"Blue Slaver","floor":11.0,"turns":3.0},{"damage":7.0,"enemies":"Lots of Slimes","floor":12.0,"turns":4.0},{"damage":1.0,"enemies":"3 Louse","floor":14.0,"turns":3.0},{"damage":4.0,"enemies":"Slime Boss","floor":16.0,"turns":10.0},{"damage":0.0,"enemies":"Shell Parasite","floor":18.0,"turns":6.0},{"damage":2.0,"floor":21.0,"turns":5.0},{"damage":0.0,"enemies":"Spheric Guardian","floor":22.0,"turns":4.0},{"damage":0.0,"enemies":"Gremlin Leader","floor":24.0,"turns":8.0},{"damage":0.0,"enemies":"Snecko","floor":25.0,"turns":8.0},{"damage":0.0,"enemies":"Book of Stabbing","floor":28.0,"turns":7.0},{"damage":0.0,"enemies":"Sentry and Sphere","floor":30.0,"turns":8.0},{"damage":13.0,"enemies":"Automaton","floor":33.0,"turns":11.0},{"damage":0.0,"enemies":"3 Shapes","floor":35.0,"turns":7.0},{"damage":0.0,"enemies":"Flame Bruiser 1 Orb","floor":37.0,"turns":6.0},{"damage":8.0,"enemies":"2 Orb Walkers","floor":40.0,"turns":6.0},{"damage":9,"enemies":"Spire Growth","floor":41,"turns":5},{"damage":0,"enemies":"4 Shapes","floor":44,"turns":6},{"damage":0,"enemies":"Flame Bruiser 2 Orb","floor":47,"turns":5},{"damage":24,"enemies":"Spire Growth","floor":48,"turns":5},{"damage":0,"enemies":"Donu and Deca","floor":50,"turns":7}],"seed_played":"7551407781323601132","potions_obtained":[{"floor":1.0,"key":"SmokeBomb"},{"floor":6.0,"key":"SkillPotion"},{"floor":10.0,"key":"Weak Potion"},{"floor":12.0,"key":"SteroidPotion"},{"floor":16.0,"key":"Energy Potion"},{"floor":22.0,"key":"Strength Potion"},{"floor":24.0,"key":"Swift Potion"},{"floor":25.0,"key":"Energy Potion"},{"floor":35.0,"key":"LiquidBronze"},{"floor":40.0,"key":"Energy Potion"}],"is_trial":false,"path_per_floor":["M","M","?","M","$","E","R","E","T","E","M","M","?","M","R","B",null,"M","?","?","?","M","R","E","M","T","R","E","R","M","$","R","B",null,"M","?","M","$","T","E","M","R","T","M","$","?","M","M","R","B"],"character_chosen":"DEFECT","items_purchased":["Cold Snap","Leap","Coolheaded","Chill","Undo","Pen Nib"],"campfire_rested":1,"item_purchase_floors":[5,5,31,45,45,45],"current_hp_per_floor":[66,66,66,66,66,60,60,58,58,58,58,51,56,55,55,51,73,73,73,73,71,71,71,71,71,71,71,71,71,71,71,71,58,75,75,90,90,90,90,82,73,73,73,73,73,62,62,38,65,65],"gold":54,"neow_bonus":"ONE_RARE_RELIC","is_prod":false,"is_daily":false,"chose_seed":false,"campfire_upgraded":4,"win_rate":0,"timestamp":1534650839,"path_taken":["M","M","?","M","$","E","R","E","T","E","M","M","?","M","R","BOSS","M","?","?","?","M","R","E","M","T","R","E","R","?","$","R","BOSS","M","?","M","$","?","E","M","R","T","?","$","?","M","M","R","BOSS"],"build_version":"2018-08-16","purchased_purges":4,"victory":true,"max_hp_per_floor":[75,75,75,75,75,75,75,75,75,75,75,75,80,80,80,80,80,80,80,80,80,80,80,80,80,80,80,80,80,80,80,80,80,80,80,90,90,90,90,90,90,90,90,90,90,90,90,90,90,90],"card_choices":[{"not_picked":["Compile Driver","Storm"],"picked":"Stack","floor":1.0},{"not_picked":["Barrage","Cold Snap"],"picked":"Glacier","floor":2.0},{"not_picked":["Rebound","Go for the Eyes","Redo"],"picked":"SKIP","floor":4.0},{"not_picked":["Electrodynamics","Cold Snap"],"picked":"Blizzard","floor":6.0},{"not_picked":["Turbo","Double Energy"],"picked":"Coolheaded","floor":8.0},{"not_picked":["Heatsinks","Ball Lightning"],"picked":"Cold Snap","floor":10.0},{"not_picked":["Leap","Lockon","Storm"],"picked":"SKIP","floor":11.0},{"not_picked":["Beam Cell","Sweeping Beam","Double Energy"],"picked":"SKIP","floor":12.0},{"not_picked":["Streamline","Recycle"],"picked":"Coolheaded","floor":14.0},{"not_picked":["Rainbow","Core Surge"],"picked":"Machine Learning","floor":16.0},{"not_picked":["Streamline","Rebound","Reinforced Body+1"],"picked":"SKIP","floor":18.0},{"not_picked":["Stack","Auto Shields","Gash+1"],"picked":"SKIP","floor":22.0},{"not_picked":["Recycle","Reprogram"],"picked":"Glacier","floor":24.0},{"not_picked":["Leap","Doom and Gloom"],"picked":"Coolheaded","floor":25.0},{"not_picked":["Recycle","Streamline+1","Compile Driver"],"picked":"SKIP","floor":28.0},{"not_picked":["Seek","Steam Power"],"picked":"Cold Snap+1","floor":30.0},{"not_picked":["Rainbow","All For One"],"picked":"Echo Form","floor":33.0},{"not_picked":["Rip and Tear","Capacitor"],"picked":"Barrage+1","floor":35.0},{"not_picked":["Fusion","Skim+1"],"picked":"Barrage+1","floor":37.0},{"not_picked":["Sweeping Beam","Go for the Eyes"],"picked":"Cold Snap+1","floor":40.0},{"not_picked":["Rebound","Turbo+1","Stack"],"picked":"SKIP","floor":41},{"not_picked":["Sunder+1","Core Surge"],"picked":"Blizzard+1","floor":44},{"not_picked":["Hologram+1","Ball Lightning+1"],"picked":"Defragment","floor":47},{"not_picked":["Storm","Force Field","Chaos+1"],"picked":"SKIP","floor":48},{"not_picked":["Aggregate","Steam+1"],"picked":"Loop+1","floor":49}],"player_experience":671116,"relics_obtained":[{"floor":6.0,"key":"Ornamental Fan"},{"floor":8.0,"key":"Potion Belt"},{"floor":9.0,"key":"DataDisk"},{"floor":10.0,"key":"Bronze Scales"},{"floor":21.0,"key":"Red Mask"},{"floor":24.0,"key":"Sundial"},{"floor":26.0,"key":"War Paint"},{"floor":28.0,"key":"Shovel"},{"floor":29.0,"key":"Whetstone"},{"floor":32.0,"key":"Ancient Tea Set"},{"floor":39.0,"key":"Dream Catcher"},{"floor":40.0,"key":"Vajra"},{"floor":42,"key":"Centennial Puzzle"},{"floor":43,"key":"Art of War"}],"event_choices":[{"event_name":"Living Wall","player_choice":"Forget","floor":3.0,"damage_taken":0.0},{"event_name":"Big Fish","player_choice":"Donut","floor":13.0,"damage_taken":0.0},{"event_name":"WeMeetAgain","player_choice":"Potion","floor":19.0,"damage_taken":0.0},{"event_name":"Back to Basics","player_choice":"Elegance","floor":20.0,"damage_taken":0.0},{"event_name":"Masked Bandits","player_choice":"Fought Bandits","floor":21.0,"damage_taken":0.0},{"event_name":"Bonfire Elementals","player_choice":"RARE","floor":36.0,"damage_taken":0.0},{"event_name":"Winding Halls","player_choice":"Embrace Madness","floor":46,"damage_taken":0}],"is_beta":false,"boss_relics":[{"not_picked":["Fusion Hammer","Snecko Eye"],"picked":"Astrolabe"},{"not_picked":["Runic Pyramid","Cursed Key"],"picked":"Inserter"}],"items_purged_floors":[5,31,38,45],"is_endless":false,"potions_floor_spawned":[1,6,10,12,16,22,24,25,33,35,40,44],"ascension_level":6}