{"gold_per_floor":[110,35,55,55,67,67,102,54,107,107,107,142,152,152,152,152],"floor_reached":16,"playtime":4294,"items_purged":["Defend_G"],"score":146,"play_id":"5ee5412d-6371-4aad-bfa4-d7297a1e5cc7","local_time":"20180907225439","is_ascension_mode":true,"campfire_choices":[{"data":"Venomology","floor":6,"key":"SMITH"},{"floor":11,"key":"REST"},{"floor":15,"key":"REST"}],"neow_cost":"NONE","seed_source_timestamp":931906586612572,"circlet_count":0,"master_deck":["Defend_G","Defend_G","Defend_G+1","Defend_G","Strike_G","Strike_G","Strike_G","Strike_G","Strike_G","Survivor+1","Neutralize","Venomology+1","Underhanded Strike","All Out Attack","Acrobatics","Acrobatics","Underhanded Strike"],"relics":["Ring of the Snake","Potion Belt","Tiny Chest","Centennial Puzzle","Art of War"],"potions_floor_usage":[5,7,7,12,13,16,16,16],"damage_taken":[{"damage":1,"enemies":"Cultist","floor":1,"turns":5},{"damage":0,"enemies":"2 Louse","floor":3,"turns":3},{"damage":1,"enemies":"Small Slimes","floor":5,"turns":2},{"damage":24,"enemies":"Lagavulin","floor":7,"turns":6},{"damage":15,"enemies":"Gremlin Nob","floor":12,"turns":3},{"damage":19,"enemies":"Exordium Thugs","floor":13,"turns":3},{"damage":35,"enemies":"The Guardian","floor":16,"turns":14}],"seed_played":"2586531691862575316","potions_obtained":[{"floor":1,"key":"Energy Potion"},{"floor":7,"key":"SkillPotion"}],"is_trial":false,"path_per_floor":["M","$","M","$","M","R","E","$","T","T","R","E","M","?","R"],"character_chosen":"THE_SILENT","items_purchased":["Underhanded Strike"],"campfire_rested":2,"item_purchase_floors":[8],"current_hp_per_floor":[62,62,62,62,61,61,37,37,37,37,58,43,24,10,31,0],"gold":152,"neow_bonus":"ONE_RANDOM_RARE_CARD","is_prod":false,"is_daily":false,"chose_seed":false,"campfire_upgraded":1,"win_rate":0,"timestamp":1536386079,"path_taken":["M","$","M","$","M","R","E","$","T","?","R","E","M","?","R","BOSS"],"build_version":"2018-09-06","purchased_purges":1,"victory":false,"max_hp_per_floor":[70,70,70,70,70,70,70,70,70,70,70,70,70,70,70,70],"card_choices":[{"not_picked":["Prepared","Setup"],"picked":"Underhanded Strike","floor":1},{"not_picked":["Skewer","Heel Hook"],"picked":"All Out Attack","floor":3},{"not_picked":["Choke","Crippling Poison"],"picked":"Acrobatics","floor":5},{"not_picked":["Grand Finale","Bane"],"picked":"Acrobatics","floor":7},{"not_picked":["Catalyst","Blade Dance","Backflip"],"picked":"SKIP","floor":12},{"not_picked":["Setup","Choke","Quick Slash"],"picked":"SKIP","floor":13}],"player_experience":760743,"relics_obtained":[{"floor":7,"key":"Potion Belt"},{"floor":9,"key":"Tiny Chest"},{"floor":10,"key":"Centennial Puzzle"},{"floor":12,"key":"Art of War"}],"event_choices":[{"event_name":"Shining Light","player_choice":"Entered Light","floor":14,"damage_taken":0}],"is_beta":false,"boss_relics":[],"items_purged_floors":[2],"is_endless":false,"potions_floor_spawned":[1,7],"killed_by":"The Guardian","ascension_level":7}