{"gold_per_floor":[113,125,27,40,40,40,40,52,120,138,153,153,103,114,114,114],"floor_reached":16,"playtime":284,"items_purged":[],"score":94,"play_id":"0e1c37f2-b31a-48ba-853c-346a04e7ed50","local_time":"20190505222418","is_ascension_mode":false,"campfire_choices":[{"data":"Beam Cell","floor":6,"key":"SMITH"},{"data":"Streamline","floor":12,"key":"SMITH"},{"data":"Ball Lightning","floor":15,"key":"SMITH"}],"neow_cost":"NONE","seed_source_timestamp":360372329901469,"circlet_count":0,"master_deck":["Strike_B","Strike_B","Strike_B","Strike_B","Defend_B","Defend_B","Zap","Dualcast","Melter","Redo","Beam Cell+1","Rebound","Streamline+1","Ball Lightning+1"],"relics":["Cracked Core","NeowsBlessing","Gremlin Horn"],"potions_floor_usage":[],"damage_taken":[{"damage":0,"enemies":"Jaw Worm","floor":1,"turns":1},{"damage":0,"enemies":"2 Louse","floor":2,"turns":1},{"damage":0,"enemies":"Cultist","floor":4,"turns":1},{"damage":5,"enemies":"Looter","floor":8,"turns":3},{"damage":13,"enemies":"Gremlin Gang","floor":10,"turns":3},{"damage":11,"enemies":"Large Slime","floor":11,"turns":3},{"damage":9,"enemies":"Blue Slaver","floor":14,"turns":3},{"damage":0,"enemies":"The Guardian","floor":16,"turns":1}],"seed_played":"1884797279865873536","potions_obtained":[{"floor":1,"key":"SpeedPotion"},{"floor":10,"key":"SteroidPotion"},{"floor":14,"key":"SteroidPotion"}],"is_trial":false,"path_per_floor":["M","M","$","M","?","R","$","M","T","M","M","R","?","M","R","B"],"character_chosen":"DEFECT","items_purchased":["Beam Cell","Rebound"],"campfire_rested":0,"item_purchase_floors":[3,3],"current_hp_per_floor":[75,75,75,75,75,75,75,70,70,57,46,46,46,37,37,37],"gold":114,"neow_bonus":"THREE_ENEMY_KILL","is_prod":false,"is_daily":false,"chose_seed":false,"campfire_upgraded":3,"win_rate":0,"timestamp":1557120258,"path_taken":["M","M","$","M","?","R","$","M","T","M","M","R","?","M","R","BOSS"],"build_version":"2019-01-23","purchased_purges":0,"victory":false,"max_hp_per_floor":[75,75,75,75,75,75,75,75,75,75,75,75,75,75,75,75],"card_choices":[{"not_picked":["Reprogram","Leap"],"picked":"Melter","floor":1},{"not_picked":["Hologram","Recycle"],"picked":"Redo","floor":2},{"not_picked":["Turbo","Chill","Conserve Battery"],"picked":"SKIP","floor":4},{"not_picked":["Capacitor","Conserve Battery","Go for the Eyes"],"picked":"SKIP","floor":8},{"not_picked":["Reinforced Body","Coolheaded","Stack"],"picked":"SKIP","floor":10},{"not_picked":["Compile Driver","Fusion"],"picked":"Streamline","floor":11},{"not_picked":["Beam Cell","Consume"],"picked":"Ball Lightning","floor":14}],"player_experience":1335668,"relics_obtained":[{"floor":9,"key":"Gremlin Horn"}],"event_choices":[{"cards_removed":["Defend_B"],"damage_healed":0,"gold_gain":0,"player_choice":"Forget","damage_taken":0,"max_hp_gain":0,"max_hp_loss":0,"event_name":"Living Wall","floor":5,"gold_loss":0},{"cards_removed":["Defend_B"],"damage_healed":0,"gold_gain":0,"player_choice":"Card Removal","damage_taken":0,"max_hp_gain":0,"max_hp_loss":0,"event_name":"The Cleric","floor":13,"gold_loss":50}],"is_beta":false,"boss_relics":[],"items_purged_floors":[],"is_endless":false,"potions_floor_spawned":[1,10,14],"killed_by":"The Guardian","ascension_level":0}