{"gold_per_floor":[112,112,125,125,136,136,136,150,150,163,2,14,31,42,42,141,141,153,3,19,19],"floor_reached":21,"playtime":2192,"items_purged":[],"score":175,"play_id":"bd7dd3f1-9b28-4b9e-8e82-4daf52cc2f24","local_time":"20190809111035","is_ascension_mode":false,"campfire_choices":[{"data":"Slice","floor":6,"key":"SMITH"},{"data":"Noxious Fumes","floor":15,"key":"SMITH"}],"neow_cost":"NONE","seed_source_timestamp":449332579500,"circlet_count":0,"master_deck":["Strike_G","Strike_G","Strike_G","Strike_G","Strike_G","Defend_G","Defend_G","Defend_G","Defend_G","Defend_G","Survivor","Neutralize","Poisoned Stab","Slice+1","Slice","Quick Slash","Infinite Blades","Tactician","Noxious Fumes+1","Poisoned Stab","Slice","Prepared","Deadly Poison","Envenom","Deflect+1","Dagger Spray","Reflex","Infinite Blades","Deadly Poison"],"relics":["Ring of the Snake","Bottled Flame","Black Star"],"potions_floor_usage":[12,14],"damage_taken":[{"damage":0,"enemies":"Jaw Worm","floor":1,"turns":4},{"damage":2,"enemies":"2 Louse","floor":3,"turns":3},{"damage":0,"enemies":"Small Slimes","floor":5,"turns":2},{"damage":4,"enemies":"Exordium Thugs","floor":8,"turns":5},{"damage":0,"enemies":"Looter","floor":10,"turns":3},{"damage":5,"enemies":"Large Slime","floor":12,"turns":5},{"damage":0,"enemies":"2 Fungi Beasts","floor":13,"turns":2},{"damage":1,"enemies":"Red Slaver","floor":14,"turns":4},{"damage":29,"enemies":"Slime Boss","floor":16,"turns":9},{"damage":29,"enemies":"Chosen","floor":18,"turns":6},{"damage":27,"enemies":"2 Thieves","floor":20,"turns":4},{"damage":30,"enemies":"Snecko","floor":21,"turns":3}],"seed_played":"8422890577408531758","potions_obtained":[{"floor":8,"key":"Explosive Potion"},{"floor":10,"key":"SteroidPotion"},{"floor":13,"key":"GhostInAJar"},{"floor":16,"key":"SpeedPotion"}],"is_trial":false,"path_per_floor":["M","?","M","?","M","R","?","M","T","M","$","M","M","M","R","B",null,"M","$","M","M"],"character_chosen":"THE_SILENT","items_purchased":["Tactician","Noxious Fumes","Poisoned Stab","Dagger Spray","Reflex","Infinite Blades"],"campfire_rested":0,"item_purchase_floors":[11,11,11,19,19,19],"current_hp_per_floor":[77,77,75,80,80,80,80,76,76,76,76,71,71,70,70,41,82,53,53,26,0],"gold":19,"neow_bonus":"TEN_PERCENT_HP_BONUS","is_prod":false,"is_daily":false,"chose_seed":false,"campfire_upgraded":2,"win_rate":0.0,"timestamp":1565320235,"path_taken":["M","?","M","?","M","R","?","M","T","M","$","?","M","M","R","BOSS","M","$","M","M"],"build_version":"2019-07-17","purchased_purges":0,"victory":false,"max_hp_per_floor":[77,77,77,82,82,82,82,82,82,82,82,82,82,82,82,82,82,82,82,82,82],"card_choices":[{"not_picked":["Deadly Poison","Dagger Throw"],"picked":"Poisoned Stab","floor":1},{"not_picked":["Sucker Punch","Leg Sweep"],"picked":"Slice","floor":3},{"not_picked":["Finisher","Sucker Punch"],"picked":"Slice","floor":5},{"not_picked":["Dagger Spray","Skewer"],"picked":"Quick Slash","floor":8},{"not_picked":["PiercingWail","Riddle With Holes"],"picked":"Infinite Blades","floor":10},{"not_picked":["Quick Slash","Heel Hook"],"picked":"Slice","floor":12},{"not_picked":["Finisher","Tools of the Trade"],"picked":"Prepared","floor":13},{"not_picked":["Outmaneuver","Dodge and Roll"],"picked":"Deadly Poison","floor":14},{"not_picked":["Malaise","Tools of the Trade"],"picked":"Envenom","floor":16},{"not_picked":["Bouncing Flask+1","Backflip"],"picked":"Deflect+1","floor":18},{"not_picked":["Escape Plan","Outmaneuver"],"picked":"Deadly Poison","floor":20}],"player_experience":8733,"relics_obtained":[{"floor":9,"key":"Bottled Flame"}],"event_choices":[{"damage_healed":0,"gold_gain":0,"player_choice":"Leave","damage_taken":0,"max_hp_gain":0,"max_hp_loss":0,"event_name":"The Cleric","floor":2,"gold_loss":0},{"damage_healed":0,"gold_gain":0,"player_choice":"Donut","damage_taken":0,"max_hp_gain":5,"max_hp_loss":0,"event_name":"Big Fish","floor":4,"gold_loss":0},{"damage_healed":0,"gold_gain":0,"player_choice":"Bought 0 Potions","damage_taken":0,"max_hp_gain":0,"max_hp_loss":0,"event_name":"The Woman in Blue","floor":7,"gold_loss":0}],"is_beta":false,"boss_relics":[{"not_picked":["Coffee Dripper","Philosopher\u0027s Stone"],"picked":"Black Star"}],"items_purged_floors":[],"is_endless":false,"potions_floor_spawned":[8,10,13,16],"killed_by":"Snecko","ascension_level":0}