{"gold_per_floor":[118,68,68,68,68,68,103,103,103,103,103],"floor_reached":11,"playtime":475,"items_purged":[],"score":87,"play_id":"f9202b42-6999-4d6e-be81-d604b9a6fa09","local_time":"20190729162916","is_ascension_mode":true,"campfire_choices":[{"floor":6,"key":"REST"},{"floor":8,"key":"DIG"},{"floor":10,"key":"DIG"}],"neow_cost":"NONE","seed_source_timestamp":17431369365469,"circlet_count":0,"master_deck":["Strike_B","Strike_B","Defend_B","Defend_B","Defend_B","Defend_B","Zap","Dualcast","Cold Snap","Recycle+1"],"relics":["Cracked Core","Juzu Bracelet","FossilizedHelix","Toxic Egg 2","Shovel","Bag of Marbles","Turnip","Molten Egg 2"],"potions_floor_usage":[],"damage_taken":[{"damage":0,"enemies":"Cultist","floor":1,"turns":3},{"damage":20,"enemies":"Lagavulin","floor":7,"turns":8},{"damage":21,"enemies":"Gremlin Nob","floor":11,"turns":3}],"seed_played":"7945876982289358049","potions_obtained":[{"floor":1,"key":"Explosive Potion"}],"is_trial":false,"path_per_floor":["M","?","?","?","T","R","E","R","T","R","E"],"character_chosen":"DEFECT","items_purchased":[],"campfire_rested":1,"item_purchase_floors":[],"current_hp_per_floor":[68,68,26,19,19,41,21,21,21,21,0],"gold":103,"neow_bonus":"RANDOM_COMMON_RELIC","is_prod":false,"is_daily":false,"chose_seed":false,"campfire_upgraded":0,"win_rate":0,"timestamp":1564432156,"path_taken":["M","?","?","?","?","R","E","R","T","R","E"],"build_version":"2019-07-17","purchased_purges":0,"victory":false,"max_hp_per_floor":[75,75,75,75,75,75,75,75,75,75,75],"card_choices":[{"not_picked":["Self Repair","Compile Driver"],"picked":"Cold Snap","floor":1},{"not_picked":["Hello World","Steam+1"],"picked":"Recycle+1","floor":7}],"player_experience":299456,"relics_obtained":[{"floor":5,"key":"Toxic Egg 2"},{"floor":7,"key":"Shovel"},{"floor":8,"key":"Bag of Marbles"},{"floor":9,"key":"Turnip"},{"floor":10,"key":"Molten Egg 2"}],"event_choices":[{"cards_removed":["Strike_B"],"damage_healed":0,"gold_gain":0,"player_choice":"Card Removal","damage_taken":0,"max_hp_gain":0,"max_hp_loss":0,"event_name":"The Cleric","floor":2,"gold_loss":50},{"damage_healed":0,"gold_gain":0,"player_choice":"Success","damage_taken":42,"relics_obtained":["FossilizedHelix"],"max_hp_gain":0,"max_hp_loss":0,"event_name":"Scrap Ooze","floor":3,"gold_loss":0},{"cards_removed":["Strike_B"],"damage_healed":0,"gold_gain":0,"player_choice":"Card Removal","damage_taken":7,"max_hp_gain":0,"max_hp_loss":0,"event_name":"Golden Wing","floor":4,"gold_loss":0}],"is_beta":false,"boss_relics":[],"items_purged_floors":[],"is_endless":false,"potions_floor_spawned":[1],"killed_by":"Gremlin Nob","ascension_level":6}