{"gold_per_floor":[114,39,50,63,82,82,96,96,96,96,124,124,151,151,151,247,247,241,331,123,136,154,193,193,226,226,62,62,62,62,93,93,187,187,202,223,223,348,309,309,342,342,415,20,34,59,79,79,79,79],"floor_reached":51,"playtime":3348,"items_purged":["Defend_B","Defend_B","Defend_B"],"score":1409,"play_id":"fa5c5544-7a21-4ab3-a722-d9deb7dd2394","local_time":"20190328153926","is_ascension_mode":true,"campfire_choices":[{"data":"Genetic Algorithm","floor":6.0,"key":"SMITH"},{"floor":8.0,"key":"REST"},{"data":"Defragment","floor":10.0,"key":"SMITH"},{"data":"Coolheaded","floor":12.0,"key":"SMITH"},{"floor":15.0,"key":"REST"},{"floor":24.0,"key":"REST"},{"floor":28.0,"key":"REST"},{"data":"Loop","floor":30.0,"key":"SMITH"},{"data":"Echo Form","floor":32.0,"key":"SMITH"},{"data":"Chill","floor":40.0,"key":"SMITH"},{"floor":49,"key":"REST"}],"neow_cost":"TEN_PERCENT_HP_LOSS","seed_source_timestamp":0,"circlet_count":0,"master_deck":["AscendersBane","Strike_B","Zap","Dualcast","Genetic Algorithm+1","Chill+1","Coolheaded+1","Stack","Defragment+1","Seek+1","Barrage","Machine Learning","Conserve Battery+1","Loop+1","Loop","Force Field+1","Capacitor+1","Capacitor","Doom and Gloom","Gash","Echo Form+1","Core Surge","Coolheaded+1","Heatsinks","Stack+1","Blizzard","Blizzard","Heatsinks","Conserve Battery+1","Turbo+1"],"special_seed":0,"relics":["Cracked Core","Calipers","Gremlin Horn","Toxic Egg 2","FossilizedHelix","Golden Idol","Empty Cage","Meat on the Bone","Singing Bowl","Ornamental Fan","Shuriken","Busted Crown","Peace Pipe","Omamori","Pear","DollysMirror"],"potions_floor_usage":[50,50],"damage_taken":[{"damage":7.0,"enemies":"Small Slimes","floor":1.0,"turns":3.0},{"damage":11.0,"enemies":"Jaw Worm","floor":3.0,"turns":3.0},{"damage":3.0,"enemies":"Cultist","floor":4.0,"turns":4.0},{"damage":2.0,"enemies":"Exordium Wildlife","floor":5.0,"turns":4.0},{"damage":4.0,"enemies":"2 Fungi Beasts","floor":7.0,"turns":5.0},{"damage":8.0,"enemies":"Lagavulin","floor":11.0,"turns":8.0},{"damage":0.0,"enemies":"3 Sentries","floor":13.0,"turns":14.0},{"damage":17.0,"enemies":"Hexaghost","floor":16.0,"turns":10.0},{"damage":0.0,"enemies":"2 Thieves","floor":18.0,"turns":4.0},{"damage":0.0,"enemies":"Spheric Guardian","floor":21.0,"turns":2.0},{"damage":20.0,"enemies":"Cultist and Chosen","floor":22.0,"turns":7.0},{"damage":17.0,"enemies":"Slavers","floor":23.0,"turns":11.0},{"damage":13.0,"enemies":"Book of Stabbing","floor":25.0,"turns":8.0},{"damage":14.0,"enemies":"Slavers","floor":31.0,"turns":12.0},{"damage":19.0,"enemies":"Collector","floor":33.0,"turns":10.0},{"damage":8.0,"enemies":"Orb Walker","floor":35.0,"turns":4.0},{"damage":33.0,"enemies":"3 Shapes","floor":36.0,"turns":5.0},{"damage":0.0,"enemies":"Mind Bloom Boss Battle","floor":38.0,"turns":7.0},{"damage":0.0,"enemies":"Nemesis","floor":41.0,"turns":9.0},{"damage":0.0,"enemies":"Spire Growth","floor":45.0,"turns":6.0},{"damage":30.0,"enemies":"Jaw Worm Horde","floor":46.0,"turns":6.0},{"damage":0.0,"enemies":"Writhing Mass","floor":47.0,"turns":7.0},{"damage":0,"enemies":"Donu and Deca","floor":50,"turns":11}],"seed_played":"627970141186909929","potions_obtained":[{"floor":4.0,"key":"LiquidBronze"},{"floor":7.0,"key":"Energy Potion"},{"floor":13.0,"key":"Poison Potion"},{"floor":16.0,"key":"Swift Potion"},{"floor":22.0,"key":"SkillPotion"},{"floor":33.0,"key":"EssenceOfSteel"},{"floor":38.0,"key":"PowerPotion"},{"floor":46.0,"key":"FocusPotion"}],"is_trial":false,"path_per_floor":["M","$","M","M","M","R","M","R","T","R","E","R","E","?","R","B",null,"M","?","$","M","M","E","R","E","T","$","R","?","R","E","R","B",null,"M","M","?","?","$","R","E","?","T","$","M","M","M","?","R","B",null],"character_chosen":"DEFECT","items_purchased":["Melter","Loop","Capacitor","Heatsinks","Blizzard","DollysMirror","Heatsinks","Conserve Battery+1"],"campfire_rested":5,"item_purchase_floors":[20,20,27,39,44,44,44,44],"current_hp_per_floor":[57,57,46,43,41,41,37,56,56,56,48,48,48,26,45,28,55,55,43,43,43,23,6,25,24,24,24,43,43,43,41,41,34,57,51,32,34,46,46,46,46,60,70,70,72,44,44,44,69,69],"gold":79,"neow_bonus":"ONE_RARE_RELIC","is_prod":false,"is_daily":false,"chose_seed":false,"campfire_upgraded":6,"win_rate":0,"timestamp":1553812766,"path_taken":["M","$","M","M","M","R","M","R","T","R","E","R","E","?","R","BOSS","M","?","$","M","?","E","R","E","T","$","R","?","R","E","R","BOSS","M","M","?","?","$","R","E","?","T","$","M","?","M","?","R","BOSS"],"build_version":"2019-01-23","purchased_purges":3,"victory":true,"max_hp_per_floor":[64,64,64,64,64,64,64,64,64,64,64,64,64,64,64,64,64,64,64,64,64,64,64,64,64,64,64,64,64,64,64,64,64,64,66,68,70,70,70,70,70,70,80,80,82,84,84,84,84,84],"card_choices":[{"not_picked":["Steam","Sunder"],"picked":"Genetic Algorithm","floor":1.0},{"not_picked":["Cold Snap","Undo"],"picked":"Chill","floor":3.0},{"not_picked":["Heatsinks","Streamline"],"picked":"Coolheaded","floor":4.0},{"not_picked":["Doom and Gloom","Rebound"],"picked":"Stack","floor":5.0},{"not_picked":["FTL","Go for the Eyes"],"picked":"Defragment","floor":7.0},{"not_picked":["Rebound","Double Energy"],"picked":"Seek","floor":11.0},{"not_picked":["Conserve Battery+1","Redo+1"],"picked":"Barrage","floor":13.0},{"not_picked":["Rainbow+1","Seek+1"],"picked":"Machine Learning","floor":16.0},{"not_picked":["Darkness+1","Stack+1"],"picked":"Conserve Battery+1","floor":18.0},{"not_picked":["Chaos+1","Compile Driver","Storm"],"picked":"SKIP","floor":21.0},{"not_picked":["Steam+1","Tempest+1"],"picked":"Loop","floor":22.0},{"not_picked":["Fusion+1","Gash"],"picked":"Force Field+1","floor":23.0},{"not_picked":["Chaos+1","Reinforced Body+1"],"picked":"Capacitor+1","floor":25.0},{"not_picked":["Cold Snap","Beam Cell+1"],"picked":"Echo Form","floor":31.0},{"not_picked":["Hyperbeam","Biased Cognition"],"picked":"Core Surge","floor":33.0},{"not_picked":["Capacitor"],"picked":"Singing Bowl","floor":35.0},{"not_picked":["Steam Power+1"],"picked":"Singing Bowl","floor":36.0},{"not_picked":["Good Instincts+1"],"picked":"Singing Bowl","floor":37.0},{"not_picked":[],"picked":"Coolheaded+1","floor":38.0},{"not_picked":[],"picked":"Stack+1","floor":41.0},{"not_picked":["Hello World"],"picked":"Singing Bowl","floor":45.0},{"not_picked":["Redo+1"],"picked":"Singing Bowl","floor":46.0},{"not_picked":[],"picked":"Turbo+1","floor":47.0}],"player_experience":1251363,"relics_obtained":[{"floor":9.0,"key":"Gremlin Horn"},{"floor":11.0,"key":"Toxic Egg 2"},{"floor":13.0,"key":"FossilizedHelix"},{"floor":23.0,"key":"Meat on the Bone"},{"floor":25.0,"key":"Singing Bowl"},{"floor":26.0,"key":"Ornamental Fan"},{"floor":31.0,"key":"Shuriken"},{"floor":38.0,"key":"Peace Pipe"},{"floor":41.0,"key":"Omamori"},{"floor":43.0,"key":"Pear"}],"event_choices":[{"damage_healed":0.0,"max_hp_gain":0.0,"max_hp_loss":0.0,"gold_gain":0.0,"event_name":"Golden Idol","player_choice":"Take Damage","floor":14.0,"gold_loss":0.0,"damage_taken":22.0,"relics_obtained":["Golden Idol"]},{"damage_healed":0.0,"max_hp_gain":0.0,"max_hp_loss":0.0,"gold_gain":90.0,"event_name":"Knowing Skull","player_choice":"GOLD ","floor":19.0,"potions_obtained":[],"gold_loss":0.0,"damage_taken":12.0,"cards_obtained":[]},{"damage_healed":0.0,"max_hp_gain":0.0,"max_hp_loss":0.0,"gold_gain":0.0,"cards_transformed":["Strike_B","Strike_B"],"event_name":"Drug Dealer","player_choice":"Became Test Subject","floor":29.0,"gold_loss":0.0,"damage_taken":0.0,"cards_obtained":["Doom and Gloom","Gash"]},{"damage_healed":0.0,"max_hp_gain":0.0,"max_hp_loss":0.0,"gold_gain":0.0,"event_name":"SensoryStone","player_choice":"Memory 1","floor":37.0,"gold_loss":0.0,"damage_taken":0.0},{"damage_healed":0.0,"max_hp_gain":0.0,"max_hp_loss":0.0,"gold_gain":0.0,"event_name":"MindBloom","player_choice":"Fight","floor":38.0,"gold_loss":0.0,"damage_taken":0.0},{"damage_healed":14.0,"max_hp_gain":0.0,"max_hp_loss":0.0,"gold_gain":0.0,"event_name":"Winding Halls","player_choice":"Writhe","floor":42.0,"gold_loss":0.0,"damage_taken":0.0,"cards_obtained":["Writhe"]},{"cards_removed":["Melter"],"damage_healed":0.0,"max_hp_gain":0.0,"max_hp_loss":0.0,"gold_gain":0.0,"event_name":"Falling","player_choice":"Removed Attack","floor":48.0,"gold_loss":0.0,"damage_taken":0.0}],"is_beta":false,"boss_relics":[{"not_picked":["Pandora\u0027s Box","Philosopher\u0027s Stone"],"picked":"Empty Cage"},{"not_picked":["Runic Pyramid","Astrolabe"],"picked":"Busted Crown"}],"items_purged_floors":[2,20,27],"is_endless":false,"potions_floor_spawned":[4,7,13,16,22,33,38,46,47],"ascension_level":15}