{"gold_per_floor":[113,126,126,126,126,126,151,180,192,80,80,94,111,125,125,222,222,234,246,246,75,95,95,111,127,151,151,151,5,5,20,20,115,115,131,131,106,106,122,147,147,147,447,447,466,198,212,224,224,224],"floor_reached":51,"playtime":3722,"items_purged":["Strike_G","Strike_G","Shame"],"score":654,"play_id":"5b5df692-088d-4337-95b3-5d52afb4821f","local_time":"20190815000055","is_ascension_mode":false,"campfire_choices":[{"floor":6.0,"key":"REST"},{"floor":15.0,"key":"REST"},{"data":"Backflip","floor":23.0,"key":"SMITH"},{"floor":27.0,"key":"REST"},{"data":"Survivor","floor":32.0,"key":"SMITH"},{"floor":41.0,"key":"REST"},{"floor":44.0,"key":"REST"},{"floor":49,"key":"REST"}],"neow_cost":"NONE","seed_source_timestamp":0,"circlet_count":0,"master_deck":["Defend_G","Defend_G","Defend_G","Survivor+1","Neutralize+1","Corpse Explosion+1","Dodge and Roll+1","Acrobatics","Deadly Poison","Acrobatics","Deadly Poison","Reflex","Deadly Poison","Backstab","Tools of the Trade+1","Deflect","Backflip+1","Escape Plan","Noxious Fumes","Backflip","Tools of the Trade+1","Adrenaline","Endless Agony","After Image","Flying Knee+1","Riddle With Holes+1","Dodge and Roll","Deadly Poison","Madness","Madness","Escape Plan+1","Escape Plan","Adrenaline"],"special_seed":0,"relics":["Ring of the Snake","Darkstone Periapt","MawBank","Matryoshka","Mummified Hand","Bag of Marbles","Empty Cage","Art of War","Vajra","StoneCalendar","Astrolabe","Juzu Bracelet","Old Coin"],"potions_floor_usage":[50],"damage_taken":[{"damage":0.0,"enemies":"Jaw Worm","floor":1.0,"turns":6.0},{"damage":0.0,"enemies":"Small Slimes","floor":2.0,"turns":4.0},{"damage":30.0,"enemies":"Gremlin Nob","floor":7.0,"turns":5.0},{"damage":0.0,"enemies":"Cultist","floor":8.0,"turns":3.0},{"damage":7.0,"enemies":"Exordium Thugs","floor":12.0,"turns":5.0},{"damage":3.0,"enemies":"Red Slaver","floor":13.0,"turns":3.0},{"damage":2.0,"enemies":"2 Fungi Beasts","floor":14.0,"turns":3.0},{"damage":12.0,"enemies":"Hexaghost","floor":16.0,"turns":9.0},{"damage":4.0,"enemies":"Spheric Guardian","floor":18.0,"turns":5.0},{"damage":11.0,"enemies":"2 Thieves","floor":19.0,"turns":3.0},{"damage":3.0,"enemies":"Shelled Parasite and Fungi","floor":22.0,"turns":5.0},{"damage":9.0,"enemies":"Snake Plant","floor":24.0,"turns":5.0},{"damage":4.0,"enemies":"Centurion and Healer","floor":25.0,"turns":5.0},{"damage":3.0,"enemies":"Snecko","floor":31.0,"turns":4.0},{"damage":57.0,"enemies":"Automaton","floor":33.0,"turns":9.0},{"damage":20.0,"enemies":"3 Darklings","floor":35.0,"turns":3.0},{"damage":0.0,"enemies":"3 Shapes","floor":39.0,"turns":3.0},{"damage":32.0,"enemies":"Nemesis","floor":40.0,"turns":7.0},{"damage":27,"enemies":"Jaw Worm Horde","floor":45,"turns":4},{"damage":4,"enemies":"Spire Growth","floor":47,"turns":5},{"damage":0,"enemies":"Sphere and 2 Shapes","floor":48,"turns":4},{"damage":31,"enemies":"Awakened One","floor":50,"turns":19}],"seed_played":"6490382906115056510","potions_obtained":[{"floor":1.0,"key":"Swift Potion"},{"floor":12.0,"key":"PowerPotion"},{"floor":13.0,"key":"Strength Potion"},{"floor":14.0,"key":"Energy Potion"},{"floor":39.0,"key":"Weak Potion"},{"floor":42.0,"key":"FairyPotion"},{"floor":42.0,"key":"Block Potion"},{"floor":47,"key":"Swift Potion"}],"is_trial":false,"path_per_floor":["M","M","?","?","?","R","E","M","T","$","T","M","M","M","R","B",null,"M","M","?","$","M","R","M","M","T","R","?","$","?","M","R","B",null,"M","?","$","?","M","E","R","?","T","R","M","$","M","M","R","B",null],"character_chosen":"THE_SILENT","items_purchased":["Deadly Poison","Escape Plan","Adrenaline","Deadly Poison","Adrenaline"],"campfire_rested":6,"item_purchase_floors":[10,21,29,37,46],"current_hp_per_floor":[70,70,45,31,31,52,22,22,22,22,22,15,12,10,31,19,70,66,55,55,55,52,52,43,39,39,60,60,60,66,63,63,6,76,56,56,56,46,46,14,36,36,36,58,31,31,27,27,49,18],"gold":224,"neow_bonus":"ONE_RANDOM_RARE_CARD","is_prod":false,"is_daily":false,"chose_seed":false,"campfire_upgraded":2,"win_rate":0,"timestamp":1565820055,"path_taken":["M","M","?","?","?","R","E","M","T","$","?","M","M","M","R","BOSS","M","?","?","$","?","R","M","M","T","R","?","?","?","M","R","BOSS","M","?","$","?","M","E","R","?","T","R","M","$","M","M","R","BOSS"],"build_version":"2019-07-17","purchased_purges":3,"victory":true,"max_hp_per_floor":[70,70,70,70,70,70,70,70,70,70,70,70,70,70,70,70,70,70,70,70,70,70,70,70,70,70,70,70,70,76,76,76,76,76,76,76,76,76,76,76,76,76,76,76,76,76,76,76,76,76],"card_choices":[{"not_picked":["Tactician","Outmaneuver"],"picked":"Dodge and Roll","floor":1.0},{"not_picked":["Prepared","Heel Hook"],"picked":"Acrobatics","floor":2.0},{"not_picked":["Sucker Punch","Caltrops"],"picked":"Deadly Poison","floor":7.0},{"not_picked":["All Out Attack","Dagger Spray"],"picked":"Acrobatics","floor":8.0},{"not_picked":["Masterful Stab","Acrobatics"],"picked":"Reflex","floor":12.0},{"not_picked":["Dodge and Roll","Noxious Fumes"],"picked":"Deadly Poison","floor":13.0},{"not_picked":["Slice","Venomology"],"picked":"Backstab","floor":14.0},{"not_picked":["A Thousand Cuts","Grand Finale"],"picked":"Tools of the Trade","floor":16.0},{"not_picked":["Poisoned Stab","Slice"],"picked":"Deflect","floor":18.0},{"not_picked":["Deflect","Slice+1"],"picked":"Backflip","floor":19.0},{"not_picked":["Cloak And Dagger","Acrobatics","Underhanded Strike+1"],"picked":"SKIP","floor":22.0},{"not_picked":["Dagger Throw","Dash+1"],"picked":"Noxious Fumes","floor":24.0},{"not_picked":["Cloak And Dagger","Bane+1"],"picked":"Backflip","floor":25.0},{"not_picked":["Finisher","Accuracy"],"picked":"Endless Agony","floor":31.0},{"not_picked":["A Thousand Cuts","Venomology"],"picked":"After Image","floor":33.0},{"not_picked":["Acrobatics+1","Endless Agony"],"picked":"Dodge and Roll","floor":35.0},{"not_picked":["Prepared","Blade Dance+1","Outmaneuver"],"picked":"SKIP","floor":39.0},{"not_picked":["Deadly Poison+1","Underhanded Strike"],"picked":"Escape Plan+1","floor":40.0},{"not_picked":["Cloak And Dagger+1","Prepared"],"picked":"Escape Plan","floor":45},{"not_picked":["Dagger Spray+1","Acrobatics","Unload"],"picked":"SKIP","floor":47},{"not_picked":["All Out Attack+1","Endless Agony","Bouncing Flask"],"picked":"SKIP","floor":48}],"player_experience":306608,"relics_obtained":[{"floor":7.0,"key":"MawBank"},{"floor":9.0,"key":"Matryoshka"},{"floor":11.0,"key":"Mummified Hand"},{"floor":11.0,"key":"Bag of Marbles"},{"floor":26.0,"key":"Art of War"},{"floor":26.0,"key":"Vajra"},{"floor":40.0,"key":"Juzu Bracelet"},{"floor":43.0,"key":"Old Coin"}],"event_choices":[{"damage_healed":0.0,"max_hp_gain":0.0,"max_hp_loss":0.0,"gold_gain":0.0,"event_name":"Scrap Ooze","player_choice":"Success","floor":3.0,"gold_loss":0.0,"damage_taken":25.0,"relics_obtained":["Darkstone Periapt"]},{"damage_healed":0.0,"max_hp_gain":0.0,"max_hp_loss":0.0,"gold_gain":0.0,"event_name":"Shining Light","player_choice":"Entered Light","floor":4.0,"gold_loss":0.0,"damage_taken":14.0,"cards_upgraded":["Dodge and Roll","Neutralize"]},{"damage_healed":0.0,"max_hp_gain":0.0,"max_hp_loss":0.0,"gold_gain":0.0,"event_name":"Living Wall","player_choice":"Grow","floor":5.0,"gold_loss":0.0,"damage_taken":0.0,"cards_upgraded":["Corpse Explosion"]},{"damage_healed":0.0,"max_hp_gain":0.0,"max_hp_loss":0.0,"gold_gain":0.0,"event_name":"Upgrade Shrine","player_choice":"Upgraded","floor":20.0,"gold_loss":0.0,"damage_taken":0.0,"cards_upgraded":["Tools of the Trade"]},{"damage_healed":0.0,"max_hp_gain":0.0,"max_hp_loss":0.0,"gold_gain":0.0,"event_name":"Duplicator","player_choice":"Copied","floor":28.0,"gold_loss":0.0,"damage_taken":0.0,"cards_obtained":["Tools of the Trade"]},{"damage_healed":0.0,"max_hp_gain":0.0,"max_hp_loss":0.0,"gold_gain":0.0,"event_name":"Addict","player_choice":"Stole Relic","floor":30.0,"gold_loss":0.0,"damage_taken":0.0,"relics_obtained":["StoneCalendar"],"cards_obtained":["Shame"]},{"cards_removed":["Predator"],"damage_healed":0.0,"max_hp_gain":0.0,"max_hp_loss":0.0,"gold_gain":0.0,"event_name":"Falling","player_choice":"Removed Attack","floor":36.0,"gold_loss":0.0,"damage_taken":0.0},{"damage_healed":0.0,"max_hp_gain":0.0,"max_hp_loss":0.0,"gold_gain":0.0,"event_name":"Winding Halls","player_choice":"Embrace Madness","floor":38.0,"gold_loss":0.0,"damage_taken":10.0,"cards_obtained":["Madness","Madness"]},{"damage_healed":0.0,"max_hp_gain":0.0,"max_hp_loss":0.0,"gold_gain":0.0,"event_name":"Lab","player_choice":"Got Potions","floor":42.0,"gold_loss":0.0,"damage_taken":0.0}],"is_beta":false,"boss_relics":[{"not_picked":["Coffee Dripper","Runic Pyramid"],"picked":"Empty Cage"},{"not_picked":["Sozu","Eternal Feather"],"picked":"Astrolabe"}],"items_purged_floors":[10,21,46],"is_endless":false,"potions_floor_spawned":[1,12,13,14,18,24,31,39,47,48],"ascension_level":0}