{"gold_per_floor":[113,133,208,221,221,250,250,18,18,48,78,1,29,56,56,161,161,180,209,209,193,206,231,231,262,262,262,281,33,33,58,58,154,154,173,395,415,463,385,385,399,427,452,470,470,570,597,16,16,16,16,16,16,46,46],"floor_reached":56,"playtime":6073,"items_purged":[],"score":1499,"play_id":"7aa60414-b9b0-4c64-8fc6-07820d0e70cd","local_time":"20190815212359","is_ascension_mode":true,"campfire_choices":[{"floor":7,"key":"REST"},{"data":"Neutralize","floor":15,"key":"SMITH"},{"data":"Well Laid Plans","floor":24,"key":"SMITH"},{"data":"Leg Sweep","floor":27,"key":"SMITH"},{"data":"Dagger Spray","floor":32,"key":"SMITH"},{"data":"Strike_G","floor":40,"key":"PURGE"},{"floor":45,"key":"RECALL"},{"data":"Defend_G","floor":49,"key":"PURGE"},{"data":"Strike_G","floor":52,"key":"PURGE"}],"neow_cost":"NONE","seed_source_timestamp":153507613025300,"circlet_count":0,"master_deck":["Strike_G+1","Strike_G","Defend_G","Defend_G","Defend_G","Defend_G","Survivor","Neutralize+1","Well Laid Plans+1","Dash+1","Dash","Caltrops+1","Infinite Blades+1","Dagger Spray+1","Calculated Gamble","Tools of the Trade+1","Footwork+1","After Image+1","Noxious Fumes+1","Flechettes+1","Leg Sweep+1","Cloak And Dagger+1","Backstab","After Image+1","Night Terror+1","Backflip+1","Dagger Throw+1","Backstab","Prepared+1","Crippling Poison+1","Cloak And Dagger+1","Poisoned Stab+1","After Image+1","After Image+1","Calculated Gamble+1","Dodge and Roll+1"],"relics":["Ring of the Snake","Frozen Egg 2","Whetstone","Question Card","Ancient Tea Set","Paper Crane","Regal Pillow","Vajra","Velvet Choker","Red Mask","Bag of Marbles","Nunchaku","Bottled Tornado","Gremlin Horn","Toxic Egg 2","Anchor","Fusion Hammer","Peace Pipe","Bag of Preparation","Omamori","Tough Bandages","Art of War","DollysMirror","PreservedInsect","Kunai"],"potions_floor_usage":[11,16,19,25,25,41,55],"damage_taken":[{"damage":0,"enemies":"Cultist","floor":1,"turns":3},{"damage":0,"enemies":"2 Louse","floor":2,"turns":3},{"damage":0,"enemies":"Jaw Worm","floor":4,"turns":4},{"damage":26,"enemies":"3 Sentries","floor":6,"turns":19},{"damage":3,"enemies":"Lagavulin","floor":11,"turns":8},{"damage":6,"enemies":"3 Sentries","floor":13,"turns":5},{"damage":0,"enemies":"Slime Boss","floor":16,"turns":10},{"damage":0,"enemies":"3 Byrds","floor":18,"turns":5},{"damage":23,"enemies":"Masked Bandits","floor":19,"turns":4},{"damage":0,"enemies":"2 Thieves","floor":21,"turns":4},{"damage":2,"enemies":"Shelled Parasite and Fungi","floor":22,"turns":5},{"damage":7,"enemies":"Gremlin Leader","floor":23,"turns":10},{"damage":0,"enemies":"Slavers","floor":25,"turns":7},{"damage":0,"enemies":"Chosen and Byrds","floor":28,"turns":6},{"damage":1,"enemies":"Book of Stabbing","floor":31,"turns":5},{"damage":3,"enemies":"Collector","floor":33,"turns":11},{"damage":0,"enemies":"3 Shapes","floor":35,"turns":3},{"damage":0,"enemies":"Orb Walker","floor":37,"turns":3},{"damage":2,"enemies":"2 Orb Walkers","floor":38,"turns":7},{"damage":0,"enemies":"4 Shapes","floor":41,"turns":6},{"damage":0,"enemies":"Giant Head","floor":42,"turns":11},{"damage":0,"enemies":"Jaw Worm Horde","floor":44,"turns":3},{"damage":0,"enemies":"Mind Bloom Boss Battle","floor":46,"turns":7},{"damage":34,"enemies":"Time Eater","floor":50,"turns":16},{"damage":0,"enemies":"Shield and Spear","floor":54,"turns":8},{"damage":15,"enemies":"The Heart","floor":55,"turns":13}],"seed_played":"2445943689026001423","potions_obtained":[{"floor":2,"key":"SpeedPotion"},{"floor":6,"key":"Swift Potion"},{"floor":13,"key":"EssenceOfSteel"},{"floor":16,"key":"PowerPotion"},{"floor":19,"key":"GamblersBrew"},{"floor":22,"key":"EssenceOfSteel"},{"floor":25,"key":"Swift Potion"},{"floor":33,"key":"AttackPotion"},{"floor":41,"key":"Poison Potion"}],"is_trial":false,"path_per_floor":["M","M","?","M","?","E","R","$","T","?","E","$","E","T","R","B",null,"M","?","?","M","M","E","R","E","T","R","M","$","?","E","R","B",null,"M","?","M","?","?","R","M","E","T","M","R","?","T","$","R","B",null,"R","$","E","B",null],"character_chosen":"THE_SILENT","items_purchased":["Infinite Blades+1","Dagger Spray","Whetstone","Tools of the Trade+1","Gremlin Horn","After Image+1","DollysMirror","Calculated Gamble+1","PreservedInsect"],"campfire_rested":1,"item_purchase_floors":[8,8,8,12,29,48,48,48,48],"current_hp_per_floor":[77,77,66,66,59,33,56,56,56,56,53,53,47,47,47,47,77,77,54,54,54,52,45,45,45,45,45,45,45,45,44,44,41,77,77,77,77,75,75,75,75,75,75,75,75,75,75,75,75,41,77,77,77,77,62],"gold":46,"neow_bonus":"TEN_PERCENT_HP_BONUS","is_prod":false,"is_daily":false,"chose_seed":false,"campfire_upgraded":4,"win_rate":0,"timestamp":1565929439,"path_taken":["M","M","?","M","?","E","R","?","T","?","E","?","E","?","R","BOSS","M","?","?","?","M","E","R","E","T","R","M","$","?","E","R","BOSS","M","?","M","?","?","R","?","E","T","M","R","?","?","$","R","BOSS","R","$","E","BOSS"],"build_version":"2019-07-17","purchased_purges":0,"victory":true,"max_hp_per_floor":[77,77,77,77,77,77,77,77,77,77,77,77,77,77,77,77,77,77,77,77,77,77,77,77,77,77,77,77,77,77,77,77,77,77,77,77,77,77,77,77,77,77,77,77,77,77,77,77,77,77,77,77,77,77,77],"card_choices":[{"not_picked":["Deflect","Acrobatics"],"picked":"Well Laid Plans","floor":1},{"not_picked":["Prepared","Cloak And Dagger"],"picked":"Dash","floor":2},{"not_picked":["Prepared","PiercingWail"],"picked":"Dash","floor":4},{"not_picked":["Blur","Acrobatics"],"picked":"Caltrops","floor":6},{"not_picked":["Dagger Spray","Acrobatics","Bane"],"picked":"Calculated Gamble","floor":11},{"not_picked":["Predator","Backflip","Acrobatics"],"picked":"Footwork+1","floor":13},{"not_picked":["Unload","Wraith Form v2+1","Malaise"],"picked":"After Image+1","floor":16},{"not_picked":["Terror","Distraction","Caltrops+1"],"picked":"Noxious Fumes+1","floor":18},{"not_picked":["Deadly Poison","Bane","Quick Slash"],"picked":"Flechettes+1","floor":19},{"not_picked":["Outmaneuver","PiercingWail","Well Laid Plans+1"],"picked":"Leg Sweep","floor":21},{"not_picked":["Flechettes","Deflect+1","Reflex"],"picked":"Cloak And Dagger+1","floor":22},{"not_picked":["Predator","Deflect","Doppelganger"],"picked":"Backstab","floor":23},{"not_picked":["Underhanded Strike","Prepared","Dagger Spray","Outmaneuver"],"picked":"SKIP","floor":25},{"not_picked":["Deflect","Choke","Bane","Dagger Throw"],"picked":"SKIP","floor":28},{"not_picked":["Heel Hook","Outmaneuver+1","Quick Slash"],"picked":"After Image+1","floor":31},{"not_picked":["Adrenaline+1","Venomology+1","Bullet Time+1"],"picked":"Night Terror+1","floor":33},{"not_picked":["Concentrate+1","Endless Agony","Sucker Punch+1"],"picked":"Backflip+1","floor":35},{"not_picked":["Flying Knee+1","Concentrate+1","Endless Agony"],"picked":"Dagger Throw+1","floor":37},{"not_picked":["Riddle With Holes+1","Deadly Poison+1","Prepared+1"],"picked":"Backstab","floor":38},{"not_picked":["Blade Dance+1","Sucker Punch+1","Outmaneuver+1"],"picked":"Prepared+1","floor":41},{"not_picked":["Sucker Punch+1","Glass Knife","Prepared+1"],"picked":"Crippling Poison+1","floor":42},{"not_picked":["Deadly Poison+1","Slice","Bane+1"],"picked":"Cloak And Dagger+1","floor":44},{"not_picked":["Quick Slash","Slice","Deflect+1"],"picked":"Poisoned Stab+1","floor":46},{"not_picked":["Flying Knee","Calculated Gamble+1","Deflect+1"],"picked":"Dodge and Roll+1","floor":54}],"player_experience":1031268,"relics_obtained":[{"floor":6,"key":"Frozen Egg 2"},{"floor":9,"key":"Question Card"},{"floor":11,"key":"Paper Crane"},{"floor":13,"key":"Regal Pillow"},{"floor":14,"key":"Vajra"},{"floor":19,"key":"Red Mask"},{"floor":23,"key":"Bag of Marbles"},{"floor":25,"key":"Nunchaku"},{"floor":26,"key":"Bottled Tornado"},{"floor":31,"key":"Anchor"},{"floor":38,"key":"Peace Pipe"},{"floor":42,"key":"Omamori"},{"floor":46,"key":"Tough Bandages"},{"floor":47,"key":"Art of War"},{"floor":54,"key":"Kunai"}],"event_choices":[{"damage_healed":0,"gold_gain":75,"player_choice":"Gather Gold","damage_taken":11,"max_hp_gain":0,"max_hp_loss":0,"event_name":"World of Goop","floor":3,"gold_loss":0},{"cards_removed":["Strike_G"],"damage_healed":0,"gold_gain":0,"player_choice":"Card Removal","damage_taken":7,"max_hp_gain":0,"max_hp_loss":0,"event_name":"Golden Wing","floor":5,"gold_loss":0},{"damage_healed":0,"gold_gain":30,"player_choice":"Searched \u00272\u0027 times","damage_taken":0,"relics_obtained":["Ancient Tea Set"],"max_hp_gain":0,"max_hp_loss":0,"event_name":"Dead Adventurer","floor":10,"gold_loss":0},{"damage_healed":0,"gold_gain":0,"player_choice":"Fought Bandits","damage_taken":0,"max_hp_gain":0,"max_hp_loss":0,"event_name":"Masked Bandits","floor":19,"gold_loss":0},{"damage_healed":0,"gold_gain":0,"player_choice":"Ignored","damage_taken":0,"max_hp_gain":0,"max_hp_loss":0,"event_name":"NoteForYourself","floor":20,"gold_loss":0},{"damage_healed":0,"gold_gain":0,"player_choice":"Opened","damage_taken":0,"relics_obtained":["Toxic Egg 2"],"max_hp_gain":0,"max_hp_loss":0,"event_name":"The Mausoleum","floor":30,"gold_loss":0},{"damage_healed":0,"gold_gain":222,"player_choice":"Wore Mask","damage_taken":0,"max_hp_gain":0,"max_hp_loss":0,"event_name":"Tomb of Lord Red Mask","floor":36,"gold_loss":0},{"damage_healed":0,"gold_gain":0,"player_choice":"Fight","damage_taken":0,"max_hp_gain":0,"max_hp_loss":0,"event_name":"Mysterious Sphere","floor":38,"gold_loss":0},{"damage_healed":0,"gold_gain":0,"player_choice":"Paid Gold","damage_taken":0,"relics_obtained":["Bag of Preparation"],"max_hp_gain":0,"max_hp_loss":0,"event_name":"WeMeetAgain","floor":39,"gold_loss":78},{"damage_healed":0,"gold_gain":0,"player_choice":"Fight","damage_taken":0,"max_hp_gain":0,"max_hp_loss":0,"event_name":"MindBloom","floor":46,"gold_loss":0}],"is_beta":false,"boss_relics":[{"not_picked":["White Beast Statue","HoveringKite"],"picked":"Velvet Choker"},{"not_picked":["Black Star","WristBlade"],"picked":"Fusion Hammer"}],"items_purged_floors":[],"is_endless":false,"potions_floor_spawned":[2,6,13,16,19,22,25,33,35,37,41,54],"ascension_level":1}