{"gold_per_floor":[118,136,86,86,86,105,131,131,131,131,33,49,49,64,64,159,159,173,173,183,40,40,40,40,71,71,150,130,146,8,21,21,126,126,146,157,176,51,65,65,92,110,160,160,260,278,278,18,18,18],"floor_reached":51,"playtime":4945,"items_purged":["Strike_R","Defend_R","Parasite"],"score":799,"play_id":"0ea35133-bae8-4b26-9ee1-c7e0820d6944","local_time":"20190502123122","is_ascension_mode":true,"campfire_choices":[{"data":"Metallicize","floor":8.0,"key":"SMITH"},{"data":"Metallicize","floor":10.0,"key":"SMITH"},{"data":"Armaments","floor":13.0,"key":"SMITH"},{"data":"Disarm","floor":15.0,"key":"SMITH"},{"data":"Demon Form","floor":23.0,"key":"SMITH"},{"floor":32,"key":"REST"},{"data":"Shrug It Off","floor":40,"key":"SMITH"},{"data":"Immolate","floor":47,"key":"SMITH"},{"data":"Infernal Blade","floor":49,"key":"SMITH"}],"neow_cost":"NONE","seed_source_timestamp":0,"circlet_count":0,"master_deck":["Defend_R","Defend_R+1","Bash+1","Metallicize+1","Metallicize+1","Shrug It Off+1","Armaments+1","Disarm+1","Infernal Blade+1","Exhume","Fiend Fire+1","Feed+1","Clothesline+1","Shrug It Off+1","Demon Form+1","Shrug It Off+1","Shockwave+1","Immolate+1","True Grit+1","Body Slam+1","Whirlwind+1","Pommel Strike+1","Flame Barrier+1","Entrench+1"],"special_seed":0,"relics":["Burning Blood","Thread and Needle","Self Forming Clay","War Paint","Sundial","Astrolabe","Art of War","Toxic Egg 2","Coffee Dripper","Orichalcum","Bag of Preparation","Girya","Bottled Tornado"],"potions_floor_usage":[33,33,42,42,50],"damage_taken":[{"damage":7.0,"enemies":"2 Louse","floor":1.0,"turns":3.0},{"damage":3.0,"enemies":"Cultist","floor":2.0,"turns":3.0},{"damage":5.0,"enemies":"Jaw Worm","floor":6.0,"turns":3.0},{"damage":20.0,"enemies":"Lagavulin","floor":7.0,"turns":8.0},{"damage":2.0,"enemies":"3 Louse","floor":12.0,"turns":4.0},{"damage":6.0,"enemies":"Lots of Slimes","floor":14.0,"turns":9.0},{"damage":2.0,"enemies":"Hexaghost","floor":16.0,"turns":12.0},{"damage":10.0,"enemies":"3 Byrds","floor":18.0,"turns":10.0},{"damage":2.0,"enemies":"Shell Parasite","floor":20.0,"turns":5.0},{"damage":30.0,"enemies":"Slavers","floor":25.0,"turns":9.0},{"damage":39.0,"enemies":"3 Cultists","floor":29.0,"turns":9.0},{"damage":2,"enemies":"Shelled Parasite and Fungi","floor":31,"turns":7},{"damage":27,"enemies":"Champ","floor":33,"turns":14},{"damage":0,"enemies":"Orb Walker","floor":35,"turns":3},{"damage":28,"enemies":"3 Darklings","floor":36,"turns":4},{"damage":0,"enemies":"Writhing Mass","floor":37,"turns":6},{"damage":7,"enemies":"Sphere and 2 Shapes","floor":39,"turns":7},{"damage":9,"enemies":"Reptomancer","floor":41,"turns":8},{"damage":19,"enemies":"Jaw Worm Horde","floor":42,"turns":6},{"damage":3,"enemies":"Mind Bloom Boss Battle","floor":45,"turns":7},{"damage":22,"enemies":"Transient","floor":46,"turns":5},{"damage":53,"enemies":"Donu and Deca","floor":50,"turns":10}],"seed_played":"1573556458337126973","potions_obtained":[{"floor":1.0,"key":"EssenceOfSteel"},{"floor":6.0,"key":"EssenceOfSteel"},{"floor":14.0,"key":"EssenceOfSteel"},{"floor":19.0,"key":"Energy Potion"},{"floor":19.0,"key":"SpeedPotion"},{"floor":19.0,"key":"Weak Potion"},{"floor":28.0,"key":"SteroidPotion"},{"floor":31,"key":"SteroidPotion"},{"floor":33,"key":"Poison Potion"},{"floor":35,"key":"BloodPotion"},{"floor":36,"key":"PowerPotion"},{"floor":41,"key":"Regen Potion"}],"is_trial":false,"path_per_floor":["M","M","?","?","?","M","E","R","T","R","$","M","R","M","R","B",null,"M","?","M","$","$","R","?","E","T","T","?","M","$","M","R","B",null,"M","M","M","$","M","R","E","M","T","$","?","M","R","$","R","B",null],"character_chosen":"IRONCLAD","items_purchased":["Armaments","Demon Form","Shockwave+1","Bottled Tornado"],"campfire_rested":1,"item_purchase_floors":[11,21,30,48],"current_hp_per_floor":[79,80,80,73,73,74,60,60,60,60,60,64,64,64,64,68,80,80,80,88,88,88,88,88,64,64,64,64,35,35,43,71,50,96,96,74,80,80,87,87,84,86,86,86,89,73,73,73,73,40],"gold":18,"neow_bonus":"UPGRADE_CARD","is_prod":false,"is_daily":false,"chose_seed":false,"campfire_upgraded":8,"win_rate":0,"timestamp":1556793082,"path_taken":["M","M","?","?","?","M","E","R","T","R","$","?","R","M","R","BOSS","M","?","?","?","$","R","?","E","T","?","?","M","$","M","R","BOSS","M","?","M","$","M","R","E","M","T","?","?","M","R","$","R","BOSS"],"build_version":"2019-04-23","purchased_purges":3,"victory":true,"max_hp_per_floor":[80,80,80,80,80,80,80,80,80,80,80,80,80,80,80,80,80,84,84,88,88,88,88,88,88,88,88,88,92,92,96,96,96,96,96,96,96,93,101,101,101,101,101,101,101,101,101,101,101,105],"card_choices":[{"not_picked":["Bloodletting","Perfected Strike"],"picked":"Metallicize","floor":1.0},{"not_picked":["Perfected Strike","Cleave"],"picked":"Metallicize","floor":2.0},{"not_picked":["Sentinel","Rage","Iron Wave"],"picked":"SKIP","floor":6.0},{"not_picked":["Reaper","Pommel Strike"],"picked":"Shrug It Off","floor":7.0},{"not_picked":["Flex","Twin Strike"],"picked":"Disarm","floor":12.0},{"not_picked":["Disarm","Fire Breathing"],"picked":"Infernal Blade","floor":14.0},{"not_picked":["Dark Embrace","Reaper"],"picked":"Exhume","floor":16.0},{"not_picked":["Wild Strike","Pummel+1"],"picked":"Shrug It Off","floor":18.0},{"not_picked":["Armaments","Iron Wave","Headbutt"],"picked":"SKIP","floor":20.0},{"not_picked":["Perfected Strike+1","Anger","Clash"],"picked":"SKIP","floor":25.0},{"not_picked":["Carnage+1","Spot Weakness+1"],"picked":"Shrug It Off+1","floor":29.0},{"not_picked":["Dark Embrace","Flex+1","Anger"],"picked":"SKIP","floor":31},{"not_picked":["Brutality","Demon Form"],"picked":"Immolate","floor":33},{"not_picked":["Disarm+1","Cleave+1"],"picked":"True Grit+1","floor":35},{"not_picked":["Searing Blow+1","Warcry+1","Uppercut"],"picked":"SKIP","floor":36},{"not_picked":["Thunderclap+1","Clothesline+1","Iron Wave+1"],"picked":"SKIP","floor":37},{"not_picked":["Sword Boomerang","Wild Strike"],"picked":"Body Slam+1","floor":39},{"not_picked":["Seeing Red+1","Juggernaut"],"picked":"Whirlwind+1","floor":41},{"not_picked":["True Grit+1","Metallicize+1"],"picked":"Pommel Strike+1","floor":42},{"not_picked":["Havoc+1","Cleave"],"picked":"Flame Barrier+1","floor":45},{"not_picked":["Shrug It Off+1","Havoc+1"],"picked":"Entrench+1","floor":46}],"player_experience":354326,"relics_obtained":[{"floor":7.0,"key":"War Paint"},{"floor":9.0,"key":"Sundial"},{"floor":25.0,"key":"Art of War"},{"floor":26.0,"key":"Toxic Egg 2"},{"floor":41,"key":"Orichalcum"},{"floor":43,"key":"Bag of Preparation"},{"floor":45,"key":"Girya"}],"event_choices":[{"cards_removed":["Defend_R"],"damage_healed":0.0,"max_hp_gain":0.0,"max_hp_loss":0.0,"gold_gain":0.0,"event_name":"The Cleric","player_choice":"Card Removal","floor":3.0,"gold_loss":50.0,"damage_taken":0.0},{"damage_healed":0.0,"max_hp_gain":0.0,"max_hp_loss":0.0,"gold_gain":0.0,"event_name":"Scrap Ooze","player_choice":"Success","floor":4.0,"gold_loss":0.0,"damage_taken":7.0,"relics_obtained":["Thread and Needle"]},{"damage_healed":0.0,"max_hp_gain":0.0,"max_hp_loss":0.0,"gold_gain":0.0,"event_name":"WeMeetAgain","player_choice":"Gave Potion","floor":5.0,"gold_loss":0.0,"damage_taken":0.0,"relics_obtained":["Self Forming Clay"]},{"damage_healed":0.0,"max_hp_gain":0.0,"max_hp_loss":0.0,"gold_gain":0.0,"event_name":"Lab","player_choice":"Got Potions","floor":19.0,"gold_loss":0.0,"damage_taken":0.0},{"cards_removed":["Strike_R"],"damage_healed":0.0,"max_hp_gain":0.0,"max_hp_loss":0.0,"gold_gain":0.0,"event_name":"Back to Basics","player_choice":"Elegance","floor":24.0,"gold_loss":0.0,"damage_taken":0.0},{"damage_healed":0.0,"max_hp_gain":0.0,"max_hp_loss":0.0,"gold_gain":0.0,"event_name":"The Woman in Blue","player_choice":"Bought 1 Potion","floor":28.0,"gold_loss":0.0,"damage_taken":0.0},{"damage_healed":0,"gold_gain":0,"player_choice":"Fight","damage_taken":0,"max_hp_gain":0,"max_hp_loss":0,"event_name":"MindBloom","floor":45,"gold_loss":0}],"is_beta":true,"boss_relics":[{"not_picked":["Philosopher\u0027s Stone","Cursed Key"],"picked":"Astrolabe"},{"not_picked":["White Beast Statue","Black Star"],"picked":"Coffee Dripper"}],"items_purged_floors":[11,30,38],"is_endless":false,"potions_floor_spawned":[1,6,7,14,20,31,33,35,36,41],"ascension_level":4}