{"gold_per_floor":[112,112,112,130,130,130,144,176,176,176,176,242,242,278,278,278],"floor_reached":16,"playtime":765,"items_purged":[],"score":162,"play_id":"fdd56487-272d-43c3-b679-a997d268b2a0","local_time":"20180823104036","is_ascension_mode":true,"campfire_choices":[{"data":"Rebound","floor":6,"key":"SMITH"},{"floor":11,"key":"REST"},{"floor":15,"key":"REST"}],"neow_cost":"NONE","seed_source_timestamp":436392337405513,"circlet_count":0,"master_deck":["Strike_B","Strike_B","Strike_B","Defend_B","Defend_B","Defend_B","Zap+1","Dualcast","Lockon","Redo+1","Rebound+1","Doom and Gloom","Stack","Injury","Panacea","Hologram"],"relics":["Cracked Core","Juzu Bracelet","Emotion Chip","Du-Vu Doll","Golden Idol","Tiny Chest","Dream Catcher"],"potions_floor_usage":[8,16],"damage_taken":[{"damage":0,"enemies":"Cultist","floor":1,"turns":4},{"damage":2,"enemies":"Jaw Worm","floor":4,"turns":2},{"damage":0,"enemies":"Small Slimes","floor":7,"turns":2},{"damage":20,"enemies":"3 Sentries","floor":8,"turns":5},{"damage":30,"enemies":"Gremlin Nob","floor":12,"turns":4},{"damage":25,"enemies":"3 Sentries","floor":14,"turns":5},{"damage":27,"enemies":"Hexaghost","floor":16,"turns":9}],"seed_played":"-9201742533467338527","potions_obtained":[{"floor":7,"key":"Regen Potion"},{"floor":14,"key":"SkillPotion"}],"is_trial":false,"path_per_floor":["M","?","?","M","?","R","M","E","T","?","R","E","?","E","R"],"character_chosen":"DEFECT","items_purchased":[],"campfire_rested":2,"item_purchase_floors":[],"current_hp_per_floor":[68,68,53,51,44,44,44,38,38,38,60,30,30,5,27,0],"gold":278,"neow_bonus":"RANDOM_COMMON_RELIC","is_prod":false,"is_daily":false,"chose_seed":false,"campfire_upgraded":1,"win_rate":0,"timestamp":1535046036,"path_taken":["M","?","?","M","?","R","M","E","T","?","R","E","?","E","R","BOSS"],"build_version":"2018-08-16","purchased_purges":0,"victory":false,"max_hp_per_floor":[75,75,75,75,75,75,75,75,75,75,75,75,75,75,75,75],"card_choices":[{"not_picked":["Steam","Conserve Battery"],"picked":"Lockon","floor":1},{"not_picked":["Conserve Battery","Go for the Eyes"],"picked":"Rebound","floor":4},{"not_picked":["Compile Driver","Steam"],"picked":"Doom and Gloom","floor":7},{"not_picked":["Capacitor","Beam Cell"],"picked":"Stack","floor":8},{"not_picked":["Steam Power","Reinforced Body","Force Field"],"picked":"SKIP","floor":12},{"not_picked":["Aggregate","Capacitor","Lockon"],"picked":"SKIP","floor":14},{"not_picked":["Glacier","Defragment"],"picked":"Hologram","floor":15}],"player_experience":711892,"relics_obtained":[{"floor":8,"key":"Emotion Chip"},{"floor":9,"key":"Du-Vu Doll"},{"floor":12,"key":"Tiny Chest"},{"floor":14,"key":"Dream Catcher"}],"event_choices":[{"event_name":"Transmorgrifier","player_choice":"Transform","floor":2,"damage_taken":0},{"event_name":"Shining Light","player_choice":"Entered Light","floor":3,"damage_taken":0},{"event_name":"Golden Wing","player_choice":"Card Removal","floor":5,"damage_taken":0},{"event_name":"Golden Idol","player_choice":"Take Wound","floor":10,"damage_taken":0},{"event_name":"Match and Keep!","player_choice":"1 cards matched","floor":13,"damage_taken":0}],"is_beta":false,"boss_relics":[],"items_purged_floors":[],"is_endless":false,"potions_floor_spawned":[7,14],"killed_by":"Hexaghost","ascension_level":8}