{"gold_per_floor":[117,135,235,253,103,103,130,130,130,130,59,71,71,88,88,188,188,198,198,210,230,130,155,155,155,178,17,217,237,255,180,180,284,284,298,398,416,6,26,26,53,53,78,91,91,104,115,37,37,37],"floor_reached":51,"playtime":4637,"items_purged":["Strike_G","Strike_G","Strike_G","Strike_G"],"score":712,"play_id":"19d3dfb2-4be2-4c46-91e7-3ff77aa7c2e0","local_time":"20190609012051","is_ascension_mode":true,"campfire_choices":[{"data":"Infinite Blades","floor":6.0,"key":"SMITH"},{"data":"Accuracy","floor":8.0,"key":"SMITH"},{"data":"A Thousand Cuts","floor":10.0,"key":"SMITH"},{"data":"Storm of Steel","floor":13.0,"key":"SMITH"},{"data":"Survivor","floor":15.0,"key":"SMITH"},{"data":"Footwork","floor":24.0,"key":"SMITH"},{"floor":32.0,"key":"REST"},{"data":"Adrenaline","floor":40.0,"key":"SMITH"},{"data":"Adrenaline","floor":42.0,"key":"SMITH"},{"floor":49,"key":"REST"}],"neow_cost":"NONE","seed_source_timestamp":41053303876993,"circlet_count":0,"master_deck":["Defend_G","Defend_G","Defend_G","Defend_G","Defend_G","Survivor+1","Neutralize+1","Infinite Blades+1","A Thousand Cuts+1","Accuracy+1","Storm of Steel+1","Adrenaline+1","J.A.X.","Footwork+1","Accuracy","Leg Sweep+1","Backstab+1","Adrenaline+1","Blade Dance+1","Accuracy","Cloak And Dagger+1","Acrobatics","Backflip","Bullet Time","Infinite Blades"],"special_seed":0,"relics":["Ring of the Snake","StoneCalendar","Ninja Scroll","Lizard Tail","Potion Belt","Vajra","Sozu","Sling","Juzu Bracelet","Strawberry"],"potions_floor_usage":[50,50],"damage_taken":[{"damage":0.0,"enemies":"Jaw Worm","floor":1.0,"turns":5.0},{"damage":7.0,"enemies":"Cultist","floor":2.0,"turns":4.0},{"damage":3.0,"enemies":"2 Louse","floor":4.0,"turns":3.0},{"damage":9.0,"enemies":"Lagavulin","floor":7.0,"turns":8.0},{"damage":0.0,"enemies":"Looter","floor":12.0,"turns":2.0},{"damage":0.0,"enemies":"Blue Slaver","floor":14.0,"turns":3.0},{"damage":3.0,"enemies":"Hexaghost","floor":16.0,"turns":7.0},{"damage":0.0,"enemies":"3 Byrds","floor":18.0,"turns":3.0},{"damage":0.0,"enemies":"Chosen","floor":20.0,"turns":4.0},{"damage":23.0,"enemies":"Centurion and Healer","floor":21.0,"turns":4.0},{"damage":23.0,"enemies":"Book of Stabbing","floor":23.0,"turns":6.0},{"damage":0.0,"enemies":"Snake Plant","floor":29.0,"turns":1.0},{"damage":0.0,"enemies":"Snecko","floor":30.0,"turns":4.0},{"damage":21.0,"enemies":"Automaton","floor":33.0,"turns":7.0},{"damage":3.0,"enemies":"3 Shapes","floor":35.0,"turns":4.0},{"damage":0.0,"enemies":"Orb Walker","floor":37.0,"turns":1.0},{"damage":3.0,"enemies":"Jaw Worm Horde","floor":39.0,"turns":2.0},{"damage":53.0,"enemies":"Nemesis","floor":41.0,"turns":6.0},{"damage":0.0,"enemies":"Spire Growth","floor":44.0,"turns":2.0},{"damage":0,"enemies":"4 Shapes","floor":46,"turns":3},{"damage":4,"enemies":"Sphere and 2 Shapes","floor":47,"turns":4},{"damage":58,"enemies":"Awakened One","floor":50,"turns":7}],"seed_played":"7489602701998092940","potions_obtained":[{"floor":12.0,"key":"Strength Potion"},{"floor":14.0,"key":"Block Potion"},{"floor":16.0,"key":"Block Potion"},{"floor":21.0,"key":"GhostInAJar"},{"floor":23.0,"key":"Swift Potion"},{"floor":33.0,"key":"GamblersBrew"}],"is_trial":false,"path_per_floor":["M","M","?","M","$","R","E","R","T","R","$","M","R","M","R","B",null,"M","?","M","M","$","E","R","?","T","$","?","M","M","?","R","B",null,"M","?","M","$","M","R","E","R","T","M","?","M","M","$","R","B",null],"character_chosen":"THE_SILENT","items_purchased":["Accuracy","Storm of Steel","Accuracy","Sling","Accuracy","Infinite Blades"],"campfire_rested":2,"item_purchase_floors":[5,11,27,38,38,48],"current_hp_per_floor":[70,63,63,60,60,60,51,51,51,51,51,51,51,51,51,48,70,70,70,70,47,47,24,24,24,24,24,24,24,24,24,45,24,70,67,67,67,67,64,64,11,11,18,18,18,18,14,14,37,38],"gold":37,"neow_bonus":"UPGRADE_CARD","is_prod":false,"is_daily":false,"chose_seed":false,"campfire_upgraded":8,"win_rate":0,"timestamp":1560057651,"path_taken":["M","M","?","M","$","R","E","R","T","R","?","M","R","?","R","BOSS","M","?","M","M","$","E","R","?","T","$","?","?","M","?","R","BOSS","M","?","?","$","M","R","E","R","T","M","?","M","M","?","R","BOSS"],"build_version":"2019-01-23","purchased_purges":4,"victory":true,"max_hp_per_floor":[70,70,70,70,70,70,70,70,70,70,70,70,70,70,70,70,70,70,70,70,70,70,70,70,70,70,70,70,70,70,70,70,70,70,70,70,70,70,70,70,70,70,77,77,77,77,77,77,77,77],"card_choices":[{"not_picked":["Underhanded Strike","Prepared","Endless Agony"],"picked":"SKIP","floor":1.0},{"not_picked":["Distraction","Dagger Spray"],"picked":"Infinite Blades","floor":2.0},{"not_picked":["Sucker Punch","Outmaneuver"],"picked":"A Thousand Cuts","floor":4.0},{"not_picked":["Quick Slash","Dagger Throw","Finisher"],"picked":"SKIP","floor":7.0},{"not_picked":["Underhanded Strike","Deflect","Blur"],"picked":"SKIP","floor":12.0},{"not_picked":["Underhanded Strike","Deflect","Blur"],"picked":"SKIP","floor":12.0},{"not_picked":["Calculated Gamble","Deadly Poison","Reflex"],"picked":"SKIP","floor":14.0},{"not_picked":["Die Die Die","Doppelganger"],"picked":"Adrenaline","floor":16.0},{"not_picked":["Finisher","Quick Slash","Distraction"],"picked":"SKIP","floor":18.0},{"not_picked":["Bouncing Flask","Deadly Poison+1","Tactician"],"picked":"SKIP","floor":20.0},{"not_picked":["Slice","PiercingWail","Distraction"],"picked":"SKIP","floor":21.0},{"not_picked":["Choke","Glass Knife"],"picked":"Footwork","floor":23.0},{"not_picked":["Reflex","Skewer"],"picked":"Leg Sweep+1","floor":29.0},{"not_picked":["Terror+1","Bane"],"picked":"Backstab+1","floor":30.0},{"not_picked":["Doppelganger","Envenom"],"picked":"Adrenaline","floor":33.0},{"not_picked":["Endless Agony+1","Backstab","Dash"],"picked":"SKIP","floor":35.0},{"not_picked":["Poisoned Stab","Dagger Spray+1"],"picked":"Blade Dance+1","floor":37.0},{"not_picked":["Eviscerate+1","Flying Knee+1","Dagger Spray"],"picked":"SKIP","floor":39.0},{"not_picked":["Caltrops+1","Flying Knee+1"],"picked":"Cloak And Dagger+1","floor":41.0},{"not_picked":["Deadly Poison","Caltrops"],"picked":"Acrobatics","floor":44.0},{"not_picked":["Quick Slash","Flying Knee+1"],"picked":"Backflip","floor":46},{"not_picked":["Quick Slash","Catalyst"],"picked":"Bullet Time","floor":47}],"player_experience":130257,"relics_obtained":[{"floor":7.0,"key":"StoneCalendar"},{"floor":9.0,"key":"Ninja Scroll"},{"floor":23.0,"key":"Potion Belt"},{"floor":26.0,"key":"Vajra"},{"floor":41.0,"key":"Juzu Bracelet"},{"floor":43.0,"key":"Strawberry"}],"event_choices":[{"damage_healed":0.0,"max_hp_gain":0.0,"max_hp_loss":0.0,"gold_gain":100.0,"event_name":"Golden Shrine","player_choice":"Pray","floor":3.0,"gold_loss":0.0,"damage_taken":0.0},{"damage_healed":0.0,"max_hp_gain":0.0,"max_hp_loss":0.0,"gold_gain":0.0,"event_name":"Drug Dealer","player_choice":"Obtain J.A.X.","floor":19.0,"gold_loss":0.0,"damage_taken":0.0,"cards_obtained":["J.A.X."]},{"damage_healed":0.0,"max_hp_gain":0.0,"max_hp_loss":0.0,"gold_gain":0.0,"event_name":"Cursed Tome","player_choice":"Ignored","floor":25.0,"gold_loss":0.0,"damage_taken":0.0},{"damage_healed":0.0,"max_hp_gain":0.0,"max_hp_loss":0.0,"gold_gain":200.0,"event_name":"Wheel of Change","player_choice":"Gold","floor":28.0,"gold_loss":0.0,"damage_taken":0.0},{"cards_removed":["Strike_G"],"damage_healed":0.0,"max_hp_gain":0.0,"max_hp_loss":0.0,"gold_gain":0.0,"event_name":"Beggar","player_choice":"Gave Gold","floor":31.0,"gold_loss":75.0,"damage_taken":0.0},{"damage_healed":0.0,"max_hp_gain":0.0,"max_hp_loss":0.0,"gold_gain":100.0,"event_name":"Golden Shrine","player_choice":"Pray","floor":36.0,"gold_loss":0.0,"damage_taken":0.0},{"damage_healed":0.0,"max_hp_gain":0.0,"max_hp_loss":0.0,"gold_gain":0.0,"event_name":"Match and Keep!","player_choice":"0 cards matched","floor":45.0,"gold_loss":0.0,"damage_taken":0.0,"cards_obtained":[]}],"is_beta":false,"boss_relics":[{"not_picked":["White Beast Statue","Eternal Feather"],"picked":"Lizard Tail"},{"not_picked":["Snecko Eye","Pandora\u0027s Box"],"picked":"Sozu"}],"items_purged_floors":[5,22,27,38],"is_endless":false,"potions_floor_spawned":[12,14,16,21,23,33,37,39,46,47],"ascension_level":2}