{"gold_per_floor":[114,114,114,189,204,204,234,234,284,314,329,329,239,254,254,354,354,369,309,227,38,137,137,237,267,267,267,282,297,312,342,342,442,442,457,457,472,487,537,567,582,612,612,612,572,587,617,632,632,632],"floor_reached":51,"playtime":5973,"items_purged":[],"score":1208,"play_id":"fb261d24-f048-41de-8f7f-66c7b530e117","local_time":"20190312183004","daily_mods":["Allstar","Hoarder","Terminal"],"is_ascension_mode":false,"campfire_choices":[{"data":"Apotheosis","floor":6,"key":"SMITH"},{"data":"Impatience","floor":8,"key":"SMITH"},{"data":"Magnetism","floor":15,"key":"SMITH"},{"data":"Apotheosis","floor":23,"key":"SMITH"},{"floor":32,"key":"REST"},{"floor":49,"key":"REST"}],"neow_cost":"","seed_source_timestamp":0,"circlet_count":0,"master_deck":["Defend_G","Defend_G","Defend_G","Defend_G","Defend_G","Strike_G","Strike_G","Strike_G","Survivor","Neutralize","Deep Breath","Deep Breath","Deep Breath","Blind","Blind","Blind","Magnetism","Magnetism","Magnetism+1","Impatience+1","Impatience","Impatience","Apotheosis+1","Apotheosis+1","PiercingWail","PiercingWail","PiercingWail","Choke","Choke","Choke","Deadly Poison","Deadly Poison","Deadly Poison","Deadly Poison","Deadly Poison","Deadly Poison","Endless Agony","Endless Agony","Endless Agony","Storm of Steel","Storm of Steel","Storm of Steel","Endless Agony","Endless Agony","Endless Agony","Bouncing Flask","Bouncing Flask","Bouncing Flask","Catalyst","Catalyst","Catalyst","Calculated Gamble","Calculated Gamble","Calculated Gamble","Ghostly","Ghostly","Ghostly","Ghostly","Ghostly","Ghostly","Ghostly","Ghostly","Ghostly","Ghostly","Ghostly","Ghostly","Ghostly","Ghostly","Ghostly","Backflip","Backflip","Backflip","Adrenaline","Adrenaline","Adrenaline","Pain","Pain","Pain","Parasite","Parasite","Parasite","Shame","Shame","Shame","Well Laid Plans+1","Well Laid Plans+1","Well Laid Plans+1","Noxious Fumes+1","Noxious Fumes+1","Noxious Fumes+1","Poisoned Stab+1","Poisoned Stab+1","Corpse Explosion","Corpse Explosion","Corpse Explosion","Prepared+1","Prepared+1","Prepared+1","Acrobatics","Acrobatics","Acrobatics","Venomology","Venomology","Venomology"],"special_seed":17967,"relics":["Ring of the Snake","Bird Faced Urn","Dream Catcher","Incense Burner","Bottled Tornado","Busted Crown","Bag of Preparation","Pantograph","Prayer Wheel","Paper Crane","Darkstone Periapt","Pocketwatch","Calling Bell","Orichalcum","Frozen Egg 2","Tingsha","Happy Flower","Mango","Question Card","Lantern","Meat on the Bone","Vajra"],"potions_floor_usage":[10,10,16,16,50,50,50,50],"damage_taken":[{"damage":0,"enemies":"Jaw Worm","floor":1,"turns":4},{"damage":2,"enemies":"Small Slimes","floor":5,"turns":5},{"damage":3,"enemies":"Lagavulin","floor":7,"turns":6},{"damage":22,"enemies":"Gremlin Nob","floor":10,"turns":4},{"damage":0,"enemies":"2 Louse","floor":11,"turns":2},{"damage":0,"enemies":"Exordium Wildlife","floor":14,"turns":5},{"damage":18,"enemies":"The Guardian","floor":16,"turns":6},{"damage":9,"enemies":"Spheric Guardian","floor":18,"turns":4},{"damage":0,"enemies":"Colosseum Slavers","floor":24,"turns":2},{"damage":0,"enemies":"Colosseum Nobs","floor":24,"turns":6},{"damage":7,"enemies":"Book of Stabbing","floor":25,"turns":3},{"damage":0,"enemies":"Shell Parasite","floor":28,"turns":3},{"damage":0,"enemies":"Shelled Parasite and Fungi","floor":29,"turns":5},{"damage":0,"enemies":"Sentry and Sphere","floor":30,"turns":5},{"damage":0,"enemies":"Gremlin Leader","floor":31,"turns":7},{"damage":0,"enemies":"Automaton","floor":33,"turns":6},{"damage":0,"enemies":"Orb Walker","floor":35,"turns":2},{"damage":12,"enemies":"3 Shapes","floor":37,"turns":4},{"damage":0,"enemies":"Maw","floor":38,"turns":8},{"damage":3,"enemies":"2 Orb Walkers","floor":39,"turns":5},{"damage":4,"enemies":"Reptomancer","floor":40,"turns":7},{"damage":3,"enemies":"4 Shapes","floor":41,"turns":4},{"damage":5,"enemies":"Giant Head","floor":42,"turns":7},{"damage":4,"enemies":"Spire Growth","floor":46,"turns":5},{"damage":3,"enemies":"Reptomancer","floor":47,"turns":5},{"damage":3,"enemies":"Maw","floor":48,"turns":6},{"damage":2,"enemies":"Donu and Deca","floor":50,"turns":6}],"seed_played":"8324277603862970171","potions_obtained":[{"floor":5,"key":"SpeedPotion"},{"floor":7,"key":"LiquidBronze"},{"floor":14,"key":"EssenceOfSteel"},{"floor":24,"key":"SmokeBomb"},{"floor":28,"key":"Weak Potion"},{"floor":29,"key":"SteroidPotion"},{"floor":30,"key":"Strength Potion"},{"floor":39,"key":"GhostInAJar"},{"floor":45,"key":"SteroidPotion"},{"floor":45,"key":"Strength Potion"},{"floor":48,"key":"Poison Potion"}],"is_trial":false,"path_per_floor":["M","?","?","?","M","R","E","R","T","E","M","T","$","M","R","B",null,"M","?","$","$","?","R","?","E","T","?","M","M","M","E","R","B",null,"M","?","M","M","?","E","M","E","T","?","?","M","E","M","R","B",null],"character_chosen":"THE_SILENT","items_purchased":["Endless Agony","AttackPotion","Catalyst","Calculated Gamble","Bag of Preparation"],"campfire_rested":2,"item_purchase_floors":[13,13,20,21,21],"current_hp_per_floor":[68,67,60,49,47,47,44,44,44,24,24,24,24,32,32,18,52,43,43,43,43,43,43,43,38,38,20,19,18,17,16,15,14,31,30,29,17,25,38,39,38,36,36,35,34,33,30,31,30,29],"gold":632,"neow_bonus":"","is_prod":false,"is_daily":true,"chose_seed":false,"campfire_upgraded":4,"win_rate":0,"timestamp":1552411804,"path_taken":["M","?","?","?","M","R","E","R","T","E","M","?","$","M","R","BOSS","M","?","?","$","?","R","?","E","T","?","M","M","?","E","R","BOSS","M","?","?","M","?","E","M","E","T","?","?","M","E","?","R","BOSS"],"build_version":"2019-02-06","purchased_purges":0,"victory":true,"max_hp_per_floor":[68,67,66,65,64,63,62,61,60,59,58,57,56,55,54,53,52,51,50,49,48,47,46,45,44,43,20,19,18,17,16,15,14,31,30,29,28,27,40,39,38,37,36,35,34,33,32,31,30,29],"card_choices":[{"not_picked":["Quick Slash","Setup"],"picked":"PiercingWail","floor":1},{"not_picked":["Flying Knee","Terror"],"picked":"Choke","floor":5},{"not_picked":["Blur","Reflex"],"picked":"Deadly Poison","floor":7},{"not_picked":["Sucker Punch","Flechettes"],"picked":"Deadly Poison","floor":10},{"not_picked":["Tactician","Deadly Poison","Cloak And Dagger"],"picked":"SKIP","floor":11},{"not_picked":["Cloak And Dagger","Dagger Spray","Dagger Throw"],"picked":"SKIP","floor":14},{"not_picked":["Unload","Corpse Explosion"],"picked":"Storm of Steel","floor":16},{"not_picked":["Outmaneuver"],"picked":"SKIP","floor":18},{"not_picked":["Flying Knee"],"picked":"SKIP","floor":25},{"not_picked":["Dagger Throw"],"picked":"SKIP","floor":28},{"not_picked":["Cloak And Dagger"],"picked":"SKIP","floor":28},{"not_picked":["Slice"],"picked":"SKIP","floor":29},{"not_picked":["Outmaneuver"],"picked":"SKIP","floor":29},{"not_picked":["Bouncing Flask"],"picked":"SKIP","floor":30},{"not_picked":["Masterful Stab+1"],"picked":"SKIP","floor":30},{"not_picked":["Bouncing Flask"],"picked":"SKIP","floor":31},{"not_picked":[],"picked":"Backflip","floor":32},{"not_picked":[],"picked":"Adrenaline","floor":33},{"not_picked":[],"picked":"Well Laid Plans+1","floor":35},{"not_picked":["Flechettes"],"picked":"SKIP","floor":35},{"not_picked":[],"picked":"Noxious Fumes+1","floor":37},{"not_picked":["Dagger Throw+1"],"picked":"SKIP","floor":37},{"not_picked":["Terror+1"],"picked":"SKIP","floor":38},{"not_picked":["Terror"],"picked":"SKIP","floor":38},{"not_picked":[],"picked":"Poisoned Stab+1","floor":40},{"not_picked":["Underhanded Strike+1","Reflex+1"],"picked":"SKIP","floor":41},{"not_picked":["Bane","Poisoned Stab+1"],"picked":"SKIP","floor":41},{"not_picked":["Acrobatics"],"picked":"Corpse Explosion","floor":42},{"not_picked":["Catalyst"],"picked":"Prepared+1","floor":46},{"not_picked":["Dagger Throw+1","Slice"],"picked":"SKIP","floor":46},{"not_picked":["Slice"],"picked":"Acrobatics","floor":47},{"not_picked":["Blade Dance"],"picked":"Venomology","floor":48},{"not_picked":["Dodge and Roll+1","Cloak And Dagger"],"picked":"SKIP","floor":48}],"player_experience":243270,"relics_obtained":[{"floor":7,"key":"Bird Faced Urn"},{"floor":9,"key":"Dream Catcher"},{"floor":10,"key":"Incense Burner"},{"floor":12,"key":"Bottled Tornado"},{"floor":24,"key":"Pantograph"},{"floor":24,"key":"Prayer Wheel"},{"floor":25,"key":"Paper Crane"},{"floor":26,"key":"Darkstone Periapt"},{"floor":31,"key":"Pocketwatch"},{"floor":34,"key":"Orichalcum"},{"floor":34,"key":"Frozen Egg 2"},{"floor":34,"key":"Tingsha"},{"floor":39,"key":"Mango"},{"floor":40,"key":"Question Card"},{"floor":42,"key":"Lantern"},{"floor":43,"key":"Meat on the Bone"},{"floor":47,"key":"Vajra"}],"event_choices":[{"damage_healed":0,"gold_gain":0,"player_choice":"Ignored","damage_taken":0,"max_hp_gain":0,"max_hp_loss":0,"event_name":"Liars Game","floor":2,"gold_loss":0},{"cards_removed":["Apotheosis"],"damage_healed":0,"gold_gain":0,"player_choice":"Card Removal","damage_taken":7,"max_hp_gain":0,"max_hp_loss":0,"event_name":"Golden Wing","floor":3,"gold_loss":0},{"damage_healed":0,"gold_gain":75,"player_choice":"Gather Gold","damage_taken":11,"max_hp_gain":0,"max_hp_loss":0,"event_name":"World of Goop","floor":4,"gold_loss":0},{"damage_healed":0,"gold_gain":0,"cards_transformed":["Strike_G","Strike_G"],"player_choice":"Transformed Cards","damage_taken":0,"max_hp_gain":0,"max_hp_loss":0,"event_name":"Designer","floor":19,"gold_loss":60,"cards_obtained":["Endless Agony","Bouncing Flask"]},{"damage_healed":0,"gold_gain":99,"player_choice":"Stole From Cult","damage_taken":0,"max_hp_gain":0,"max_hp_loss":0,"event_name":"Nest","floor":22,"gold_loss":0},{"damage_healed":0,"gold_gain":0,"player_choice":"Fight","damage_taken":0,"max_hp_gain":0,"max_hp_loss":0,"event_name":"Colosseum","floor":24,"gold_loss":0},{"damage_healed":0,"gold_gain":0,"player_choice":"Fought Nobs","damage_taken":0,"max_hp_gain":0,"max_hp_loss":0,"event_name":"Colosseum","floor":24,"gold_loss":0},{"damage_healed":0,"gold_gain":0,"player_choice":"Became a Ghost","damage_taken":0,"max_hp_gain":0,"max_hp_loss":22,"event_name":"Ghosts","floor":27,"gold_loss":0,"cards_obtained":["Ghostly","Ghostly","Ghostly","Ghostly","Ghostly"]},{"damage_healed":0,"gold_gain":0,"player_choice":"Gave Potion","damage_taken":0,"relics_obtained":["Happy Flower"],"max_hp_gain":0,"max_hp_loss":0,"event_name":"WeMeetAgain","floor":36,"gold_loss":0},{"damage_healed":0,"gold_gain":0,"player_choice":"Fight","damage_taken":0,"max_hp_gain":0,"max_hp_loss":0,"event_name":"Mysterious Sphere","floor":39,"gold_loss":0},{"cards_removed":["Poisoned Stab"],"damage_healed":0,"gold_gain":0,"player_choice":"Removed Attack","damage_taken":0,"max_hp_gain":0,"max_hp_loss":0,"event_name":"Falling","floor":44,"gold_loss":0},{"damage_healed":0,"gold_gain":0,"player_choice":"Bought 3 Potions","damage_taken":0,"max_hp_gain":0,"max_hp_loss":0,"event_name":"The Woman in Blue","floor":45,"gold_loss":0}],"is_beta":true,"boss_relics":[{"not_picked":["Runic Dome","Eternal Feather"],"picked":"Busted Crown"},{"not_picked":["Sozu","HoveringKite"],"picked":"Calling Bell"}],"items_purged_floors":[],"is_endless":false,"potions_floor_spawned":[5,7,14,24,28,29,30,39,40,41,42,48],"ascension_level":0}