{"gold_per_floor":[109,59,71,90,190,190,202,222,248,248,260,185,215,215,215,311,311,330,330,254,264,280,280,293,327,327,327,327,358,469,481,493,505],"floor_reached":33,"playtime":2685,"items_purged":["Strike_R","Strike_R"],"score":419,"play_id":"a5c5d65d-d3c1-4bdb-a225-797e239c0410","local_time":"20190608140436","is_ascension_mode":true,"campfire_choices":[{"data":"Armaments","floor":6.0,"key":"SMITH"},{"data":"Battle Trance","floor":10.0,"key":"SMITH"},{"floor":15.0,"key":"REST"},{"floor":23.0,"key":"REST"},{"data":"Whirlwind","floor":27.0,"key":"SMITH"},{"data":"Shockwave","floor":32,"key":"SMITH"}],"neow_cost":"NONE","seed_source_timestamp":0,"circlet_count":0,"master_deck":["Strike_R","Strike_R","Defend_R","Defend_R","Defend_R","Defend_R","Bash","Flex","Armaments+1","Shrug It Off","Thunderclap","Battle Trance+1","Whirlwind+1","Shrug It Off","Offering","Ghostly Armor+1","Offering","True Grit","True Grit","Shockwave+1","Shrug It Off"],"special_seed":0,"relics":["Burning Blood","Blood Vial","Smiling Mask","Mark of Pain","Lantern","Molten Egg 2","MawBank","Question Card"],"potions_floor_usage":[29,29],"damage_taken":[{"damage":1.0,"enemies":"2 Louse","floor":1.0,"turns":3.0},{"damage":0.0,"enemies":"Small Slimes","floor":3.0,"turns":3.0},{"damage":0.0,"enemies":"Cultist","floor":4.0,"turns":4.0},{"damage":17.0,"enemies":"Looter","floor":7.0,"turns":3.0},{"damage":3.0,"enemies":"3 Louse","floor":8.0,"turns":2.0},{"damage":9.0,"enemies":"Exordium Thugs","floor":11.0,"turns":4.0},{"damage":39.0,"enemies":"Lagavulin","floor":13.0,"turns":6.0},{"damage":62.0,"enemies":"Hexaghost","floor":16.0,"turns":10.0},{"damage":22.0,"enemies":"2 Thieves","floor":18.0,"turns":4.0},{"damage":6.0,"enemies":"3 Byrds","floor":21.0,"turns":2.0},{"damage":25.0,"enemies":"Centurion and Healer","floor":22.0,"turns":9.0},{"damage":12.0,"enemies":"3 Cultists","floor":24.0,"turns":3.0},{"damage":34.0,"enemies":"Gremlin Leader","floor":25.0,"turns":7.0},{"damage":6,"enemies":"Book of Stabbing","floor":29,"turns":5},{"damage":65,"enemies":"Automaton","floor":33,"turns":6}],"seed_played":"7487822573858732768","potions_obtained":[{"floor":1.0,"key":"Weak Potion"},{"floor":4.0,"key":"Explosive Potion"},{"floor":13.0,"key":"SteroidPotion"},{"floor":16.0,"key":"Explosive Potion"},{"floor":21.0,"key":"LiquidBronze"},{"floor":22.0,"key":"EntropicBrew"}],"is_trial":false,"path_per_floor":["M","?","M","M","?","R","M","M","T","R","M","$","E","?","R","B",null,"M","?","$","M","M","R","M","E","T","R","?","E","?","T","R","B"],"character_chosen":"IRONCLAD","items_purchased":["True Grit"],"campfire_rested":2,"item_purchase_floors":[20],"current_hp_per_floor":[77,77,80,80,80,80,69,72,72,72,71,71,40,40,64,10,63,49,49,49,51,34,58,54,28,28,28,54,56,56,56,56,0],"gold":505,"neow_bonus":"THREE_CARDS","is_prod":false,"is_daily":false,"chose_seed":false,"campfire_upgraded":4,"win_rate":0,"timestamp":1560017076,"path_taken":["M","?","M","M","?","R","M","?","T","R","M","$","E","?","R","BOSS","M","?","?","M","?","R","M","E","T","R","?","E","?","?","R","BOSS"],"build_version":"2019-01-23","purchased_purges":2,"victory":false,"max_hp_per_floor":[80,80,80,80,80,80,80,80,80,80,80,80,80,80,80,80,80,80,80,80,80,80,80,80,80,80,80,80,80,80,80,80,80],"card_choices":[{"not_picked":["Blood for Blood","Body Slam"],"picked":"Flex","floor":0.0},{"not_picked":["Burning Pact","Body Slam"],"picked":"Armaments","floor":1.0},{"not_picked":["Body Slam","Pommel Strike"],"picked":"Shrug It Off","floor":3.0},{"not_picked":["Armaments","Dark Embrace"],"picked":"Thunderclap","floor":4.0},{"not_picked":["Clothesline","Pommel Strike"],"picked":"Battle Trance","floor":7.0},{"not_picked":["Carnage","Thunderclap","Searing Blow"],"picked":"SKIP","floor":8.0},{"not_picked":["Warcry","Shrug It Off"],"picked":"Whirlwind","floor":11.0},{"not_picked":["Thunderclap","Havoc"],"picked":"Shrug It Off","floor":13.0},{"not_picked":["Brutality","Limit Break"],"picked":"Offering","floor":16.0},{"not_picked":["Clothesline+1","Second Wind"],"picked":"Ghostly Armor+1","floor":18.0},{"not_picked":["Sword Boomerang","Twin Strike+1","Heavy Blade"],"picked":"SKIP","floor":21.0},{"not_picked":["Infernal Blade","Headbutt"],"picked":"True Grit","floor":22.0},{"not_picked":["Corruption","Cleave","Sever Soul"],"picked":"SKIP","floor":24.0},{"not_picked":["Sever Soul+1","Dual Wield"],"picked":"Shockwave","floor":25.0},{"not_picked":["Sword Boomerang+1","Combust"],"picked":"Shrug It Off","floor":29}],"player_experience":116790,"relics_obtained":[{"floor":9.0,"key":"Blood Vial"},{"floor":13.0,"key":"Smiling Mask"},{"floor":25.0,"key":"Lantern"},{"floor":26.0,"key":"Molten Egg 2"},{"floor":29,"key":"MawBank"},{"floor":31,"key":"Question Card"}],"event_choices":[{"cards_removed":["Strike_R"],"damage_healed":0.0,"max_hp_gain":0.0,"max_hp_loss":0.0,"gold_gain":0.0,"event_name":"The Cleric","player_choice":"Card Removal","floor":2.0,"gold_loss":50.0,"damage_taken":0.0},{"damage_healed":0.0,"max_hp_gain":0.0,"max_hp_loss":0.0,"gold_gain":100.0,"event_name":"Wheel of Change","player_choice":"Gold","floor":5.0,"gold_loss":0.0,"damage_taken":0.0},{"damage_healed":0.0,"max_hp_gain":0.0,"max_hp_loss":0.0,"gold_gain":0.0,"event_name":"Liars Game","player_choice":"Ignored","floor":14.0,"gold_loss":0.0,"damage_taken":0.0},{"damage_healed":0.0,"max_hp_gain":0.0,"max_hp_loss":0.0,"gold_gain":0.0,"event_name":"Duplicator","player_choice":"Copied","floor":19.0,"gold_loss":0.0,"damage_taken":0.0,"cards_obtained":["Offering"]},{"damage_healed":26,"gold_gain":0,"player_choice":"Heal","damage_taken":0,"max_hp_gain":0,"max_hp_loss":0,"event_name":"The Library","floor":28,"gold_loss":0},{"damage_healed":0,"gold_gain":99,"player_choice":"Stole From Cult","damage_taken":0,"max_hp_gain":0,"max_hp_loss":0,"event_name":"Nest","floor":30,"gold_loss":0}],"is_beta":false,"boss_relics":[{"not_picked":["Eternal Feather","Black Star"],"picked":"Mark of Pain"}],"items_purged_floors":[12,20],"is_endless":false,"potions_floor_spawned":[1,4,13,16,21,22,25],"killed_by":"Automaton","ascension_level":7}