{"gold_per_floor":[113,128,128,128,128,161,185,201,227,227,261,261,261,276,276,396,396,416,435,108,127,142,142,142],"floor_reached":24,"playtime":1125,"items_purged":["Strike_R"],"score":338,"play_id":"0b691048-85fd-4e14-8fc3-98b43da7cca2","local_time":"20180915124300","is_ascension_mode":true,"campfire_choices":[{"data":"Armaments","floor":10,"key":"SMITH"},{"data":"Flex","floor":12,"key":"SMITH"},{"data":"Sword Boomerang","floor":15,"key":"SMITH"},{"floor":23,"key":"REST"}],"neow_cost":"NONE","seed_source_timestamp":1497685452435724,"circlet_count":0,"master_deck":["Strike_R","Strike_R","Strike_R+1","Defend_R","Defend_R","Defend_R","Bash","Cleave+1","Armaments+1","Sword Boomerang+1","Flex+1","Impervious","Sword Boomerang","Demon Form+1","Shrug It Off","Twin Strike","Shrug It Off","Headbutt","Cleave+1","Flex"],"relics":["Burning Blood","NeowsBlessing","Golden Idol","Gremlin Horn","Vajra","Whetstone","Frozen Egg 2","Orrery","Brimstone"],"potions_floor_usage":[16,16,22,24],"damage_taken":[{"damage":0,"enemies":"2 Louse","floor":1,"turns":1},{"damage":0,"enemies":"Small Slimes","floor":2,"turns":1},{"damage":0,"enemies":"Lagavulin","floor":6,"turns":1},{"damage":0,"enemies":"Cultist","floor":7,"turns":2},{"damage":3,"enemies":"Exordium Wildlife","floor":8,"turns":4},{"damage":16,"enemies":"Gremlin Nob","floor":11,"turns":3},{"damage":12,"enemies":"Large Slime","floor":14,"turns":5},{"damage":33,"enemies":"Hexaghost","floor":16,"turns":7},{"damage":7,"enemies":"Chosen","floor":18,"turns":3},{"damage":34,"enemies":"3 Byrds","floor":19,"turns":4},{"damage":30,"enemies":"Snake Plant","floor":21,"turns":3},{"damage":23,"enemies":"Snecko","floor":22,"turns":4},{"damage":42,"enemies":"Gremlin Leader","floor":24,"turns":2}],"seed_played":"-7928474639593013583","potions_obtained":[{"floor":1,"key":"SpeedPotion"},{"floor":6,"key":"Regen Potion"},{"floor":7,"key":"PowerPotion"},{"floor":11,"key":"BloodPotion"},{"floor":19,"key":"Weak Potion"},{"floor":21,"key":"Regen Potion"},{"floor":22,"key":"SkillPotion"}],"is_trial":false,"path_per_floor":["M","M","?","?","T","E","M","M","T","R","E","R","?","M","R","B",null,"M","M","$","M","M","R"],"character_chosen":"IRONCLAD","items_purchased":["Brimstone","Flex"],"campfire_rested":1,"item_purchase_floors":[20,20],"current_hp_per_floor":[78,80,60,60,60,66,72,75,75,75,65,65,58,52,52,40,70,69,41,41,17,12,36,0],"gold":142,"neow_bonus":"THREE_ENEMY_KILL","is_prod":false,"is_daily":false,"chose_seed":false,"campfire_upgraded":3,"win_rate":0,"timestamp":1537040580,"path_taken":["M","M","?","?","?","E","?","M","T","R","E","R","?","M","R","BOSS","M","M","$","M","M","R","E"],"build_version":"2018-09-06","purchased_purges":1,"victory":false,"max_hp_per_floor":[80,80,80,80,80,80,80,80,80,80,80,80,80,80,80,80,80,80,80,80,80,80,80,80],"card_choices":[{"not_picked":["Searing Blow","Twin Strike"],"picked":"Cleave","floor":1},{"not_picked":["True Grit","Iron Wave"],"picked":"Armaments","floor":2},{"not_picked":["Rage","Uppercut"],"picked":"Sword Boomerang","floor":6},{"not_picked":["Shockwave","Burning Pact"],"picked":"Flex","floor":7},{"not_picked":["Rage","Perfected Strike","Anger"],"picked":"SKIP","floor":8},{"not_picked":["Seeing Red","Searing Blow"],"picked":"Impervious","floor":11},{"not_picked":["True Grit","Warcry"],"picked":"Sword Boomerang","floor":14},{"not_picked":["Barricade+1","Juggernaut+1"],"picked":"Demon Form+1","floor":16},{"not_picked":["Infernal Blade","Fire Breathing+1"],"picked":"Shrug It Off","floor":17},{"not_picked":["Body Slam","Clash"],"picked":"Twin Strike","floor":17},{"not_picked":["Sentinel","Rampage"],"picked":"Shrug It Off","floor":17},{"not_picked":["Barricade+1","Fire Breathing+1"],"picked":"Headbutt","floor":17},{"not_picked":["Corruption+1","Wild Strike","Rampage"],"picked":"SKIP","floor":18},{"not_picked":["Armaments","Iron Wave"],"picked":"Cleave+1","floor":19},{"not_picked":["Armaments+1","Clothesline","Disarm"],"picked":"SKIP","floor":21},{"not_picked":["Wild Strike+1","Armaments+1","Iron Wave+1"],"picked":"SKIP","floor":22}],"player_experience":805837,"relics_obtained":[{"floor":5,"key":"Gremlin Horn"},{"floor":6,"key":"Vajra"},{"floor":9,"key":"Whetstone"},{"floor":11,"key":"Frozen Egg 2"}],"event_choices":[{"event_name":"Golden Idol","player_choice":"Take Damage","floor":3,"damage_taken":0},{"event_name":"Living Wall","player_choice":"Forget","floor":4,"damage_taken":0},{"event_name":"Golden Wing","player_choice":"Card Removal","floor":13,"damage_taken":0}],"is_beta":false,"boss_relics":[{"not_picked":["Empty Cage","Snecko Eye"],"picked":"Orrery"}],"items_purged_floors":[20],"is_endless":false,"potions_floor_spawned":[1,6,7,11,19,21,22],"killed_by":"Gremlin Leader","ascension_level":9}