{"gold_per_floor":[114,114,128,147,111,111,145,157,182,182,193,118,118,134,134,205,205,216,216,45,45],"floor_reached":21,"playtime":789,"items_purged":["Strike_B"],"score":349,"play_id":"b295f051-9a3f-4cfd-baac-86632b13e28e","local_time":"20190712195036","is_ascension_mode":true,"campfire_choices":[{"floor":6,"key":"REST"},{"data":"Hologram","floor":13,"key":"SMITH"},{"floor":15,"key":"REST"}],"neow_cost":"NONE","seed_source_timestamp":1275915103847017,"circlet_count":0,"master_deck":["AscendersBane","Zap","Dualcast","Blizzard","Barrage","Sweeping Beam","Rip and Tear","Blizzard","Hologram+1","Echo Form","Creative AI","Biased Cognition","Buffer","Undo","Double Energy","Coolheaded","Leap","Echo Form","Capacitor","Fusion","Cold Snap"],"relics":["Runic Dome","Centennial Puzzle","Ancient Tea Set","Potion Belt","Pandora\u0027s Box"],"potions_floor_usage":[7,12],"damage_taken":[{"damage":2,"enemies":"Jaw Worm","floor":1,"turns":3},{"damage":5,"enemies":"Small Slimes","floor":3,"turns":4},{"damage":7,"enemies":"Cultist","floor":4,"turns":4},{"damage":32,"enemies":"Gremlin Nob","floor":7,"turns":4},{"damage":7,"enemies":"Looter","floor":8,"turns":4},{"damage":0,"enemies":"Lots of Slimes","floor":11,"turns":2},{"damage":3,"enemies":"Blue Slaver","floor":14,"turns":2},{"damage":32,"enemies":"Slime Boss","floor":16,"turns":10},{"damage":7,"enemies":"Spheric Guardian","floor":18,"turns":4},{"damage":66,"enemies":"3 Byrds","floor":21,"turns":3}],"seed_played":"-4643806047392760606","potions_obtained":[{"floor":3,"key":"Fire Potion"},{"floor":4,"key":"Ancient Potion"},{"floor":11,"key":"Fruit Juice"},{"floor":16,"key":"PowerPotion"}],"is_trial":false,"path_per_floor":["M","?","M","M","?","R","E","M","T","?","M","$","R","M","R","B",null,"M","?","$","M"],"character_chosen":"DEFECT","items_purchased":["Capacitor","Fusion","Cold Snap"],"campfire_rested":2,"item_purchase_floors":[20,20,20],"current_hp_per_floor":[62,51,46,39,39,60,28,21,21,21,21,26,26,23,45,13,60,53,53,53,0],"gold":45,"neow_bonus":"BOSS_RELIC","is_prod":false,"is_daily":false,"chose_seed":false,"campfire_upgraded":1,"win_rate":0,"timestamp":1562986236,"path_taken":["M","?","M","M","?","R","E","M","T","?","?","$","R","M","R","BOSS","M","?","$","M"],"build_version":"2019-07-05","purchased_purges":1,"victory":false,"max_hp_per_floor":[71,71,71,71,71,71,71,71,71,71,71,76,76,76,76,76,76,76,76,76,76],"card_choices":[{"not_picked":["Sweeping Beam","Compile Driver"],"picked":"Blizzard","floor":1},{"not_picked":["Steam","Conserve Battery"],"picked":"Barrage","floor":3},{"not_picked":["Compile Driver","FTL"],"picked":"Sweeping Beam","floor":4},{"not_picked":["Beam Cell","Reinforced Body"],"picked":"Rip and Tear","floor":7},{"not_picked":["Redo","Go for the Eyes"],"picked":"Blizzard","floor":8},{"not_picked":["Redo","Turbo"],"picked":"Hologram","floor":11},{"not_picked":["Redo","Steam"],"picked":"Echo Form","floor":14},{"not_picked":["Buffer","Rainbow"],"picked":"Creative AI","floor":16},{"not_picked":["Turbo","Streamline"],"picked":"Leap","floor":18}],"player_experience":1438695,"relics_obtained":[{"floor":7,"key":"Ancient Tea Set"},{"floor":9,"key":"Potion Belt"}],"event_choices":[{"damage_healed":0,"gold_gain":0,"player_choice":"Success","damage_taken":11,"relics_obtained":["Centennial Puzzle"],"max_hp_gain":0,"max_hp_loss":0,"event_name":"Scrap Ooze","floor":2,"gold_loss":0},{"damage_healed":0,"gold_gain":0,"player_choice":"Left Gold","damage_taken":0,"max_hp_gain":0,"max_hp_loss":0,"event_name":"World of Goop","floor":5,"gold_loss":36},{"cards_removed":["Defend_B"],"damage_healed":0,"gold_gain":0,"player_choice":"Offered Basic","damage_taken":0,"max_hp_gain":0,"max_hp_loss":0,"event_name":"Bonfire Elementals","floor":10,"gold_loss":0},{"damage_healed":0,"gold_gain":0,"cards_transformed":["Recycle"],"player_choice":"Transformed","damage_taken":0,"max_hp_gain":0,"max_hp_loss":0,"event_name":"Transmorgrifier","floor":19,"gold_loss":0,"cards_obtained":["Echo Form"]}],"is_beta":false,"boss_relics":[{"not_picked":["Sozu","Tiny House"],"picked":"Pandora\u0027s Box"}],"items_purged_floors":[12],"is_endless":false,"potions_floor_spawned":[3,4,11,16],"killed_by":"3 Byrds","ascension_level":19}