{"gold_per_floor":[117,137,153,153,166,166,166,185,233,248,268,268,287,287,287,287],"floor_reached":16,"playtime":531,"items_purged":[],"score":96,"play_id":"470e44d2-8747-41a0-9e6e-8483146f6eec","local_time":"20180913150215","is_ascension_mode":false,"campfire_choices":[{"data":"Rebound","floor":6,"key":"SMITH"},{"data":"FTL","floor":12,"key":"SMITH"},{"floor":15,"key":"REST"}],"neow_cost":"","seed_source_timestamp":1374169191515369,"circlet_count":0,"master_deck":["Strike_B","Strike_B","Strike_B","Defend_B","Defend_B","Defend_B","Defend_B","Zap","Dualcast","Rebound+1","Gash","Steam Power","Ball Lightning","FTL+1","Streamline"],"relics":["Cracked Core","Meat on the Bone","Pen Nib"],"potions_floor_usage":[10],"damage_taken":[{"damage":1,"enemies":"2 Louse","floor":1,"turns":2},{"damage":1,"enemies":"Cultist","floor":2,"turns":3},{"damage":1,"enemies":"Jaw Worm","floor":3,"turns":3},{"damage":10,"enemies":"Looter","floor":5,"turns":3},{"damage":6,"enemies":"Exordium Wildlife","floor":8,"turns":2},{"damage":10,"enemies":"Exordium Thugs","floor":10,"turns":3},{"damage":16,"enemies":"Large Slime","floor":11,"turns":3},{"damage":14,"enemies":"Exordium Wildlife","floor":13,"turns":2},{"damage":0,"enemies":"Slime Boss","floor":16,"turns":1}],"seed_played":"3889191272552553731","potions_obtained":[{"floor":2,"key":"EssenceOfSteel"},{"floor":5,"key":"Fruit Juice"},{"floor":10,"key":"SpeedPotion"},{"floor":11,"key":"SkillPotion"}],"is_trial":false,"path_per_floor":["M","M","M","?","M","R","?","M","T","M","M","R","M","?","R"],"character_chosen":"DEFECT","items_purchased":[],"campfire_rested":1,"item_purchase_floors":[],"current_hp_per_floor":[74,73,72,65,55,55,55,49,49,44,40,40,38,38,62,62],"gold":287,"neow_bonus":"","is_prod":false,"is_daily":false,"chose_seed":false,"campfire_upgraded":2,"win_rate":0,"timestamp":1536876135,"path_taken":["M","M","M","?","M","R","?","M","T","M","M","R","M","?","R","BOSS"],"build_version":"2018-09-06","purchased_purges":0,"victory":false,"max_hp_per_floor":[75,75,75,75,75,75,75,75,75,80,80,80,80,80,80,80],"card_choices":[{"not_picked":["Conserve Battery","Redo","Chill"],"picked":"SKIP","floor":1},{"not_picked":["Fusion","Coolheaded"],"picked":"Rebound","floor":2},{"not_picked":["Coolheaded","Leap","Steam"],"picked":"SKIP","floor":3},{"not_picked":["Reinforced Body","Coolheaded"],"picked":"Gash","floor":5},{"not_picked":["Turbo","Heatsinks"],"picked":"Steam Power","floor":8},{"not_picked":["Thunder Strike","Gash"],"picked":"Ball Lightning","floor":10},{"not_picked":["Hologram","Recycle"],"picked":"FTL","floor":11},{"not_picked":["Heatsinks","Barrage"],"picked":"Streamline","floor":13}],"player_experience":798017,"relics_obtained":[{"floor":9,"key":"Pen Nib"}],"event_choices":[{"event_name":"Scrap Ooze","player_choice":"success","floor":4,"damage_taken":7},{"event_name":"Dead Adventurer","player_choice":"Searched \u00271\u0027 times","floor":7,"damage_taken":0},{"event_name":"Bonfire Elementals","player_choice":"BASIC","floor":14,"damage_taken":0}],"is_beta":false,"boss_relics":[],"items_purged_floors":[],"is_endless":false,"potions_floor_spawned":[2,5,10,11],"killed_by":"Slime Boss","ascension_level":0}