{"gold_per_floor":[114,132,144,154,10,10,37,53,53,63,77,77,77,97,97,174,174,190,200,6,6,23,23,34,34],"floor_reached":25,"playtime":1557,"items_purged":["Defend_B"],"score":366,"play_id":"00e553a9-e924-46f3-9058-cbab068b0d48","local_time":"20190309151348","is_ascension_mode":true,"campfire_choices":[{"floor":6.0,"key":"REST"},{"floor":13,"key":"DIG"},{"floor":15,"key":"REST"},{"floor":23,"key":"DIG"}],"neow_cost":"TEN_PERCENT_HP_LOSS","seed_source_timestamp":0,"circlet_count":0,"master_deck":["AscendersBane","Strike_B","Strike_B","Strike_B","Strike_B","Defend_B","Defend_B","Defend_B","Zap","Dualcast","Ball Lightning","Auto Shields","Loop","Rip and Tear","Barrage","BootSequence","Conserve Battery","Rebound","Buffer","Electrodynamics","White Noise","Capacitor","Amplify","Defragment","Tempest","Capacitor"],"special_seed":0,"relics":["Cracked Core","Shovel","Kunai","Letter Opener","Darkstone Periapt","Nuclear Battery","Shuriken"],"potions_floor_usage":[16,16,22],"damage_taken":[{"damage":1.0,"enemies":"Cultist","floor":1.0,"turns":3.0},{"damage":12.0,"enemies":"Small Slimes","floor":2.0,"turns":3.0},{"damage":7.0,"enemies":"Jaw Worm","floor":3.0,"turns":2.0},{"damage":18.0,"enemies":"Lots of Slimes","floor":4.0,"turns":4.0},{"damage":16.0,"enemies":"Gremlin Nob","floor":7.0,"turns":4.0},{"damage":1.0,"enemies":"2 Fungi Beasts","floor":8.0,"turns":3.0},{"damage":1.0,"enemies":"Exordium Thugs","floor":10.0,"turns":4.0},{"damage":10.0,"enemies":"Gremlin Gang","floor":11.0,"turns":3.0},{"damage":2,"enemies":"3 Louse","floor":14,"turns":3},{"damage":31,"enemies":"Hexaghost","floor":16,"turns":10},{"damage":13,"enemies":"2 Thieves","floor":18,"turns":4},{"damage":6,"enemies":"Chosen","floor":19,"turns":4},{"damage":16,"enemies":"Snake Plant","floor":22,"turns":4},{"damage":12,"enemies":"3 Cultists","floor":24,"turns":3},{"damage":17,"enemies":"Cultist and Chosen","floor":25,"turns":4}],"seed_played":"-6497435837766652075","potions_obtained":[{"floor":1.0,"key":"Dexterity Potion"},{"floor":2.0,"key":"SkillPotion"},{"floor":7.0,"key":"Fire Potion"},{"floor":11.0,"key":"AttackPotion"},{"floor":18,"key":"SteroidPotion"}],"is_trial":false,"path_per_floor":["M","M","M","M","$","R","E","M","T","M","M","?","R","M","R","B",null,"M","M","$","?","M","R","M","M"],"character_chosen":"DEFECT","items_purchased":["Rip and Tear","Capacitor","Amplify"],"campfire_rested":2,"item_purchase_floors":[5,20,20],"current_hp_per_floor":[63,51,44,26,26,45,29,28,28,27,17,17,17,15,34,3,49,36,30,30,30,14,14,2,0],"gold":34,"neow_bonus":"ONE_RARE_RELIC","is_prod":false,"is_daily":false,"chose_seed":false,"campfire_upgraded":0,"win_rate":0,"timestamp":1552173228,"path_taken":["M","M","M","M","?","R","E","M","T","?","M","?","R","M","R","BOSS","M","M","$","?","M","R","M","M"],"build_version":"2019-01-23","purchased_purges":1,"victory":false,"max_hp_per_floor":[64,64,64,64,64,64,64,64,64,64,64,64,64,64,64,64,64,64,64,64,64,64,64,64,64],"card_choices":[{"not_picked":["Steam","Rebound"],"picked":"Ball Lightning","floor":1.0},{"not_picked":["Darkness","Go for the Eyes","Redo"],"picked":"SKIP","floor":2.0},{"not_picked":["Streamline","Coolheaded"],"picked":"Auto Shields","floor":3.0},{"not_picked":["Rebound","Hologram"],"picked":"Loop","floor":4.0},{"not_picked":["Hologram","Biased Cognition"],"picked":"Barrage","floor":7.0},{"not_picked":["Go for the Eyes","Barrage"],"picked":"BootSequence","floor":8.0},{"not_picked":["Darkness","Chill"],"picked":"Conserve Battery","floor":10.0},{"not_picked":["Go for the Eyes","Cold Snap"],"picked":"Rebound","floor":11.0},{"not_picked":["Barrage","Stack"],"picked":"Buffer","floor":14},{"not_picked":["Meteor Strike","All For One"],"picked":"Electrodynamics","floor":16},{"not_picked":["Streamline","Chill"],"picked":"White Noise","floor":18},{"not_picked":["Sweeping Beam+1","Steam","Compile Driver"],"picked":"SKIP","floor":19},{"not_picked":["Turbo","Coolheaded"],"picked":"Tempest","floor":22},{"not_picked":["Force Field","Sweeping Beam+1"],"picked":"Capacitor","floor":24}],"player_experience":1211953,"relics_obtained":[{"floor":7.0,"key":"Kunai"},{"floor":9.0,"key":"Letter Opener"},{"floor":13,"key":"Darkstone Periapt"},{"floor":23,"key":"Shuriken"}],"event_choices":[{"damage_healed":0,"gold_gain":0,"player_choice":"Searched \u00270\u0027 times","damage_taken":0,"max_hp_gain":0,"max_hp_loss":0,"event_name":"Dead Adventurer","floor":12,"gold_loss":0},{"damage_healed":0,"gold_gain":0,"player_choice":"Read","damage_taken":0,"max_hp_gain":0,"max_hp_loss":0,"event_name":"The Library","floor":21,"gold_loss":0,"cards_obtained":["Defragment"]}],"is_beta":false,"boss_relics":[{"not_picked":["Coffee Dripper","Philosopher\u0027s Stone"],"picked":"Nuclear Battery"}],"items_purged_floors":[5],"is_endless":false,"potions_floor_spawned":[1,2,7,11,18],"killed_by":"Cultist and Chosen","ascension_level":15}