{"gold_per_floor":[114,129,146,146,221,221,265,190,236,269,289,309,309,332,332,427,427,442,492,542,300,324,324,367,387,414,429,453,453,453,467,467,562,562,583,708,708,131,151,151,186,242,290,290,314,347,19,43,43,43,43],"floor_reached":52,"playtime":6326,"items_purged":["Strike_R","Defend_R"],"score":1909,"play_id":"8f9a3997-9f69-43ac-ac39-acb5ca9e5e11","local_time":"20190707182049","is_ascension_mode":true,"campfire_choices":[{"data":"Whirlwind","floor":6.0,"key":"SMITH"},{"data":"Berserk","floor":15.0,"key":"SMITH"},{"data":"Inflame","floor":23.0,"key":"SMITH"},{"data":"Impervious","floor":30.0,"key":"SMITH"},{"data":"Pommel Strike","floor":32.0,"key":"SMITH"},{"data":"Impervious","floor":40.0,"key":"SMITH"},{"floor":44.0,"key":"DIG"},{"floor":49.0,"key":"DIG"}],"neow_cost":"NONE","seed_source_timestamp":0,"circlet_count":0,"master_deck":["AscendersBane","Defend_R","Defend_R","Bash+1","Headbutt","Anger","Whirlwind+1","Shrug It Off","Berserk+1","Impervious+1","Inflame+1","Thunderclap+1","Disarm","Clothesline+1","Pommel Strike+1","Impervious+1","Havoc+1","Warcry+1","Offering+1","Shrug It Off","Outmaneuver+1","Calculated Gamble","Impatience","Flechettes+1","Finesse","Stack"],"special_seed":0,"relics":["Burning Blood","Golden Idol","Red Skull","Orichalcum","Oddly Smooth Stone","Coffee Dripper","PreservedInsect","Boot","Lantern","Astrolabe","Pocketwatch","Blood Vial","PrismaticShard","Bag of Preparation","Shovel","Juzu Bracelet","Bag of Marbles","Whetstone","Lee\u0027s Waffle","Torii"],"potions_floor_usage":[51],"damage_taken":[{"damage":10.0,"enemies":"Small Slimes","floor":1.0,"turns":3.0},{"damage":1.0,"enemies":"2 Louse","floor":2.0,"turns":4.0},{"damage":7.0,"enemies":"Jaw Worm","floor":3.0,"turns":3.0},{"damage":15.0,"enemies":"3 Sentries","floor":7.0,"turns":5.0},{"damage":21.0,"enemies":"Lagavulin","floor":10.0,"turns":5.0},{"damage":3.0,"enemies":"Large Slime","floor":11.0,"turns":3.0},{"damage":0.0,"enemies":"Lots of Slimes","floor":12.0,"turns":1.0},{"damage":0.0,"enemies":"2 Fungi Beasts","floor":14.0,"turns":2.0},{"damage":35.0,"enemies":"Slime Boss","floor":16.0,"turns":8.0},{"damage":24.0,"enemies":"Shell Parasite","floor":18.0,"turns":4.0},{"damage":12.0,"enemies":"Spheric Guardian","floor":22.0,"turns":5.0},{"damage":12.0,"enemies":"Book of Stabbing","floor":24.0,"turns":4.0},{"damage":10.0,"enemies":"Centurion and Healer","floor":25.0,"turns":3.0},{"damage":0.0,"enemies":"Snecko","floor":27.0,"turns":5.0},{"damage":10.0,"enemies":"Chosen and Byrds","floor":28.0,"turns":6.0},{"damage":8.0,"enemies":"Snake Plant","floor":31.0,"turns":3.0},{"damage":40.0,"enemies":"Automaton","floor":33.0,"turns":7.0},{"damage":6.0,"enemies":"Orb Walker","floor":35.0,"turns":2.0},{"damage":16.0,"enemies":"Mind Bloom Boss Battle","floor":36.0,"turns":7.0},{"damage":10.0,"enemies":"3 Shapes","floor":39.0,"turns":4.0},{"damage":6.0,"enemies":"Giant Head","floor":41.0,"turns":5.0},{"damage":31.0,"enemies":"2 Orb Walkers","floor":42.0,"turns":3.0},{"damage":0.0,"enemies":"3 Darklings","floor":45.0,"turns":2.0},{"damage":6.0,"enemies":"Reptomancer","floor":46.0,"turns":2.0},{"damage":11.0,"enemies":"4 Shapes","floor":48.0,"turns":4.0},{"damage":49.0,"enemies":"Awakened One","floor":50.0,"turns":10.0},{"damage":24,"enemies":"Donu and Deca","floor":51,"turns":6}],"seed_played":"-1978972939792795712","potions_obtained":[{"floor":2.0,"key":"Weak Potion"},{"floor":3.0,"key":"PowerPotion"},{"floor":7.0,"key":"SteroidPotion"},{"floor":11.0,"key":"Ancient Potion"},{"floor":16.0,"key":"SpeedPotion"},{"floor":18.0,"key":"EssenceOfSteel"},{"floor":25.0,"key":"Poison Potion"},{"floor":31.0,"key":"BloodPotion"},{"floor":33.0,"key":"Block Potion"},{"floor":36.0,"key":"SpeedPotion"},{"floor":39.0,"key":"Fire Potion"},{"floor":41.0,"key":"Regen Potion"},{"floor":45.0,"key":"AttackPotion"},{"floor":46.0,"key":"SkillPotion"}],"is_trial":false,"path_per_floor":["M","M","M","?","?","R","E","?","T","E","M","M","?","M","R","B",null,"M","?","?","$","M","R","E","M","T","M","M","?","R","M","R","B",null,"M","?","?","$","M","R","E","?","T","R","M","E","$","M","R","B","B",null],"character_chosen":"IRONCLAD","items_purchased":["PreservedInsect","Blood Vial","PrismaticShard","Shrug It Off","Strength Potion","Lee\u0027s Waffle","Finesse"],"campfire_rested":0,"item_purchase_floors":[21,38,38,38,38,47,47],"current_hp_per_floor":[64,69,68,68,57,57,48,48,48,33,36,42,35,41,41,12,54,36,36,30,30,24,24,18,14,14,20,16,30,30,28,28,11,54,54,44,44,44,42,42,44,30,30,30,38,40,75,70,70,29,13],"gold":43,"neow_bonus":"TRANSFORM_CARD","is_prod":false,"is_daily":false,"chose_seed":false,"campfire_upgraded":6,"win_rate":0,"timestamp":1562538049,"path_taken":["M","M","M","?","?","R","E","?","T","E","M","M","?","M","R","BOSS","M","?","?","$","M","R","E","M","T","?","M","?","R","M","R","BOSS","M","?","?","$","M","R","E","?","T","R","M","E","?","M","R","BOSS","BOSS"],"build_version":"2019-07-05","purchased_purges":2,"victory":true,"max_hp_per_floor":[75,75,75,68,68,68,68,68,68,68,68,68,68,68,68,68,68,68,68,68,68,68,68,68,68,68,68,68,68,68,68,68,68,68,68,68,68,68,68,68,68,68,68,68,68,68,75,75,75,75,75],"card_choices":[{"not_picked":["Flex","True Grit"],"picked":"Headbutt","floor":1.0},{"not_picked":["Carnage","True Grit"],"picked":"Anger","floor":2.0},{"not_picked":["Iron Wave","Evolve"],"picked":"Whirlwind","floor":3.0},{"not_picked":["Anger","Havoc"],"picked":"Shrug It Off","floor":7.0},{"not_picked":["Rampage","Warcry","Perfected Strike"],"picked":"SKIP","floor":10.0},{"not_picked":["Clash","Second Wind","Flex"],"picked":"SKIP","floor":11.0},{"not_picked":["Warcry","Heavy Blade"],"picked":"Berserk","floor":12.0},{"not_picked":["Infernal Blade","Second Wind","Carnage"],"picked":"SKIP","floor":14.0},{"not_picked":["Dark Embrace","Bludgeon"],"picked":"Impervious","floor":16.0},{"not_picked":["Headbutt","Anger+1"],"picked":"Inflame","floor":18.0},{"not_picked":["Power Through","Body Slam"],"picked":"Thunderclap","floor":22.0},{"not_picked":["Uppercut","Clash"],"picked":"Disarm","floor":24.0},{"not_picked":["True Grit","Clash","Perfected Strike"],"picked":"SKIP","floor":25.0},{"not_picked":["Ghostly Armor","True Grit"],"picked":"Clothesline+1","floor":27.0},{"not_picked":["Pummel+1","Clothesline"],"picked":"Shockwave","floor":28.0},{"not_picked":["Armaments","Clash"],"picked":"Pommel Strike","floor":31.0},{"not_picked":["Feed","Demon Form"],"picked":"Impervious","floor":33.0},{"not_picked":["Perfected Strike","Body Slam","Armaments"],"picked":"SKIP","floor":35.0},{"not_picked":["Amplify","Stack"],"picked":"Outmaneuver+1","floor":39.0},{"not_picked":["Wild Strike","Flame Barrier"],"picked":"Calculated Gamble","floor":41.0},{"not_picked":["Beam Cell","Compile Driver"],"picked":"Impatience","floor":45.0},{"not_picked":["Electrodynamics","Carnage"],"picked":"Flechettes+1","floor":46.0},{"not_picked":["Iron Wave+1","Genetic Algorithm"],"picked":"Stack","floor":48.0}],"player_experience":223186,"relics_obtained":[{"floor":7.0,"key":"Red Skull"},{"floor":9.0,"key":"Orichalcum"},{"floor":10.0,"key":"Oddly Smooth Stone"},{"floor":24.0,"key":"Boot"},{"floor":26.0,"key":"Lantern"},{"floor":36.0,"key":"Pocketwatch"},{"floor":41.0,"key":"Bag of Preparation"},{"floor":42.0,"key":"Shovel"},{"floor":43.0,"key":"Juzu Bracelet"},{"floor":44.0,"key":"Bag of Marbles"},{"floor":46.0,"key":"Whetstone"},{"floor":49.0,"key":"Torii"}],"event_choices":[{"damage_healed":0.0,"max_hp_gain":0.0,"max_hp_loss":7.0,"gold_gain":0.0,"event_name":"Golden Idol","player_choice":"Lose Max HP","floor":4.0,"gold_loss":0.0,"damage_taken":0.0,"relics_obtained":["Golden Idol"]},{"damage_healed":0.0,"max_hp_gain":0.0,"max_hp_loss":0.0,"gold_gain":75.0,"event_name":"World of Goop","player_choice":"Gather Gold","floor":5.0,"gold_loss":0.0,"damage_taken":11.0},{"cards_removed":["Strike_R"],"damage_healed":0.0,"max_hp_gain":0.0,"max_hp_loss":0.0,"gold_gain":0.0,"event_name":"The Cleric","player_choice":"Card Removal","floor":8.0,"gold_loss":75.0,"damage_taken":0.0},{"cards_removed":["Strike_R"],"damage_healed":0.0,"max_hp_gain":0.0,"max_hp_loss":0.0,"gold_gain":0.0,"event_name":"Golden Wing","player_choice":"Card Removal","floor":13.0,"gold_loss":0.0,"damage_taken":7.0},{"damage_healed":0.0,"max_hp_gain":0.0,"max_hp_loss":0.0,"gold_gain":50.0,"event_name":"Nest","player_choice":"Stole From Cult","floor":19.0,"gold_loss":0.0,"damage_taken":0.0},{"damage_healed":0.0,"max_hp_gain":0.0,"max_hp_loss":0.0,"gold_gain":50.0,"event_name":"FaceTrader","player_choice":"Touch","floor":20.0,"gold_loss":0.0,"damage_taken":6.0},{"damage_healed":14.0,"max_hp_gain":0.0,"max_hp_loss":0.0,"gold_gain":0.0,"event_name":"The Library","player_choice":"Heal","floor":29.0,"gold_loss":0.0,"damage_taken":0.0},{"damage_healed":0.0,"max_hp_gain":0.0,"max_hp_loss":0.0,"gold_gain":0.0,"event_name":"MindBloom","player_choice":"Fight","floor":36.0,"gold_loss":0.0,"damage_taken":0.0},{"cards_removed":["Shockwave"],"damage_healed":0.0,"max_hp_gain":0.0,"max_hp_loss":0.0,"gold_gain":0.0,"event_name":"Falling","player_choice":"Removed Skill","floor":37.0,"gold_loss":0.0,"damage_taken":0.0},{"damage_healed":0.0,"max_hp_gain":0.0,"max_hp_loss":0.0,"gold_gain":0.0,"event_name":"Mysterious Sphere","player_choice":"Fight","floor":42.0,"gold_loss":0.0,"damage_taken":0.0}],"is_beta":false,"boss_relics":[{"not_picked":["Pandora\u0027s Box","Runic Dome"],"picked":"Coffee Dripper"},{"not_picked":["White Beast Statue","Cursed Key"],"picked":"Astrolabe"}],"items_purged_floors":[21,38],"is_endless":false,"potions_floor_spawned":[2,3,7,11,16,18,25,31,33,36,39,41,45,46],"ascension_level":20}