{"gold_per_floor":[112,37,47,64,64,64,96,96,96,109,109,128,157,176,176,276,276,290,306,326,75,87,118,135,135,135,135],"floor_reached":27,"playtime":3311,"items_purged":["Strike_B"],"score":272,"play_id":"1c849484-99ff-48e1-ad11-9e9c884a96bf","local_time":"20190407101207","is_ascension_mode":true,"campfire_choices":[{"data":"Zap","floor":6,"key":"SMITH"},{"data":"Fusion","floor":8,"key":"SMITH"},{"data":"Coolheaded","floor":11,"key":"SMITH"},{"data":"Redo","floor":15,"key":"SMITH"},{"floor":25,"key":"REST"}],"neow_cost":"NONE","seed_source_timestamp":684691567022169,"circlet_count":0,"master_deck":["Defend_B","Defend_B","Defend_B","Defend_B","Zap+1","Dualcast","Rainbow","Capacitor","Undo","Coolheaded+1","Fusion+1","Creative AI","Compile Driver","Seek","Redo+1","Machine Learning","Buffer+1","Streamline+1","Genetic Algorithm+1","Consume","BootSequence+1","Barrage","Ball Lightning+1","Sweeping Beam"],"relics":["Cracked Core","Darkstone Periapt","Bag of Preparation","PreservedInsect","Astrolabe","Frozen Egg 2","Kunai","Toxic Egg 2"],"potions_floor_usage":[7,13,16,16,16,20,22,22],"damage_taken":[{"damage":6,"enemies":"2 Louse","floor":1,"turns":2},{"damage":0,"enemies":"Cultist","floor":3,"turns":4},{"damage":2,"enemies":"Jaw Worm","floor":4,"turns":4},{"damage":1,"enemies":"Lagavulin","floor":7,"turns":4},{"damage":17,"enemies":"Lots of Slimes","floor":10,"turns":4},{"damage":0,"enemies":"2 Fungi Beasts","floor":12,"turns":3},{"damage":15,"enemies":"Gremlin Nob","floor":13,"turns":5},{"damage":0,"enemies":"Large Slime","floor":14,"turns":3},{"damage":25,"enemies":"Slime Boss","floor":16,"turns":9},{"damage":0,"enemies":"Chosen","floor":18,"turns":6},{"damage":18,"enemies":"Spheric Guardian","floor":19,"turns":6},{"damage":0,"enemies":"Snecko","floor":20,"turns":6},{"damage":28,"enemies":"3 Cultists","floor":22,"turns":10},{"damage":35,"enemies":"Gremlin Leader","floor":23,"turns":8},{"damage":4,"enemies":"Cultist and Chosen","floor":24,"turns":6},{"damage":27,"enemies":"Slavers","floor":27,"turns":3}],"seed_played":"7296174063104355743","potions_obtained":[{"floor":3,"key":"FocusPotion"},{"floor":5,"key":"Swift Potion"},{"floor":5,"key":"PowerPotion"},{"floor":7,"key":"Energy Potion"},{"floor":13,"key":"Swift Potion"},{"floor":18,"key":"Weak Potion"},{"floor":19,"key":"Regen Potion"},{"floor":20,"key":"EssenceOfSteel"}],"is_trial":false,"path_per_floor":["M","$","M","M","?","R","E","R","T","M","R","M","E","M","R","B",null,"M","M","M","$","M","E","M","R","T","E"],"character_chosen":"DEFECT","items_purchased":["Frozen Egg 2"],"campfire_rested":1,"item_purchase_floors":[21],"current_hp_per_floor":[69,69,69,67,67,67,66,66,66,49,49,49,34,34,34,9,75,75,57,71,71,43,8,4,26,26,0],"gold":135,"neow_bonus":"ONE_RANDOM_RARE_CARD","is_prod":false,"is_daily":false,"chose_seed":false,"campfire_upgraded":4,"win_rate":0,"timestamp":1554624727,"path_taken":["M","$","M","M","?","R","E","R","T","M","R","M","E","M","R","BOSS","M","?","M","$","M","E","M","R","T","E"],"build_version":"2019-04-04","purchased_purges":1,"victory":false,"max_hp_per_floor":[75,75,75,75,75,75,75,75,75,75,75,75,75,75,75,75,75,75,75,75,75,75,75,75,75,75,75],"card_choices":[{"not_picked":["Conserve Battery","Tempest"],"picked":"Capacitor","floor":1},{"not_picked":["Reprogram","Hello World"],"picked":"Undo","floor":3},{"not_picked":["Barrage","Compile Driver"],"picked":"Coolheaded","floor":4},{"not_picked":["Coolheaded","Skim"],"picked":"Fusion","floor":7},{"not_picked":["Turbo","BootSequence"],"picked":"Creative AI","floor":10},{"not_picked":["Redo","Steam"],"picked":"Compile Driver","floor":12},{"not_picked":["Leap","Compile Driver"],"picked":"Seek","floor":13},{"not_picked":["Barrage","Conserve Battery"],"picked":"Redo","floor":14},{"not_picked":["Hyperbeam","Fission"],"picked":"Machine Learning","floor":16},{"not_picked":["Go for the Eyes","Sweeping Beam"],"picked":"Consume","floor":18},{"not_picked":["Skim+1","Cold Snap+1"],"picked":"BootSequence+1","floor":19},{"not_picked":["Streamline","Barrage","Defragment"],"picked":"SKIP","floor":20},{"not_picked":["Go for the Eyes","Steam"],"picked":"Barrage","floor":22},{"not_picked":["Machine Learning+1","Aggregate+1"],"picked":"Ball Lightning+1","floor":23},{"not_picked":["Cold Snap+1","Chaos"],"picked":"Sweeping Beam","floor":24}],"player_experience":299307,"relics_obtained":[{"floor":7,"key":"Darkstone Periapt"},{"floor":9,"key":"Bag of Preparation"},{"floor":13,"key":"PreservedInsect"},{"floor":23,"key":"Kunai"},{"floor":26,"key":"Toxic Egg 2"}],"event_choices":[{"damage_healed":0,"gold_gain":0,"player_choice":"Got Potions","damage_taken":0,"max_hp_gain":0,"max_hp_loss":0,"event_name":"Lab","floor":5,"gold_loss":0}],"is_beta":true,"boss_relics":[{"not_picked":["Sozu","White Beast Statue"],"picked":"Astrolabe"}],"items_purged_floors":[2],"is_endless":false,"potions_floor_spawned":[3,7,13,18,19,20],"killed_by":"Slavers","ascension_level":2}