{"gold_per_floor":[167,92,92,103,103,103,147,147,147,163,202,215,215,239,239,359,359,383,38,42,142,57,57,57,57],"floor_reached":25,"playtime":9661,"items_purged":["Defend_B","Strike_B"],"score":219,"play_id":"7ec9ee07-398f-4384-8a68-d21bfdedec6c","local_time":"20180813095017","is_ascension_mode":true,"campfire_choices":[{"data":"Fusion","floor":6.0,"key":"SMITH"},{"floor":8.0,"key":"REST"},{"floor":13.0,"key":"REST"},{"data":"Creative AI","floor":15.0,"key":"SMITH"},{"floor":23,"key":"REST"}],"neow_cost":"NONE","seed_source_timestamp":0,"circlet_count":0,"master_deck":["Strike_B","Defend_B+1","Defend_B+1","Zap","Dualcast","Fusion+1","Turbo+1","Skim","Reinforced Body","Tempest","Creative AI+1","Hologram","Fission","Conserve Battery","Conserve Battery","Heatsinks"],"special_seed":0,"relics":["Tiny House","Golden Idol","War Paint","Ginger","Singing Bowl","Empty Cage","Strange Spoon","Dead Branch"],"potions_floor_usage":[20,20],"damage_taken":[{"damage":0.0,"enemies":"2 Louse","floor":1.0,"turns":4.0},{"damage":0.0,"enemies":"Jaw Worm","floor":4.0,"turns":4.0},{"damage":41.0,"enemies":"3 Sentries","floor":7.0,"turns":9.0},{"damage":0.0,"enemies":"Cultist","floor":10.0,"turns":4.0},{"damage":20.0,"enemies":"Gremlin Nob","floor":11.0,"turns":5.0},{"damage":0.0,"enemies":"3 Louse","floor":12.0,"turns":2.0},{"damage":1.0,"enemies":"2 Fungi Beasts","floor":14.0,"turns":3.0},{"damage":29.0,"enemies":"Slime Boss","floor":16.0,"turns":9.0},{"damage":27.0,"enemies":"Shell Parasite","floor":18.0,"turns":10.0},{"damage":33,"enemies":"2 Thieves","floor":20,"turns":5},{"damage":53,"enemies":"3 Cultists","floor":25,"turns":5}],"seed_played":"1228678089955583431","potions_obtained":[{"floor":0.0,"key":"SneckoOil"},{"floor":1.0,"key":"PowerPotion"},{"floor":7.0,"key":"GamblersBrew"},{"floor":11.0,"key":"Weak Potion"}],"is_trial":false,"path_per_floor":["M","$","?","M","?","R","E","R","T","M","E","M","R","M","R","B",null,"M","$","M","?","?","R","?"],"character_chosen":"DEFECT","items_purchased":["Strange Spoon","Conserve Battery"],"campfire_rested":3,"item_purchase_floors":[19,19],"current_hp_per_floor":[80,80,73,73,53,53,12,36,36,36,16,16,40,41,41,12,82,57,57,24,24,24,49,49,0],"gold":57,"neow_bonus":"BOSS_RELIC","is_prod":false,"is_daily":false,"chose_seed":false,"campfire_upgraded":2,"win_rate":0,"timestamp":1534179017,"path_taken":["M","$","?","?","?","R","E","R","T","M","E","M","R","M","R","BOSS","M","$","M","?","?","R","?","?"],"build_version":"2018-08-09","purchased_purges":2,"victory":false,"max_hp_per_floor":[80,80,80,80,80,80,80,80,80,80,80,80,80,82,82,82,82,84,84,84,84,84,84,84,84],"card_choices":[{"not_picked":["Consume","Sweeping Beam"],"picked":"Fusion","floor":0.0},{"not_picked":["Go for the Eyes","Darkness"],"picked":"Turbo","floor":1.0},{"not_picked":["Rebound","Go for the Eyes"],"picked":"Skim","floor":4.0},{"not_picked":["Scrape","Beam Cell"],"picked":"Reinforced Body","floor":7.0},{"not_picked":["Barrage","Streamline"],"picked":"Tempest","floor":10.0},{"not_picked":["Sweeping Beam","Auto Shields"],"picked":"Creative AI","floor":11.0},{"not_picked":["Cold Snap","Steam Power"],"picked":"Hologram","floor":12.0},{"not_picked":["Sweeping Beam","Ball Lightning","Rebound"],"picked":"Singing Bowl","floor":14.0},{"not_picked":["Reboot","Seek"],"picked":"Fission","floor":16.0},{"not_picked":["Compile Driver","Go for the Eyes","Barrage+1"],"picked":"Singing Bowl","floor":18.0},{"not_picked":["White Noise","Rebound"],"picked":"Conserve Battery","floor":20}],"player_experience":618825,"relics_obtained":[{"floor":7.0,"key":"War Paint"},{"floor":9.0,"key":"Ginger"},{"floor":11.0,"key":"Singing Bowl"}],"event_choices":[{"event_name":"Golden Wing","player_choice":"Card Removal","floor":3.0,"damage_taken":0.0},{"event_name":"Golden Idol","player_choice":"Take Damage","floor":5.0,"damage_taken":0.0},{"event_name":"Golden Shrine","player_choice":"Pray","floor":21,"damage_taken":0},{"event_name":"Addict","player_choice":"Obtained Relic","floor":22,"damage_taken":0},{"event_name":"The Library","player_choice":"Read","floor":24,"damage_taken":0}],"is_beta":false,"boss_relics":[{"not_picked":["Pandora\u0027s Box","Lizard Tail"],"picked":"Empty Cage"}],"items_purged_floors":[2,19],"is_endless":false,"potions_floor_spawned":[1,7,10,11],"killed_by":"3 Cultists","ascension_level":1}