{"gold_per_floor":[210,84,159,174,174,201,59,69,94,94,42,42,42,61,61,157,157,168,183,282,282,302,302],"floor_reached":23,"playtime":1545,"items_purged":["Strike_R"],"score":189,"play_id":"467f0d2d-f73b-4528-a490-384b66e530e5","local_time":"20190811080210","is_ascension_mode":false,"campfire_choices":[{"data":"Whirlwind","floor":10,"key":"SMITH"},{"data":"Armaments","floor":13,"key":"SMITH"},{"data":"Evolve","floor":15,"key":"SMITH"}],"neow_cost":"NONE","seed_source_timestamp":1241111262100,"circlet_count":0,"master_deck":["Strike_R","Strike_R","Strike_R","Strike_R","Defend_R","Defend_R","Defend_R","Defend_R","Bash","Evolve+1","Whirlwind+1","Armaments+1","Ghostly Armor","Power Through","Battle Trance","Reckless Charge","Juggernaut","Shrug It Off","Body Slam"],"relics":["Burning Blood","Ancient Tea Set","Orichalcum","PreservedInsect","Black Star","Paper Frog"],"potions_floor_usage":[16,16],"damage_taken":[{"damage":10,"enemies":"Cultist","floor":1,"turns":4},{"damage":0,"enemies":"2 Louse","floor":4,"turns":1},{"damage":38,"enemies":"3 Sentries","floor":6,"turns":7},{"damage":5,"enemies":"Small Slimes","floor":8,"turns":5},{"damage":1,"enemies":"Blue Slaver","floor":14,"turns":2},{"damage":15,"enemies":"Hexaghost","floor":16,"turns":8},{"damage":32,"enemies":"3 Byrds","floor":18,"turns":6},{"damage":9,"enemies":"Chosen","floor":19,"turns":6},{"damage":25,"enemies":"Snake Plant","floor":22,"turns":5},{"damage":39,"enemies":"Gremlin Leader","floor":23,"turns":2}],"seed_played":"-5878016095031248341","potions_obtained":[{"floor":4,"key":"SpeedPotion"},{"floor":14,"key":"LiquidBronze"}],"is_trial":false,"path_per_floor":["M","$","?","M","?","E","$","M","T","R","$","T","R","M","R","B",null,"M","M","?","?","M","E"],"character_chosen":"IRONCLAD","items_purchased":["Whirlwind","Armaments","Battle Trance","Strength Potion"],"campfire_rested":0,"item_purchase_floors":[2,2,7,11],"current_hp_per_floor":[76,76,65,71,71,39,39,40,40,40,40,40,40,45,45,36,80,54,51,51,51,32,0],"gold":302,"neow_bonus":"HUNDRED_GOLD","is_prod":false,"is_daily":false,"chose_seed":false,"campfire_upgraded":3,"win_rate":0,"timestamp":1565481730,"path_taken":["M","?","?","M","?","E","$","M","T","R","?","?","R","M","R","BOSS","M","M","?","?","M","E"],"build_version":"2019-07-17","purchased_purges":1,"victory":false,"max_hp_per_floor":[80,80,80,80,80,80,80,80,80,80,80,80,80,80,80,80,80,80,80,80,80,80,80],"card_choices":[{"not_picked":["Sword Boomerang","Iron Wave"],"picked":"Evolve","floor":1},{"not_picked":["Flex","Cleave"],"picked":"Ghostly Armor","floor":4},{"not_picked":["Rage","Uppercut"],"picked":"Power Through","floor":6},{"not_picked":["Twin Strike","Blood for Blood","Perfected Strike"],"picked":"SKIP","floor":8},{"not_picked":["Dropkick","Iron Wave"],"picked":"Reckless Charge","floor":14},{"not_picked":["Double Tap","Offering"],"picked":"Juggernaut","floor":16},{"not_picked":["Cleave","Clothesline"],"picked":"Shrug It Off","floor":18},{"not_picked":["Havoc","Warcry"],"picked":"Body Slam","floor":19},{"not_picked":["Rage+1","True Grit","Perfected Strike+1"],"picked":"SKIP","floor":22}],"player_experience":37697,"relics_obtained":[{"floor":6,"key":"Ancient Tea Set"},{"floor":9,"key":"Orichalcum"},{"floor":12,"key":"PreservedInsect"}],"event_choices":[{"damage_healed":0,"gold_gain":75,"player_choice":"Gather Gold","damage_taken":11,"max_hp_gain":0,"max_hp_loss":0,"event_name":"World of Goop","floor":3,"gold_loss":0},{"damage_healed":0,"gold_gain":0,"player_choice":"Ignored","damage_taken":0,"max_hp_gain":0,"max_hp_loss":0,"event_name":"Liars Game","floor":5,"gold_loss":0},{"damage_healed":0,"gold_gain":99,"player_choice":"Stole From Cult","damage_taken":0,"max_hp_gain":0,"max_hp_loss":0,"event_name":"Nest","floor":20,"gold_loss":0},{"damage_healed":0,"gold_gain":0,"player_choice":"Opened","damage_taken":0,"relics_obtained":["Paper Frog"],"max_hp_gain":0,"max_hp_loss":0,"event_name":"The Mausoleum","floor":21,"gold_loss":0}],"is_beta":false,"boss_relics":[{"not_picked":["Philosopher\u0027s Stone","Velvet Choker"],"picked":"Black Star"}],"items_purged_floors":[7],"is_endless":false,"potions_floor_spawned":[4,14],"killed_by":"Gremlin Leader","ascension_level":0}