{"gold_per_floor":[117,117,141,141,141,141,141,165,165,229,229,229],"floor_reached":12,"playtime":422,"items_purged":[],"score":133,"play_id":"2f37b234-0e81-429a-bc15-79022d39ed0d","local_time":"20190809002016","is_ascension_mode":true,"campfire_choices":[{"data":"Pommel Strike","floor":7,"key":"SMITH"},{"data":"True Grit","floor":11,"key":"SMITH"}],"neow_cost":"NONE","seed_source_timestamp":869540052464395,"circlet_count":0,"master_deck":["AscendersBane","Strike_R","Strike_R","Strike_R","Strike_R","Strike_R","Defend_R","Defend_R","Defend_R","Defend_R","Bash","Pommel Strike+1","True Grit+1"],"relics":["Burning Blood","Oddly Smooth Stone","Golden Idol","Mummified Hand","Tiny Chest"],"potions_floor_usage":[12],"damage_taken":[{"damage":11,"enemies":"Jaw Worm","floor":1,"turns":5},{"damage":7,"enemies":"2 Louse","floor":3,"turns":3},{"damage":0,"enemies":"Small Slimes","floor":8,"turns":3},{"damage":55,"enemies":"Lagavulin","floor":10,"turns":6},{"damage":25,"enemies":"Gremlin Nob","floor":12,"turns":3}],"seed_played":"-3549097340168200279","potions_obtained":[{"floor":3,"key":"EssenceOfSteel"},{"floor":10,"key":"SneckoOil"}],"is_trial":false,"path_per_floor":["M","?","M","?","?","?","R","M","T","E","R","E"],"character_chosen":"IRONCLAD","items_purchased":[],"campfire_rested":0,"item_purchase_floors":[],"current_hp_per_floor":[63,63,62,55,60,60,60,66,66,17,17,0],"gold":229,"neow_bonus":"RANDOM_COMMON_RELIC","is_prod":false,"is_daily":false,"chose_seed":false,"campfire_upgraded":2,"win_rate":0,"timestamp":1565324416,"path_taken":["M","?","M","?","?","?","R","?","T","E","R","E"],"build_version":"2019-07-17","purchased_purges":0,"victory":false,"max_hp_per_floor":[75,75,75,75,80,80,80,80,80,80,80,80],"card_choices":[{"not_picked":["Cleave","Warcry"],"picked":"Pommel Strike","floor":1},{"not_picked":["Flex","Evolve","Clash"],"picked":"SKIP","floor":3},{"not_picked":["Iron Wave","Rage","Armaments"],"picked":"SKIP","floor":8},{"not_picked":["Heavy Blade","Fire Breathing"],"picked":"True Grit","floor":10}],"player_experience":420995,"relics_obtained":[{"floor":9,"key":"Mummified Hand"},{"floor":10,"key":"Tiny Chest"}],"event_choices":[{"damage_healed":0,"gold_gain":0,"player_choice":"Take Wound","damage_taken":0,"relics_obtained":["Golden Idol"],"max_hp_gain":0,"max_hp_loss":0,"event_name":"Golden Idol","floor":2,"gold_loss":0,"cards_obtained":["Injury"]},{"cards_removed":["Injury"],"damage_healed":0,"gold_gain":0,"player_choice":"Card Removal","damage_taken":7,"max_hp_gain":0,"max_hp_loss":0,"event_name":"Golden Wing","floor":4,"gold_loss":0},{"damage_healed":0,"gold_gain":0,"player_choice":"Donut","damage_taken":0,"max_hp_gain":5,"max_hp_loss":0,"event_name":"Big Fish","floor":5,"gold_loss":0},{"damage_healed":0,"gold_gain":0,"player_choice":"Ignored","damage_taken":0,"max_hp_gain":0,"max_hp_loss":0,"event_name":"Liars Game","floor":6,"gold_loss":0}],"is_beta":false,"boss_relics":[],"items_purged_floors":[],"is_endless":false,"potions_floor_spawned":[3,10],"killed_by":"Gremlin Nob","ascension_level":15}