{"gold_per_floor":[116,41,41,41,54,54,81,99,179,54,88,99,99,110,110,208,208,228,318,193,211,225,225,238,254,281,298,298,14,114,114,114,215,215,225,242,252,102,112,112,137,237,262,262,262,262,262,262,262,262],"floor_reached":51,"playtime":3151,"items_purged":["Strike_B","Defend_B","Strike_B","Defend_B"],"score":685,"play_id":"84c84dab-c66b-463b-9210-f1b9a7f354cb","local_time":"20190815195701","is_ascension_mode":false,"campfire_choices":[{"data":"Defragment","floor":6.0,"key":"SMITH"},{"floor":13.0,"key":"REST"},{"floor":15.0,"key":"REST"},{"floor":23.0,"key":"REST"},{"floor":28.0,"key":"REST"},{"floor":32.0,"key":"REST"},{"floor":40,"key":"REST"},{"floor":45,"key":"DIG"},{"floor":47,"key":"REST"},{"floor":49,"key":"DIG"}],"neow_cost":"NONE","seed_source_timestamp":0,"circlet_count":0,"master_deck":["Defend_B","Zap","Dualcast","Defragment+1","FTL","FTL","Gash","Go for the Eyes","Streamline","Capacitor+1","Beam Cell","Rainbow","Seek+1","Skim+1","Storm+1","Panacea","Auto Shields","Cold Snap","Gash","Sadistic Nature+1","Finesse","Gash","Electrodynamics+1","Blizzard","Reinforced Body+1"],"special_seed":0,"relics":["Cracked Core","Bag of Preparation","Frozen Egg 2","Singing Bowl","Astrolabe","DataDisk","Pocketwatch","Cables","Fusion Hammer","Bottled Lightning","Shovel","Juzu Bracelet","Bottled Tornado","Boot"],"potions_floor_usage":[50,50],"damage_taken":[{"damage":7.0,"enemies":"Small Slimes","floor":1.0,"turns":3.0},{"damage":0.0,"enemies":"2 Louse","floor":5.0,"turns":3.0},{"damage":11.0,"enemies":"Gremlin Nob","floor":7.0,"turns":3.0},{"damage":0.0,"enemies":"Cultist","floor":8.0,"turns":2.0},{"damage":26.0,"enemies":"Lagavulin","floor":11.0,"turns":5.0},{"damage":0.0,"enemies":"Exordium Wildlife","floor":12.0,"turns":2.0},{"damage":14.0,"enemies":"Lots of Slimes","floor":14.0,"turns":3.0},{"damage":14.0,"enemies":"Slime Boss","floor":16.0,"turns":8.0},{"damage":11.0,"enemies":"3 Byrds","floor":18.0,"turns":5.0},{"damage":19.0,"enemies":"2 Thieves","floor":21.0,"turns":4.0},{"damage":16.0,"enemies":"Centurion and Healer","floor":22.0,"turns":6.0},{"damage":21.0,"enemies":"Sentry and Sphere","floor":24.0,"turns":5.0},{"damage":13.0,"enemies":"Snake Plant","floor":25.0,"turns":5.0},{"damage":0.0,"enemies":"Snecko","floor":27.0,"turns":4.0},{"damage":12.0,"enemies":"Colosseum Slavers","floor":30.0,"turns":3.0},{"damage":6.0,"enemies":"Colosseum Nobs","floor":30.0,"turns":4.0},{"damage":35.0,"enemies":"Automaton","floor":33.0,"turns":8.0},{"damage":12.0,"enemies":"3 Darklings","floor":35.0,"turns":3.0},{"damage":0.0,"enemies":"Orb Walker","floor":36.0,"turns":3.0},{"damage":5.0,"enemies":"Maw","floor":37.0,"turns":5.0},{"damage":0,"enemies":"Transient","floor":39,"turns":5},{"damage":28,"enemies":"Nemesis","floor":41,"turns":5},{"damage":6,"enemies":"Mind Bloom Boss Battle","floor":42,"turns":6},{"damage":43,"enemies":"Time Eater","floor":50,"turns":8}],"seed_played":"3649709159395125279","potions_obtained":[{"floor":4.0,"key":"EntropicBrew"},{"floor":4.0,"key":"Weak Potion"},{"floor":4.0,"key":"Energy Potion"},{"floor":12.0,"key":"EssenceOfSteel"},{"floor":30.0,"key":"Regen Potion"},{"floor":33.0,"key":"SteroidPotion"},{"floor":35.0,"key":"Dexterity Potion"},{"floor":36.0,"key":"Dexterity Potion"},{"floor":41,"key":"FocusPotion"}],"is_trial":false,"path_per_floor":["M","$","?","?","M","R","E","M","T","$","E","M","R","M","R","B",null,"M","?","$","M","M","R","M","M","T","M","R","$","?","?","R","B",null,"M","M","M","$","M","R","E","?","T","?","R","?","R","?","R","B",null],"character_chosen":"DEFECT","items_purchased":["Streamline","Sadistic Nature+1","Finesse"],"campfire_rested":7,"item_purchase_floors":[10,29,29],"current_hp_per_floor":[68,68,68,68,68,68,57,57,57,57,31,31,53,41,64,50,77,68,47,47,28,12,35,16,3,3,3,27,27,9,9,33,13,81,71,73,68,68,70,87,59,55,55,55,55,55,81,83,83,40],"gold":262,"neow_bonus":"THREE_CARDS","is_prod":false,"is_daily":false,"chose_seed":false,"campfire_upgraded":1,"win_rate":0,"timestamp":1565891821,"path_taken":["M","$","?","?","M","R","E","?","T","$","E","M","R","M","R","BOSS","M","?","$","M","M","R","?","M","T","M","R","$","?","?","R","BOSS","M","M","M","$","M","R","E","?","T","?","R","?","R","?","R","BOSS"],"build_version":"2019-07-17","purchased_purges":4,"victory":true,"max_hp_per_floor":[75,75,75,75,75,75,75,75,75,75,75,75,75,77,77,77,77,79,79,79,79,79,79,81,81,81,81,81,81,81,81,81,81,81,83,85,85,85,87,87,87,89,89,89,89,89,89,91,91,91],"card_choices":[{"not_picked":["Compile Driver","Hello World"],"picked":"Defragment","floor":0.0},{"not_picked":["Hologram","Coolheaded"],"picked":"FTL","floor":1.0},{"not_picked":["Rip and Tear","Cold Snap"],"picked":"FTL","floor":5.0},{"not_picked":["Go for the Eyes","White Noise"],"picked":"Gash","floor":7.0},{"not_picked":["Coolheaded","Turbo"],"picked":"Go for the Eyes","floor":8.0},{"not_picked":["Aggregate","Stack"],"picked":"Capacitor+1","floor":11.0},{"not_picked":["Go for the Eyes","Stack"],"picked":"Beam Cell","floor":12.0},{"not_picked":["Conserve Battery","Blizzard","Static Discharge+1"],"picked":"Singing Bowl","floor":14.0},{"not_picked":["Multi-Cast","Echo Form+1"],"picked":"Rainbow","floor":16.0},{"not_picked":["Leap","Rebound+1","Redo"],"picked":"Singing Bowl","floor":18.0},{"not_picked":["Hologram+1","Coolheaded"],"picked":"Auto Shields","floor":21.0},{"not_picked":["Rebound","Capacitor+1"],"picked":"Go for the Eyes+1","floor":22.0},{"not_picked":["White Noise","Sweeping Beam","Static Discharge+1"],"picked":"Singing Bowl","floor":24.0},{"not_picked":["Amplify","Rebound"],"picked":"Cold Snap","floor":25.0},{"not_picked":["Ball Lightning","Barrage+1"],"picked":"Gash","floor":27.0},{"not_picked":["Darkness","Steam"],"picked":"Gash","floor":30.0},{"not_picked":["Multi-Cast","Creative AI+1"],"picked":"Electrodynamics+1","floor":33.0},{"not_picked":["Streamline","Turbo","Barrage"],"picked":"Singing Bowl","floor":35.0},{"not_picked":["Darkness+1","Static Discharge+1","Rebound+1"],"picked":"Singing Bowl","floor":36.0},{"not_picked":["FTL","Skim"],"picked":"Blizzard","floor":37.0},{"not_picked":["Ball Lightning+1","Steam+1","Hello World+1"],"picked":"Singing Bowl","floor":39},{"not_picked":["Self Repair+1","Leap+1"],"picked":"Reinforced Body+1","floor":41},{"not_picked":["Go for the Eyes","Undo+1","Barrage"],"picked":"Singing Bowl","floor":42},{"not_picked":["Magnetism+1","PanicButton","Purity"],"picked":"Singing Bowl","floor":48}],"player_experience":313030,"relics_obtained":[{"floor":7.0,"key":"Bag of Preparation"},{"floor":9.0,"key":"Frozen Egg 2"},{"floor":11.0,"key":"Singing Bowl"},{"floor":26.0,"key":"DataDisk"},{"floor":30.0,"key":"Pocketwatch"},{"floor":30.0,"key":"Cables"},{"floor":41,"key":"Bottled Lightning"},{"floor":42,"key":"Shovel"},{"floor":43,"key":"Juzu Bracelet"},{"floor":45,"key":"Bottled Tornado"},{"floor":49,"key":"Boot"}],"event_choices":[{"damage_healed":0.0,"max_hp_gain":0.0,"max_hp_loss":0.0,"gold_gain":0.0,"event_name":"Golden Idol","player_choice":"Ignored","floor":3.0,"gold_loss":0.0,"damage_taken":0.0},{"damage_healed":0.0,"max_hp_gain":0.0,"max_hp_loss":0.0,"gold_gain":0.0,"event_name":"Lab","player_choice":"Got Potions","floor":4.0,"gold_loss":0.0,"damage_taken":0.0},{"damage_healed":0.0,"max_hp_gain":0.0,"max_hp_loss":0.0,"gold_gain":90.0,"event_name":"Knowing Skull","player_choice":"CARD GOLD ","floor":19.0,"potions_obtained":[],"gold_loss":0.0,"damage_taken":21.0,"cards_obtained":["Panacea"]},{"damage_healed":0.0,"max_hp_gain":0.0,"max_hp_loss":0.0,"gold_gain":0.0,"event_name":"Colosseum","player_choice":"Fight","floor":30.0,"gold_loss":0.0,"damage_taken":0.0},{"damage_healed":0.0,"max_hp_gain":0.0,"max_hp_loss":0.0,"gold_gain":0.0,"event_name":"Colosseum","player_choice":"Fought Nobs","floor":30.0,"gold_loss":0.0,"damage_taken":0.0},{"damage_healed":0.0,"max_hp_gain":0.0,"max_hp_loss":0.0,"gold_gain":0.0,"event_name":"The Mausoleum","player_choice":"Ignored","floor":31.0,"gold_loss":0.0,"damage_taken":0.0},{"damage_healed":0,"gold_gain":0,"player_choice":"Fight","damage_taken":0,"max_hp_gain":0,"max_hp_loss":0,"event_name":"MindBloom","floor":42,"gold_loss":0},{"damage_healed":0,"gold_gain":0,"player_choice":"0 cards matched","damage_taken":0,"max_hp_gain":0,"max_hp_loss":0,"event_name":"Match and Keep!","floor":44,"gold_loss":0,"cards_obtained":[]},{"cards_removed":["Go for the Eyes"],"damage_healed":0,"gold_gain":0,"player_choice":"Removed Attack","damage_taken":0,"max_hp_gain":0,"max_hp_loss":0,"event_name":"Falling","floor":46,"gold_loss":0},{"damage_healed":0,"gold_gain":0,"player_choice":"Memory 1","damage_taken":0,"max_hp_gain":0,"max_hp_loss":0,"event_name":"SensoryStone","floor":48,"gold_loss":0}],"is_beta":false,"boss_relics":[{"not_picked":["Tiny House","Busted Crown"],"picked":"Astrolabe"},{"not_picked":["Nuclear Battery","Runic Dome"],"picked":"Fusion Hammer"}],"items_purged_floors":[2,10,20,38],"is_endless":false,"potions_floor_spawned":[7,8,12,14,25,30,30,33,35,36,41],"ascension_level":0}