{"gold_per_floor":[369,319,332,332,257,272,272,282,282,292,292,310,348,369,369,495,495,520,123,146,245,245,260,296,296,350,350,350,367,401,417,417,513,513,528,538,558,283,293,293,0,31,31,47,0,100,147,147,147,147],"floor_reached":51,"playtime":3372,"items_purged":["Defend_R","Defend_R","Normality","Defend_R"],"score":1071,"play_id":"0bb1a6b5-b672-490f-b9e7-bde77f48e8d1","local_time":"20190608150844","is_ascension_mode":true,"campfire_choices":[{"data":"Perfected Strike","floor":7.0,"key":"SMITH"},{"data":"Impervious","floor":15.0,"key":"SMITH"},{"floor":25.0,"key":"REST"},{"data":"Offering","floor":32.0,"key":"SMITH"},{"floor":40,"key":"REST"},{"data":"1","floor":49,"key":"LIFT"}],"neow_cost":"CURSE","seed_source_timestamp":5866102196897,"circlet_count":0,"master_deck":["Strike_R","Strike_R","Strike_R","Strike_R","Strike_R","Defend_R","Perfected Strike+1","Wild Strike","Pommel Strike","Impervious+1","Wild Strike+1","Clash+1","Reaper+1","Perfected Strike+1","Wild Strike+1","Perfected Strike+1","Twin Strike+1","Offering+1","Flex+1","Wild Strike+1","Perfected Strike+1","PanicButton","Pommel Strike+1","Normality"],"special_seed":0,"relics":["Burning Blood","Molten Egg 2","Bloody Idol","Bottled Flame","Cursed Key","Pantograph","Potion Belt","Bag of Preparation","Strawberry","Lizard Tail","Pen Nib","Dodecahedron","Self Forming Clay","Red Mask","Girya","Thread and Needle"],"potions_floor_usage":[37,39,39,39,44,47,50,50,50],"damage_taken":[{"damage":11.0,"enemies":"Small Slimes","floor":1.0,"turns":5.0},{"damage":1.0,"enemies":"Cultist","floor":3.0,"turns":3.0},{"damage":7.0,"enemies":"Jaw Worm","floor":6.0,"turns":3.0},{"damage":6.0,"enemies":"Looter","floor":8.0,"turns":2.0},{"damage":7.0,"enemies":"Exordium Thugs","floor":10.0,"turns":3.0},{"damage":10.0,"enemies":"Large Slime","floor":12.0,"turns":5.0},{"damage":10.0,"enemies":"Lagavulin","floor":13.0,"turns":5.0},{"damage":0.0,"enemies":"3 Louse","floor":14.0,"turns":2.0},{"damage":46.0,"enemies":"The Guardian","floor":16.0,"turns":9.0},{"damage":6.0,"enemies":"2 Thieves","floor":18.0,"turns":4.0},{"damage":0.0,"enemies":"Spheric Guardian","floor":20.0,"turns":1.0},{"damage":0.0,"enemies":"Cultist and Chosen","floor":23.0,"turns":3.0},{"damage":59.0,"enemies":"Slavers","floor":24.0,"turns":6.0},{"damage":0.0,"enemies":"Snake Plant","floor":29.0,"turns":1.0},{"damage":12.0,"enemies":"Gremlin Leader","floor":30.0,"turns":3.0},{"damage":0.0,"enemies":"Snecko","floor":31.0,"turns":3.0},{"damage":89.0,"enemies":"Champ","floor":33.0,"turns":9.0},{"damage":10.0,"enemies":"3 Darklings","floor":35.0,"turns":3.0},{"damage":6.0,"enemies":"Orb Walker","floor":36.0,"turns":2.0},{"damage":69,"enemies":"Writhing Mass","floor":37,"turns":5},{"damage":6,"enemies":"Sphere and 2 Shapes","floor":39,"turns":3},{"damage":6,"enemies":"Nemesis","floor":42,"turns":1},{"damage":16,"enemies":"4 Shapes","floor":44,"turns":4},{"damage":0,"enemies":"Mind Bloom Boss Battle","floor":46,"turns":1},{"damage":18,"enemies":"2 Orb Walkers","floor":47,"turns":3},{"damage":67,"enemies":"Time Eater","floor":50,"turns":8}],"seed_played":"-6731624739706388420","potions_obtained":[{"floor":1.0,"key":"Energy Potion"},{"floor":6.0,"key":"Energy Potion"},{"floor":12.0,"key":"BloodPotion"},{"floor":13.0,"key":"Regen Potion"},{"floor":18.0,"key":"Block Potion"},{"floor":33.0,"key":"Explosive Potion"},{"floor":35.0,"key":"Swift Potion"},{"floor":37,"key":"EntropicBrew"},{"floor":39,"key":"Fire Potion"},{"floor":42,"key":"Explosive Potion"},{"floor":46,"key":"EssenceOfSteel"}],"is_trial":false,"path_per_floor":["M","?","M","?","$","M","R","M","T","M","?","M","E","M","R","B",null,"M","$","M","?","?","M","E","R","T","?","?","M","E","M","R","B",null,"M","M","M","$","M","R","$","E","T","M","?","?","?","?","R","B",null],"character_chosen":"IRONCLAD","items_purchased":["Wild Strike+1","Pantograph","Pen Nib","Perfected Strike+1","PanicButton"],"campfire_rested":2,"item_purchase_floors":[19,19,38,41,41],"current_hp_per_floor":[67,67,72,72,72,71,71,71,71,70,70,66,62,68,68,28,60,65,65,71,71,71,71,28,49,49,49,49,60,77,78,78,25,65,66,73,18,18,23,46,46,51,51,46,46,78,76,74,74,13],"gold":147,"neow_bonus":"TWO_FIFTY_GOLD","is_prod":false,"is_daily":false,"chose_seed":false,"campfire_upgraded":3,"win_rate":0,"timestamp":1560020924,"path_taken":["M","?","M","?","$","?","R","M","T","M","?","M","E","M","R","BOSS","M","$","M","?","?","?","E","R","T","?","?","M","E","M","R","BOSS","M","M","M","$","M","R","$","E","T","M","?","?","?","?","R","BOSS"],"build_version":"2019-01-23","purchased_purges":4,"victory":true,"max_hp_per_floor":[80,77,77,77,77,77,77,77,77,77,71,71,71,71,71,71,71,71,71,71,71,71,71,71,71,71,71,71,71,78,78,78,78,78,78,78,78,78,78,78,78,78,78,78,78,78,78,74,74,74],"card_choices":[{"not_picked":["Pummel","Thunderclap"],"picked":"Perfected Strike","floor":1.0},{"not_picked":["Warcry","Heavy Blade","Thunderclap"],"picked":"SKIP","floor":3.0},{"not_picked":["Cleave","Sever Soul"],"picked":"Wild Strike","floor":6.0},{"not_picked":["Inflame","Iron Wave"],"picked":"Pommel Strike","floor":8.0},{"not_picked":["Cleave+1","Infernal Blade","Anger+1"],"picked":"SKIP","floor":10.0},{"not_picked":["Iron Wave+1","Intimidate"],"picked":"Impervious","floor":12.0},{"not_picked":["Headbutt+1","Warcry"],"picked":"Wild Strike+1","floor":13.0},{"not_picked":["Evolve","Spot Weakness"],"picked":"Clash+1","floor":14.0},{"not_picked":["Impervious","Demon Form"],"picked":"Reaper+1","floor":16.0},{"not_picked":["Heavy Blade+1","Wild Strike+1"],"picked":"Perfected Strike+1","floor":18.0},{"not_picked":["Shrug It Off","Metallicize+1","Rupture"],"picked":"SKIP","floor":20.0},{"not_picked":["Disarm+1","Carnage+1","Spot Weakness"],"picked":"SKIP","floor":23.0},{"not_picked":["Corruption+1","Feel No Pain"],"picked":"Perfected Strike+1","floor":24.0},{"not_picked":["Body Slam+1","Shrug It Off+1","Fire Breathing"],"picked":"SKIP","floor":29.0},{"not_picked":["Anger+1","Searing Blow+1"],"picked":"Twin Strike+1","floor":30.0},{"not_picked":["Wild Strike+1","Anger+1"],"picked":"Offering","floor":31.0},{"not_picked":["Rage","Warcry+1","Clash+1"],"picked":"SKIP","floor":35.0},{"not_picked":["Cleave+1","Havoc+1"],"picked":"Flex+1","floor":36.0},{"not_picked":["Clothesline+1","Iron Wave+1","Havoc"],"picked":"SKIP","floor":37},{"not_picked":["Iron Wave+1","Heavy Blade+1"],"picked":"Wild Strike+1","floor":39},{"not_picked":["Whirlwind+1","Twin Strike+1"],"picked":"Pommel Strike+1","floor":42},{"not_picked":["Dual Wield+1","Corruption","Dropkick+1"],"picked":"SKIP","floor":44}],"player_experience":119475,"relics_obtained":[{"floor":9.0,"key":"Molten Egg 2"},{"floor":13.0,"key":"Bottled Flame"},{"floor":24.0,"key":"Potion Belt"},{"floor":26.0,"key":"Bag of Preparation"},{"floor":30.0,"key":"Strawberry"},{"floor":42,"key":"Dodecahedron"},{"floor":43,"key":"Self Forming Clay"},{"floor":46,"key":"Girya"},{"floor":47,"key":"Thread and Needle"}],"event_choices":[{"cards_removed":["Parasite"],"damage_healed":0.0,"max_hp_gain":0.0,"max_hp_loss":0.0,"gold_gain":0.0,"event_name":"The Cleric","player_choice":"Card Removal","floor":2.0,"gold_loss":50.0,"damage_taken":0.0},{"cards_removed":["Bash"],"damage_healed":0.0,"max_hp_gain":0.0,"max_hp_loss":0.0,"gold_gain":0.0,"event_name":"Purifier","player_choice":"Purged","floor":4.0,"gold_loss":0.0,"damage_taken":0.0},{"damage_healed":0.0,"max_hp_gain":0.0,"max_hp_loss":6.0,"gold_gain":0.0,"event_name":"Golden Idol","player_choice":"Lose Max HP","floor":11.0,"gold_loss":0.0,"damage_taken":0.0,"relics_obtained":["Golden Idol"]},{"damage_healed":0.0,"max_hp_gain":0.0,"max_hp_loss":0.0,"gold_gain":99.0,"event_name":"Nest","player_choice":"Stole From Cult","floor":21.0,"gold_loss":0.0,"damage_taken":0.0},{"damage_healed":0.0,"max_hp_gain":0.0,"max_hp_loss":0.0,"gold_gain":0.0,"event_name":"Lab","player_choice":"Got Potions","floor":22.0,"gold_loss":0.0,"damage_taken":0.0},{"damage_healed":0.0,"max_hp_gain":0.0,"max_hp_loss":0.0,"gold_gain":0.0,"event_name":"Forgotten Altar","player_choice":"Gave Idol","floor":27.0,"relics_lost":["Golden Idol"],"gold_loss":0.0,"damage_taken":0.0,"relics_obtained":["Bloody Idol"]},{"damage_healed":0.0,"max_hp_gain":0.0,"max_hp_loss":0.0,"gold_gain":0.0,"event_name":"Vampires","player_choice":"Ignored","floor":28.0,"gold_loss":0.0,"damage_taken":0.0},{"damage_healed":0,"gold_gain":0,"player_choice":"Paid","damage_taken":0,"relics_obtained":["Red Mask"],"max_hp_gain":0,"max_hp_loss":0,"event_name":"Tomb of Lord Red Mask","floor":45,"gold_loss":47},{"damage_healed":0,"gold_gain":0,"player_choice":"Fight","damage_taken":0,"max_hp_gain":0,"max_hp_loss":0,"event_name":"MindBloom","floor":46,"gold_loss":0},{"damage_healed":0,"gold_gain":0,"player_choice":"Fight","damage_taken":0,"max_hp_gain":0,"max_hp_loss":0,"event_name":"Mysterious Sphere","floor":47,"gold_loss":0},{"damage_healed":0,"gold_gain":0,"player_choice":"Max HP","damage_taken":0,"max_hp_gain":0,"max_hp_loss":4,"event_name":"Winding Halls","floor":48,"gold_loss":0}],"is_beta":false,"boss_relics":[{"not_picked":["Runic Dome","Runic Pyramid"],"picked":"Cursed Key"},{"not_picked":["Eternal Feather","Pandora\u0027s Box"],"picked":"Lizard Tail"}],"items_purged_floors":[5,19,38,41],"is_endless":false,"potions_floor_spawned":[1,6,12,13,18,20,33,35,37,39,42,46],"ascension_level":7}