{"gold_per_floor":[116,132,150,168,181,212,45,45,45,74,89,116,116,216,216,314,314,327,327,117,128,10,10,45,45,45,45,63,63,81,101,101,206,206,220,240,115,131,147,147],"floor_reached":40,"playtime":5644,"items_purged":["Hello World","Shame","Strike_B"],"score":430,"play_id":"0299cd1f-18c7-4998-8b58-040d739e5140","local_time":"20190208160308","is_ascension_mode":false,"campfire_choices":[{"data":"Zap","floor":8,"key":"SMITH"},{"data":"Defragment","floor":13,"key":"SMITH"},{"floor":15,"key":"REST"},{"data":"Defragment","floor":23,"key":"SMITH"},{"data":"Conserve Battery","floor":25,"key":"SMITH"},{"data":"Conserve Battery","floor":29,"key":"SMITH"},{"data":"Auto Shields","floor":32,"key":"SMITH"}],"neow_cost":"NONE","seed_source_timestamp":335517104034955,"circlet_count":0,"master_deck":["Strike_B","Strike_B","Defend_B","Defend_B","Defend_B","Defend_B","Zap+1","Dualcast","Ball Lightning","Conserve Battery+1","Conserve Battery+1","Deep Breath","Defragment+1","Thunder Strike","Defragment+1","Auto Shields+1","Self Repair","Capacitor","Force Field","Static Discharge+1","Melter+1","Hologram+1","Hologram","Electrodynamics","Ball Lightning","Leap+1","Ball Lightning+1"],"relics":["Cracked Core","Happy Flower","Bottled Lightning","Letter Opener","Dodecahedron","Eternal Feather","Mercury Hourglass","Ice Cream","Sundial","Sozu"],"potions_floor_usage":[5,6,10,12,24,31,40],"damage_taken":[{"damage":0,"enemies":"Cultist","floor":1,"turns":4},{"damage":6,"enemies":"Jaw Worm","floor":2,"turns":3},{"damage":0,"enemies":"2 Louse","floor":3,"turns":2},{"damage":0,"enemies":"Looter","floor":4,"turns":3},{"damage":10,"enemies":"Large Slime","floor":5,"turns":4},{"damage":23,"enemies":"3 Sentries","floor":6,"turns":6},{"damage":17,"enemies":"Lagavulin","floor":10,"turns":5},{"damage":3,"enemies":"Exordium Thugs","floor":11,"turns":2},{"damage":12,"enemies":"Gremlin Nob","floor":12,"turns":4},{"damage":8,"enemies":"Hexaghost","floor":16,"turns":8},{"damage":14,"enemies":"Shell Parasite","floor":18,"turns":4},{"damage":17,"enemies":"2 Thieves","floor":21,"turns":4},{"damage":35,"enemies":"Book of Stabbing","floor":24,"turns":5},{"damage":10,"enemies":"Snecko","floor":28,"turns":5},{"damage":10,"enemies":"Centurion and Healer","floor":30,"turns":6},{"damage":12,"enemies":"3 Cultists","floor":31,"turns":3},{"damage":67,"enemies":"Automaton","floor":33,"turns":7},{"damage":4,"enemies":"3 Darklings","floor":35,"turns":4},{"damage":10,"enemies":"Orb Walker","floor":36,"turns":3},{"damage":5,"enemies":"Sphere and 2 Shapes","floor":38,"turns":3},{"damage":6,"enemies":"Transient","floor":39,"turns":5},{"damage":63,"enemies":"Giant Head","floor":40,"turns":7}],"seed_played":"-1288940206143028916","potions_obtained":[{"floor":3,"key":"EssenceOfSteel"},{"floor":4,"key":"Swift Potion"},{"floor":6,"key":"Poison Potion"},{"floor":10,"key":"Dexterity Potion"},{"floor":21,"key":"LiquidBronze"},{"floor":24,"key":"Strength Potion"},{"floor":30,"key":"FairyPotion"},{"floor":31,"key":"FearPotion"}],"is_trial":false,"path_per_floor":["M","M","M","M","M","E","$","R","T","E","M","E","R","?","R","B",null,"M","?","$","M","$","R","E","R","T","?","M","R","M","M","R","B",null,"M","M","$","M","M","E"],"character_chosen":"DEFECT","items_purchased":["Deep Breath","Defragment","Auto Shields","Capacitor","Force Field"],"campfire_rested":1,"item_purchase_floors":[7,20,20,22,22],"current_hp_per_floor":[75,69,69,69,59,36,36,36,36,19,16,4,4,4,26,18,75,61,61,61,44,44,56,28,40,40,75,72,75,65,60,72,12,75,71,61,61,56,50,0],"gold":147,"neow_bonus":"TRANSFORM_CARD","is_prod":false,"is_daily":false,"chose_seed":false,"campfire_upgraded":6,"win_rate":0.0,"timestamp":1549638188,"path_taken":["M","M","M","M","M","E","$","R","T","E","M","E","R","?","R","BOSS","M","?","$","M","$","R","E","R","T","?","M","R","M","?","R","BOSS","M","M","$","?","M","E"],"build_version":"2019-02-06","purchased_purges":3,"victory":false,"max_hp_per_floor":[75,75,75,75,75,75,75,75,75,75,75,75,75,75,75,75,75,75,75,75,75,75,75,75,75,75,75,75,75,75,75,75,75,75,75,75,75,75,75,75],"card_choices":[{"not_picked":["Heatsinks","Conserve Battery"],"picked":"Ball Lightning","floor":1},{"not_picked":["Stack","Storm","Chill"],"picked":"SKIP","floor":2},{"not_picked":["Stack","Barrage","Darkness"],"picked":"SKIP","floor":3},{"not_picked":["Hologram","Chaos","Heatsinks"],"picked":"SKIP","floor":4},{"not_picked":["Stack","Barrage"],"picked":"Conserve Battery","floor":5},{"not_picked":["Force Field","Sweeping Beam"],"picked":"Conserve Battery","floor":6},{"not_picked":["Barrage","Cold Snap"],"picked":"Darkness","floor":10},{"not_picked":["Redo","Storm","Undo"],"picked":"SKIP","floor":11},{"not_picked":["Biased Cognition","BootSequence"],"picked":"Defragment","floor":12},{"not_picked":["Echo Form","Creative AI"],"picked":"Thunder Strike","floor":16},{"not_picked":["Redo","Beam Cell","Double Energy"],"picked":"SKIP","floor":18},{"not_picked":["Force Field","Sweeping Beam"],"picked":"Self Repair","floor":21},{"not_picked":["Blizzard+1","Go for the Eyes+1"],"picked":"Static Discharge+1","floor":24},{"not_picked":["Loop+1","Rebound"],"picked":"Melter+1","floor":28},{"not_picked":["Redo","Loop"],"picked":"Hologram+1","floor":30},{"not_picked":["Streamline","Gash"],"picked":"Hologram","floor":31},{"not_picked":["All For One","Seek"],"picked":"Electrodynamics","floor":33},{"not_picked":["Gash","Go for the Eyes","Beam Cell"],"picked":"SKIP","floor":35},{"not_picked":["Melter+1","Go for the Eyes"],"picked":"Ball Lightning","floor":36},{"not_picked":["Redo","Melter"],"picked":"Leap+1","floor":38},{"not_picked":["Compile Driver","Buffer"],"picked":"Ball Lightning+1","floor":39}],"player_experience":77205,"relics_obtained":[{"floor":6,"key":"Happy Flower"},{"floor":9,"key":"Bottled Lightning"},{"floor":10,"key":"Letter Opener"},{"floor":12,"key":"Dodecahedron"},{"floor":24,"key":"Ice Cream"},{"floor":26,"key":"Sundial"}],"event_choices":[{"damage_healed":0,"gold_gain":100,"player_choice":"Pray","damage_taken":0,"max_hp_gain":0,"max_hp_loss":0,"event_name":"Golden Shrine","floor":14,"gold_loss":0},{"damage_healed":0,"gold_gain":0,"player_choice":"Stole Relic","damage_taken":0,"relics_obtained":["Mercury Hourglass"],"max_hp_gain":0,"max_hp_loss":0,"event_name":"Addict","floor":19,"gold_loss":0,"cards_obtained":["Shame"]},{"cards_removed":["Darkness"],"damage_healed":35,"gold_gain":0,"player_choice":"Offered Uncommon","damage_taken":0,"max_hp_gain":0,"max_hp_loss":0,"event_name":"Bonfire Elementals","floor":27,"gold_loss":0}],"is_beta":true,"boss_relics":[{"not_picked":["FrozenCore","White Beast Statue"],"picked":"Eternal Feather"},{"not_picked":["Astrolabe","Coffee Dripper"],"picked":"Sozu"}],"items_purged_floors":[7,20,37],"is_endless":false,"potions_floor_spawned":[3,4,6,10,21,24,30,31,36,38],"killed_by":"Giant Head","ascension_level":0}