{"gold_per_floor":[113,133,145,159,170,170,23,56,103,103,123,141,91,123,123,219,219,237,247,51,68,81,81,97,123,169,169,202,221,74,74,74,74],"floor_reached":33,"playtime":1803,"items_purged":["Shame","Reckless Charge","Strike_R"],"score":489,"play_id":"634cfc8f-2124-4c12-ad89-20e4aacb5f68","local_time":"20180919231508","is_ascension_mode":true,"campfire_choices":[{"data":"Bludgeon","floor":6,"key":"SMITH"},{"floor":15,"key":"REST"},{"floor":23,"key":"REST"},{"floor":27,"key":"REST"},{"data":"Fiend Fire","floor":32,"key":"SMITH"}],"neow_cost":"CURSE","seed_source_timestamp":103951030140088,"circlet_count":0,"master_deck":["Strike_R+1","Defend_R","Defend_R","Defend_R","Bash","AscendersBane","Bludgeon+1","Cleave","Cleave+1","Second Wind","Fiend Fire+1","Headbutt","Bloodletting","Dark Embrace","Feel No Pain","Burning Pact+1","Purity","Shame"],"relics":["Burning Blood","Whetstone","Smiling Mask","Dodecahedron","Snecko Eye","Regal Pillow","Dream Catcher","Bag of Preparation","Bird Faced Urn","Molten Egg 2"],"potions_floor_usage":[12,14,14,16,16,25,28,28,33,33],"damage_taken":[{"damage":0,"enemies":"Cultist","floor":1,"turns":2},{"damage":7,"enemies":"Jaw Worm","floor":2,"turns":2},{"damage":8,"enemies":"2 Louse","floor":3,"turns":2},{"damage":17,"enemies":"Large Slime","floor":4,"turns":5},{"damage":12,"enemies":"Exordium Wildlife","floor":5,"turns":2},{"damage":20,"enemies":"3 Sentries","floor":8,"turns":5},{"damage":0,"enemies":"Looter","floor":11,"turns":1},{"damage":13,"enemies":"Exordium Thugs","floor":12,"turns":3},{"damage":0,"enemies":"Lagavulin","floor":14,"turns":4},{"damage":44,"enemies":"The Guardian","floor":16,"turns":7},{"damage":25,"enemies":"2 Thieves","floor":18,"turns":3},{"damage":2,"enemies":"Shell Parasite","floor":19,"turns":2},{"damage":24,"enemies":"Snake Plant","floor":21,"turns":3},{"damage":9,"enemies":"Shelled Parasite and Fungi","floor":22,"turns":2},{"damage":18,"enemies":"Centurion and Healer","floor":24,"turns":3},{"damage":36,"enemies":"Slavers","floor":25,"turns":4},{"damage":6,"enemies":"Book of Stabbing","floor":28,"turns":2},{"damage":0,"enemies":"3 Cultists","floor":29,"turns":3},{"damage":98,"enemies":"Champ","floor":33,"turns":8}],"seed_played":"9103507958348338356","potions_obtained":[{"floor":1,"key":"EssenceOfSteel"},{"floor":4,"key":"Weak Potion"},{"floor":8,"key":"FearPotion"},{"floor":12,"key":"Fire Potion"},{"floor":14,"key":"Swift Potion"},{"floor":16,"key":"EssenceOfSteel"},{"floor":21,"key":"GamblersBrew"},{"floor":22,"key":"Strength Potion"},{"floor":25,"key":"Explosive Potion"},{"floor":28,"key":"GamblersBrew"}],"is_trial":false,"path_per_floor":["M","M","M","M","M","R","$","E","T","?","M","M","?","E","R","B",null,"M","M","$","M","M","R","M","E","T","R","E","M","$","?","R"],"character_chosen":"IRONCLAD","items_purchased":["Fiend Fire","Regal Pillow","Purity"],"campfire_rested":3,"item_purchase_floors":[7,20,30],"current_hp_per_floor":[78,77,75,64,58,58,58,44,44,37,43,36,36,42,66,28,67,48,52,52,34,31,70,58,28,28,67,67,75,75,75,75,0],"gold":74,"neow_bonus":"TRANSFORM_TWO_CARDS","is_prod":false,"is_daily":false,"chose_seed":false,"campfire_upgraded":2,"win_rate":0,"timestamp":1537424108,"path_taken":["M","M","M","M","?","R","$","E","T","?","M","M","?","E","R","BOSS","M","M","$","M","M","R","M","E","T","R","E","M","$","?","R","BOSS"],"build_version":"2018-09-06","purchased_purges":3,"victory":false,"max_hp_per_floor":[80,80,80,80,80,80,80,80,80,80,80,80,80,80,80,80,80,80,80,80,80,80,80,80,80,80,80,80,80,80,80,80,80],"card_choices":[{"not_picked":["Flex","Wild Strike"],"picked":"Cleave","floor":1},{"not_picked":["Rage","Uppercut"],"picked":"Cleave","floor":2},{"not_picked":["Heavy Blade","Flex","Body Slam"],"picked":"SKIP","floor":3},{"not_picked":["True Grit","Iron Wave","Havoc"],"picked":"SKIP","floor":4},{"not_picked":["Iron Wave","Sentinel"],"picked":"Second Wind","floor":5},{"not_picked":["Cleave","Twin Strike","Combust"],"picked":"SKIP","floor":8},{"not_picked":["Berserk","Clothesline"],"picked":"Headbutt","floor":11},{"not_picked":["Perfected Strike","Hemokinesis"],"picked":"Bloodletting","floor":12},{"not_picked":["Pummel","Reckless Charge","Cleave"],"picked":"SKIP","floor":14},{"not_picked":["Berserk","Reaper"],"picked":"Dark Embrace","floor":16},{"not_picked":["Warcry","Power Through+1","Clothesline+1"],"picked":"SKIP","floor":18},{"not_picked":["Havoc+1","Entrench","True Grit"],"picked":"SKIP","floor":19},{"not_picked":["Metallicize+1","Battle Trance+1","Warcry"],"picked":"SKIP","floor":21},{"not_picked":["Pommel Strike","Shrug It Off","Headbutt"],"picked":"SKIP","floor":22},{"not_picked":["Dropkick","Seeing Red","Power Through"],"picked":"SKIP","floor":24},{"not_picked":["Armaments+1","Second Wind"],"picked":"Feel No Pain","floor":25},{"not_picked":["Thunderclap+1","Headbutt"],"picked":"Burning Pact+1","floor":27},{"not_picked":["Reaper","Havoc","Intimidate"],"picked":"SKIP","floor":28},{"not_picked":["Whirlwind","Clothesline+1","Reckless Charge+1"],"picked":"SKIP","floor":29}],"player_experience":830523,"relics_obtained":[{"floor":8,"key":"Whetstone"},{"floor":9,"key":"Smiling Mask"},{"floor":14,"key":"Dodecahedron"},{"floor":25,"key":"Dream Catcher"},{"floor":26,"key":"Bag of Preparation"},{"floor":28,"key":"Bird Faced Urn"}],"event_choices":[{"event_name":"Golden Wing","player_choice":"Card Removal","floor":10,"damage_taken":0},{"event_name":"The Cleric","player_choice":"Card Removal","floor":13,"damage_taken":0},{"event_name":"Addict","player_choice":"Stole Relic","floor":31,"damage_taken":0}],"is_beta":false,"boss_relics":[{"not_picked":["Velvet Choker","Black Blood"],"picked":"Snecko Eye"}],"items_purged_floors":[7,20,30],"is_endless":false,"potions_floor_spawned":[1,4,8,12,14,16,21,22,25,28],"killed_by":"Champ","ascension_level":10}