{"gold_per_floor":[115,129,129,142,67,67,80,91,91,123,133,83,83,102,102,198,198,210,227,246,3,16,16,16,29,29,29,29,44,60,89,89,192,192,207,261,281,281,281,281,316,330,330,18,28,28,47,0,0,0,0,0,0,26,26],"floor_reached":55,"playtime":2905,"items_purged":["Pain"],"score":778,"play_id":"dbfb8921-2927-4817-b497-2b42921618ec","local_time":"20181123151240","is_ascension_mode":false,"campfire_choices":[{"floor":6.0,"key":"RECALL"},{"data":"Blade Dance","floor":13.0,"key":"SMITH"},{"floor":15.0,"key":"REST"},{"data":"Blade Dance","floor":23.0,"key":"SMITH"},{"floor":27.0,"key":"REST"},{"floor":32.0,"key":"REST"},{"data":"Accuracy","floor":40.0,"key":"SMITH"},{"floor":46,"key":"REST"},{"data":"Blade Dance","floor":49,"key":"SMITH"},{"data":"Burst","floor":52,"key":"SMITH"}],"neow_cost":"NONE","seed_source_timestamp":26531757803205,"circlet_count":0,"master_deck":["Defend_G","Defend_G","Defend_G","Defend_G","Strike_G","Strike_G","Strike_G","Survivor","Neutralize","Blade Dance+1","Blade Dance+1","Burst","Escape Plan","Finisher","Terror+1","Accuracy+1","After Image","Acrobatics","Accuracy+1","Backflip+1","Violence","Writhe","Accuracy","Blade Dance+1","Choke","Burst+1","Blade Dance","Cloak And Dagger+1"],"special_seed":0,"relics":["Sozu","WarpedTongs","Shuriken","Sundial","Empty Cage","Kunai","The Courier","Runic Dome","Ice Cream","Bag of Marbles","Tough Bandages","Red Mask","Question Card"],"potions_floor_usage":[],"damage_taken":[{"damage":1.0,"enemies":"Jaw Worm","floor":1.0,"turns":4.0},{"damage":0.0,"enemies":"Cultist","floor":2.0,"turns":3.0},{"damage":6.0,"enemies":"Small Slimes","floor":4.0,"turns":4.0},{"damage":3.0,"enemies":"3 Louse","floor":7.0,"turns":3.0},{"damage":8.0,"enemies":"Exordium Thugs","floor":8.0,"turns":3.0},{"damage":31.0,"enemies":"3 Sentries","floor":10.0,"turns":9.0},{"damage":0.0,"enemies":"2 Fungi Beasts","floor":11.0,"turns":3.0},{"damage":2.0,"enemies":"Looter","floor":14.0,"turns":2.0},{"damage":13.0,"enemies":"The Guardian","floor":16.0,"turns":10.0},{"damage":2.0,"enemies":"Shell Parasite","floor":18.0,"turns":4.0},{"damage":0.0,"enemies":"3 Byrds","floor":19.0,"turns":5.0},{"damage":13.0,"enemies":"Shelled Parasite and Fungi","floor":20.0,"turns":6.0},{"damage":21.0,"enemies":"Snecko","floor":22.0,"turns":6.0},{"damage":11.0,"enemies":"Snake Plant","floor":25.0,"turns":4.0},{"damage":11.0,"enemies":"Centurion and Healer","floor":29.0,"turns":4.0},{"damage":15.0,"enemies":"Sentry and Sphere","floor":30.0,"turns":4.0},{"damage":17.0,"enemies":"Slavers","floor":31.0,"turns":4.0},{"damage":12.0,"enemies":"Automaton","floor":33.0,"turns":9.0},{"damage":7.0,"enemies":"Orb Walker","floor":35.0,"turns":2.0},{"damage":16.0,"enemies":"2 Orb Walkers","floor":36.0,"turns":3.0},{"damage":4.0,"enemies":"3 Shapes","floor":37.0,"turns":4.0},{"damage":0.0,"enemies":"Giant Head","floor":41.0,"turns":2.0},{"damage":17,"enemies":"3 Darklings","floor":42,"turns":3},{"damage":10,"enemies":"Sphere and 2 Shapes","floor":45,"turns":4},{"damage":1,"enemies":"4 Shapes","floor":47,"turns":4},{"damage":30,"enemies":"Donu and Deca","floor":50,"turns":6},{"damage":5,"enemies":"Shield and Spear","floor":54,"turns":4},{"damage":66,"enemies":"The Heart","floor":55,"turns":3}],"seed_played":"7790905507255273116","potions_obtained":[],"is_trial":false,"path_per_floor":["M","M","?","M","$","R","M","M","T","E","M","?","R","M","R","B",null,"M","M","M","$","M","R","?","M","T","R","$","M","M","E","R","B",null,"M","?","M","?","?","R","E","M","T","$","M","R","M","?","R","B",null,"R","$","E","B"],"character_chosen":"THE_SILENT","items_purchased":["Kunai","Accuracy","Blade Dance","Choke","Burst","Blade Dance"],"campfire_rested":4,"item_purchase_floors":[21,44,44,44,44,44],"current_hp_per_floor":[69,69,69,63,63,63,60,52,52,21,21,21,21,19,40,27,70,68,68,55,55,34,34,34,23,23,44,44,33,18,1,22,10,70,63,47,43,43,61,61,61,44,44,44,34,55,54,54,54,24,70,70,70,65,0],"gold":26,"neow_bonus":"BOSS_RELIC","is_prod":false,"is_daily":false,"chose_seed":false,"campfire_upgraded":5,"win_rate":0,"timestamp":1543014760,"path_taken":["M","M","?","M","$","R","M","M","T","E","?","?","R","M","R","BOSS","M","M","M","$","M","R","?","M","T","R","?","M","M","E","R","BOSS","M","?","M","?","?","R","E","M","T","?","?","R","M","?","R","BOSS","R","$","E","BOSS"],"build_version":"2018-11-15","purchased_purges":1,"victory":false,"max_hp_per_floor":[70,70,70,70,70,70,70,70,70,70,70,70,70,70,70,70,70,70,70,70,70,70,70,70,70,70,70,70,70,70,70,70,70,70,70,70,70,70,70,70,70,70,70,70,70,70,70,70,70,70,70,70,70,70,70],"card_choices":[{"not_picked":["Well Laid Plans","Finisher"],"picked":"Blade Dance","floor":1.0},{"not_picked":["Catalyst","Bane"],"picked":"Blade Dance","floor":2.0},{"not_picked":["Well Laid Plans","Outmaneuver","Flechettes"],"picked":"SKIP","floor":4.0},{"not_picked":["Bane","Flechettes","Underhanded Strike"],"picked":"SKIP","floor":7.0},{"not_picked":["Bane","Deadly Poison"],"picked":"Burst","floor":8.0},{"not_picked":["Glass Knife","Dodge and Roll","Underhanded Strike"],"picked":"SKIP","floor":10.0},{"not_picked":["Deflect","Poisoned Stab","Dagger Spray"],"picked":"SKIP","floor":11.0},{"not_picked":["Dagger Throw","Dagger Spray","Prepared"],"picked":"SKIP","floor":14.0},{"not_picked":["Underhanded Strike","Bane","All Out Attack+1"],"picked":"SKIP","floor":18.0},{"not_picked":["Prepared","Flying Knee"],"picked":"Escape Plan","floor":19.0},{"not_picked":["Slice","Expertise","Deadly Poison"],"picked":"SKIP","floor":20.0},{"not_picked":["Backflip","Sucker Punch"],"picked":"Finisher","floor":22.0},{"not_picked":["PiercingWail+1","Blur","Outmaneuver"],"picked":"SKIP","floor":25.0},{"not_picked":["Quick Slash","Outmaneuver"],"picked":"Terror+1","floor":29.0},{"not_picked":["Deflect","Tactician","Dagger Throw+1"],"picked":"SKIP","floor":30.0},{"not_picked":["Infinite Blades","A Thousand Cuts"],"picked":"Accuracy+1","floor":31.0},{"not_picked":["Unload","Venomology"],"picked":"After Image","floor":33.0},{"not_picked":["Dagger Throw+1","Concentrate+1"],"picked":"Acrobatics","floor":35.0},{"not_picked":["Blur","Calculated Gamble"],"picked":"Accuracy","floor":36.0},{"not_picked":["Acrobatics","Bane+1"],"picked":"Backflip+1","floor":37.0},{"not_picked":["PanicButton","Discovery"],"picked":"Violence","floor":38.0},{"not_picked":["Deflect+1","Underhanded Strike+1","Dagger Spray+1"],"picked":"SKIP","floor":41.0},{"not_picked":["Bane","Well Laid Plans+1","Setup"],"picked":"SKIP","floor":42},{"not_picked":["Endless Agony","Dagger Spray+1","Reflex+1"],"picked":"SKIP","floor":45},{"not_picked":["Underhanded Strike+1","Acrobatics+1","Burst"],"picked":"SKIP","floor":47},{"not_picked":["Skewer+1","Grand Finale"],"picked":"Cloak And Dagger+1","floor":54}],"player_experience":1018611,"relics_obtained":[{"floor":9.0,"key":"Shuriken"},{"floor":10.0,"key":"Sundial"},{"floor":31.0,"key":"The Courier"},{"floor":36.0,"key":"Ice Cream"},{"floor":41.0,"key":"Bag of Marbles"},{"floor":43,"key":"Tough Bandages"},{"floor":54,"key":"Question Card"}],"event_choices":[{"damage_healed":0.0,"max_hp_gain":0.0,"max_hp_loss":0.0,"gold_gain":0.0,"event_name":"Accursed Blacksmith","player_choice":"Rummage","floor":3.0,"gold_loss":0.0,"damage_taken":0.0,"relics_obtained":["WarpedTongs"],"cards_obtained":["Pain"]},{"cards_removed":["Strike_G"],"damage_healed":0.0,"max_hp_gain":0.0,"max_hp_loss":0.0,"gold_gain":0.0,"event_name":"The Cleric","player_choice":"Card Removal","floor":12.0,"gold_loss":50.0,"damage_taken":0.0},{"damage_healed":0.0,"max_hp_gain":0.0,"max_hp_loss":0.0,"gold_gain":0.0,"event_name":"Lab","player_choice":"Got Potions","floor":24.0,"gold_loss":0.0,"damage_taken":0.0},{"damage_healed":0.0,"max_hp_gain":0.0,"max_hp_loss":0.0,"gold_gain":0.0,"event_name":"Mysterious Sphere","player_choice":"Fight","floor":36.0,"gold_loss":0.0,"damage_taken":0.0},{"damage_healed":0.0,"max_hp_gain":0.0,"max_hp_loss":0.0,"gold_gain":0.0,"event_name":"SensoryStone","player_choice":"Memory 1","floor":38.0,"gold_loss":0.0,"damage_taken":0.0},{"damage_healed":18.0,"max_hp_gain":0.0,"max_hp_loss":0.0,"gold_gain":0.0,"event_name":"Winding Halls","player_choice":"Writhe","floor":39.0,"gold_loss":0.0,"damage_taken":0.0,"cards_obtained":["Writhe"]},{"damage_healed":0,"gold_gain":0,"player_choice":"Paid","damage_taken":0,"relics_obtained":["Red Mask"],"max_hp_gain":0,"max_hp_loss":0,"event_name":"Tomb of Lord Red Mask","floor":48,"gold_loss":47}],"is_beta":false,"boss_relics":[{"not_picked":["Lizard Tail","Velvet Choker"],"picked":"Empty Cage"},{"not_picked":["Black Star","Astrolabe"],"picked":"Runic Dome"}],"items_purged_floors":[5],"is_endless":false,"potions_floor_spawned":[1,7,8,14,18,22,25,36,41,42,47],"killed_by":"The Heart","ascension_level":0}