{"gold_per_floor":[116,116,133,133,143,143,155,155,180,180,105,124,155,172,172,270,270,283,299,399,410,410,410,435,449,449,144,154,164,164,179,179,179],"floor_reached":33,"playtime":2293,"items_purged":["Strike_R","Defend_R"],"score":312,"play_id":"1e5bf32e-e8ba-410a-a9b1-3c47531111e0","local_time":"20190602224024","is_ascension_mode":true,"campfire_choices":[{"data":"Strike_R","floor":6,"key":"PURGE"},{"data":"Strike_R","floor":10,"key":"PURGE"},{"data":"Strike_R","floor":15,"key":"PURGE"},{"data":"Bash","floor":23,"key":"PURGE"},{"floor":32,"key":"REST"}],"neow_cost":"TEN_PERCENT_HP_LOSS","seed_source_timestamp":692511128297054,"circlet_count":0,"master_deck":["Defend_R","Defend_R+1","Immolate+1","Immolate+1","Thunderclap+1","Disarm+1"],"special_seed":0,"relics":["Burning Blood","Peace Pipe","Boot","Red Skull","Dream Catcher","Empty Cage","Prayer Wheel","Toxic Egg 2","Question Card","Blood Vial","Toy Ornithopter"],"potions_floor_usage":[13,16,20,20,20,28,29,31,33],"damage_taken":[{"damage":6.0,"enemies":"2 Louse","floor":1.0,"turns":3.0},{"damage":6,"enemies":"Cultist","floor":3,"turns":3},{"damage":7,"enemies":"Jaw Worm","floor":5,"turns":2},{"damage":0,"enemies":"3 Louse","floor":7,"turns":1},{"damage":0,"enemies":"Gremlin Gang","floor":12,"turns":1},{"damage":12,"enemies":"3 Sentries","floor":13,"turns":4},{"damage":8,"enemies":"Looter","floor":14,"turns":4},{"damage":42,"enemies":"Slime Boss","floor":16,"turns":9},{"damage":31,"enemies":"Spheric Guardian","floor":18,"turns":4},{"damage":13,"enemies":"3 Byrds","floor":19,"turns":2},{"damage":22,"enemies":"Colosseum Slavers","floor":20,"turns":2},{"damage":0,"enemies":"Colosseum Nobs","floor":20,"turns":2},{"damage":9,"enemies":"Cultist and Chosen","floor":21,"turns":3},{"damage":29,"enemies":"Slavers","floor":24,"turns":2},{"damage":0,"enemies":"3 Cultists","floor":25,"turns":1},{"damage":20,"enemies":"Snake Plant","floor":28,"turns":2},{"damage":7,"enemies":"Snecko","floor":29,"turns":3},{"damage":12,"enemies":"Cultist and Chosen","floor":31,"turns":2},{"damage":49,"enemies":"Collector","floor":33,"turns":5}],"seed_played":"-2293386624395853433","potions_obtained":[{"floor":1.0,"key":"Regen Potion"},{"floor":5,"key":"AttackPotion"},{"floor":7,"key":"Poison Potion"},{"floor":16,"key":"FearPotion"},{"floor":19,"key":"SkillPotion"},{"floor":20,"key":"LiquidBronze"},{"floor":24,"key":"Swift Potion"},{"floor":25,"key":"EssenceOfSteel"},{"floor":31,"key":"SpeedPotion"}],"is_trial":false,"path_per_floor":["M","?","M","?","M","R","M","?","T","R","$","M","E","M","R","B",null,"M","M","?","M","?","R","E","M","T","$","M","M","?","M","R","B"],"character_chosen":"IRONCLAD","items_purchased":["Toy Ornithopter"],"campfire_rested":1,"item_purchase_floors":[27],"current_hp_per_floor":[72,72,72,60,59,59,65,65,65,65,65,71,65,63,63,27,72,47,40,35,32,32,32,9,15,15,15,8,14,14,15,36,0],"gold":179,"neow_bonus":"ONE_RARE_RELIC","is_prod":false,"is_daily":false,"chose_seed":false,"campfire_upgraded":0,"win_rate":0,"timestamp":1559529624,"path_taken":["M","?","?","?","M","R","M","?","T","R","$","M","E","M","R","BOSS","M","?","?","M","?","R","E","?","T","$","M","M","?","M","R","BOSS"],"build_version":"2019-01-23","purchased_purges":2,"victory":false,"max_hp_per_floor":[72,72,72,72,72,72,72,72,72,72,72,72,72,72,72,72,72,72,72,72,72,72,72,72,72,72,72,72,72,72,72,72,72],"card_choices":[{"not_picked":["Sentinel","Headbutt","Entrench"],"picked":"SKIP","floor":1.0},{"not_picked":["Clothesline","Shockwave","Clash"],"picked":"SKIP","floor":3},{"not_picked":["Sever Soul","Havoc","Anger"],"picked":"SKIP","floor":5},{"not_picked":["Clash","Entrench","Burning Pact"],"picked":"SKIP","floor":7},{"not_picked":["Cleave","Searing Blow","Rampage"],"picked":"SKIP","floor":12},{"not_picked":["Impervious","Armaments","Twin Strike"],"picked":"SKIP","floor":13},{"not_picked":["Rage","Pommel Strike","Carnage"],"picked":"SKIP","floor":14},{"not_picked":["Exhume","Juggernaut"],"picked":"Immolate","floor":16},{"not_picked":["Warcry","Feel No Pain","Heavy Blade"],"picked":"SKIP","floor":18},{"not_picked":["Havoc","Armaments","Power Through"],"picked":"SKIP","floor":19},{"not_picked":["Warcry+1","Flex+1"],"picked":"Thunderclap+1","floor":20},{"not_picked":["Clash","Warcry+1","Intimidate+1"],"picked":"SKIP","floor":21},{"not_picked":["Fire Breathing","Metallicize","Pummel"],"picked":"SKIP","floor":21},{"not_picked":["Carnage+1","Brutality","Feel No Pain+1"],"picked":"SKIP","floor":24},{"not_picked":["Shrug It Off+1","Thunderclap","Cleave","Sword Boomerang"],"picked":"SKIP","floor":25},{"not_picked":["Perfected Strike","Cleave","Heavy Blade+1","Iron Wave"],"picked":"SKIP","floor":25},{"not_picked":["Twin Strike","Second Wind+1","Exhume+1"],"picked":"Disarm+1","floor":28},{"not_picked":["Anger","Twin Strike","Warcry+1","Cleave"],"picked":"SKIP","floor":28},{"not_picked":["Shockwave+1","Clothesline+1","Fire Breathing","Heavy Blade+1"],"picked":"SKIP","floor":29},{"not_picked":["Twin Strike","Searing Blow","Clash","True Grit+1"],"picked":"SKIP","floor":29},{"not_picked":["Reckless Charge","Blood for Blood","Combust+1","Berserk"],"picked":"SKIP","floor":31},{"not_picked":["Perfected Strike","Cleave","Wild Strike","Pommel Strike"],"picked":"SKIP","floor":31}],"player_experience":44607,"relics_obtained":[{"floor":9,"key":"Red Skull"},{"floor":13,"key":"Dream Catcher"},{"floor":20,"key":"Prayer Wheel"},{"floor":20,"key":"Toxic Egg 2"},{"floor":24,"key":"Question Card"},{"floor":26,"key":"Blood Vial"}],"event_choices":[{"damage_healed":0,"gold_gain":0,"player_choice":"1 cards matched","damage_taken":0,"max_hp_gain":0,"max_hp_loss":0,"event_name":"Match and Keep!","floor":2,"gold_loss":0,"cards_obtained":["Immolate"]},{"damage_healed":0,"gold_gain":0,"player_choice":"Success","damage_taken":12,"relics_obtained":["Boot"],"max_hp_gain":0,"max_hp_loss":0,"event_name":"Scrap Ooze","floor":4,"gold_loss":0},{"damage_healed":0,"gold_gain":0,"player_choice":"Upgraded","damage_taken":0,"max_hp_gain":0,"max_hp_loss":0,"event_name":"Upgrade Shrine","floor":8,"gold_loss":0,"cards_upgraded":["Immolate"]},{"damage_healed":0,"gold_gain":0,"player_choice":"Fight","damage_taken":0,"max_hp_gain":0,"max_hp_loss":0,"event_name":"Colosseum","floor":20,"gold_loss":0},{"damage_healed":0,"gold_gain":0,"player_choice":"Fought Nobs","damage_taken":0,"max_hp_gain":0,"max_hp_loss":0,"event_name":"Colosseum","floor":20,"gold_loss":0},{"damage_healed":0,"gold_gain":0,"player_choice":"Forge","damage_taken":0,"max_hp_gain":0,"max_hp_loss":0,"event_name":"Accursed Blacksmith","floor":22,"gold_loss":0,"cards_upgraded":["Immolate"]},{"damage_healed":0,"gold_gain":0,"player_choice":"Upgraded","damage_taken":0,"max_hp_gain":0,"max_hp_loss":0,"event_name":"Upgrade Shrine","floor":30,"gold_loss":0,"cards_upgraded":["Defend_R"]}],"is_beta":false,"boss_relics":[{"not_picked":["Calling Bell","Philosopher\u0027s Stone"],"picked":"Empty Cage"}],"items_purged_floors":[11,27],"is_endless":false,"potions_floor_spawned":[1,5,7,16,19,20,24,25,31],"killed_by":"Collector","ascension_level":3}