{"gold_per_floor":[110,110,122,138,219,252,271,271,271,271,305,315,415,441,441,542,542,553,563,563,209,209,209,269,294,320,337,487,501,531,544,544,640,640,658,708,718,728,329,364,364,396,396,396,410,430,462,565,565,565,565,565,30,56,56],"floor_reached":56,"playtime":4910,"items_purged":["Loop","Defend_B","Defend_B"],"score":1726,"play_id":"90cf04aa-b9b5-422c-b589-021ffc7d8968","local_time":"20190729181801","is_ascension_mode":true,"campfire_choices":[{"data":"Hyperbeam","floor":8.0,"key":"SMITH"},{"data":"Seek","floor":15.0,"key":"SMITH"},{"data":"Buffer","floor":23.0,"key":"SMITH"},{"data":"Seek","floor":32.0,"key":"SMITH"},{"data":"Seek","floor":41.0,"key":"SMITH"},{"data":"Seek","floor":44.0,"key":"SMITH"},{"floor":49.0,"key":"RECALL"},{"floor":52.0,"key":"REST"}],"neow_cost":"NONE","seed_source_timestamp":17930225102725,"circlet_count":0,"master_deck":["Strike_B+1","Strike_B+1","Defend_B","Defend_B","Steam","Hyperbeam+1","Rebound","Conserve Battery","Leap","Seek+1","Buffer+1","Rebound+1","RitualDagger+1","Seek+1","Conserve Battery","BootSequence+1","Beam Cell+1","Hologram","Double Energy+1","Seek+1","Leap+1","Go for the Eyes+1","Conserve Battery+1","Seek+1","Beam Cell+1","Doubt","Beam Cell+1","Core Surge+1","All For One+1","FTL+1","Rebound+1","Leap+1"],"special_seed":0,"relics":["Cracked Core","NeowsBlessing","Singing Bowl","Centennial Puzzle","Molten Egg 2","Whetstone","Ornamental Fan","Empty Cage","HandDrill","SsserpentHead","Strawberry","Vajra","Cables","Cursed Key","Juzu Bracelet","PreservedInsect","Dodecahedron","Bird Faced Urn","Bottled Lightning","StoneCalendar","Ginger","Mercury Hourglass"],"potions_floor_usage":[55,55,55],"damage_taken":[{"damage":0.0,"enemies":"Small Slimes","floor":1.0,"turns":1.0},{"damage":0.0,"enemies":"Jaw Worm","floor":3.0,"turns":1.0},{"damage":0.0,"enemies":"Cultist","floor":4.0,"turns":1.0},{"damage":4.0,"enemies":"3 Sentries","floor":6.0,"turns":4.0},{"damage":6.0,"enemies":"2 Fungi Beasts","floor":7.0,"turns":2.0},{"damage":25.0,"enemies":"Lagavulin","floor":11.0,"turns":6.0},{"damage":0.0,"enemies":"Exordium Wildlife","floor":12.0,"turns":1.0},{"damage":0.0,"enemies":"3 Sentries","floor":14.0,"turns":3.0},{"damage":4.0,"enemies":"Slime Boss","floor":16.0,"turns":5.0},{"damage":27.0,"enemies":"2 Thieves","floor":18.0,"turns":3.0},{"damage":9.0,"enemies":"Shell Parasite","floor":19.0,"turns":8.0},{"damage":1.0,"enemies":"Snecko","floor":24.0,"turns":3.0},{"damage":2.0,"enemies":"Gremlin Leader","floor":25.0,"turns":4.0},{"damage":0.0,"enemies":"3 Cultists","floor":27.0,"turns":2.0},{"damage":0.0,"enemies":"Centurion and Healer","floor":29.0,"turns":5.0},{"damage":3.0,"enemies":"Slavers","floor":30.0,"turns":4.0},{"damage":0.0,"enemies":"Chosen and Byrds","floor":31.0,"turns":6.0},{"damage":17.0,"enemies":"Collector","floor":33.0,"turns":8.0},{"damage":0.0,"enemies":"3 Shapes","floor":35.0,"turns":3.0},{"damage":0.0,"enemies":"Orb Walker","floor":37.0,"turns":1.0},{"damage":8.0,"enemies":"3 Darklings","floor":38.0,"turns":3.0},{"damage":0.0,"enemies":"Giant Head","floor":40.0,"turns":5.0},{"damage":14.0,"enemies":"Reptomancer","floor":42.0,"turns":3.0},{"damage":0.0,"enemies":"Spire Growth","floor":45.0,"turns":2.0},{"damage":0.0,"enemies":"Maw","floor":46.0,"turns":5.0},{"damage":0.0,"enemies":"Nemesis","floor":47.0,"turns":3.0},{"damage":0.0,"enemies":"2 Orb Walkers","floor":48.0,"turns":1.0},{"damage":44.0,"enemies":"Time Eater","floor":50.0,"turns":8.0},{"damage":0.0,"enemies":"Shield and Spear","floor":54.0,"turns":2.0},{"damage":73,"enemies":"The Heart","floor":55,"turns":8}],"seed_played":"-3620073530607434096","potions_obtained":[{"floor":1.0,"key":"PowerPotion"},{"floor":4.0,"key":"AttackPotion"},{"floor":12.0,"key":"AttackPotion"},{"floor":16.0,"key":"FearPotion"},{"floor":24.0,"key":"Energy Potion"},{"floor":29.0,"key":"FearPotion"},{"floor":30.0,"key":"FocusPotion"},{"floor":35.0,"key":"Dexterity Potion"},{"floor":38.0,"key":"EssenceOfSteel"},{"floor":47.0,"key":"FocusPotion"},{"floor":48.0,"key":"Fire Potion"},{"floor":54.0,"key":"Regen Potion"}],"is_trial":false,"path_per_floor":["M","?","M","M","T","E","M","R","T","?","E","M","?","E","R","B",null,"M","M","?","$","?","R","M","E","T","M","?","M","E","M","R","B",null,"M","?","M","M","$","E","R","E","T","R","M","M","E","?","R","B",null,"R","$","E","B",null],"character_chosen":"DEFECT","items_purchased":["HandDrill","Seek","Juzu Bracelet","PreservedInsect","Ginger","Rebound+1","AttackPotion"],"campfire_rested":1,"item_purchase_floors":[21,21,39,39,53,53,53],"current_hp_per_floor":[68,68,68,68,68,64,58,58,58,51,26,28,28,28,28,24,64,39,30,24,24,24,24,23,30,30,30,30,30,27,27,27,10,69,69,69,69,61,61,61,61,47,47,47,47,49,49,49,49,7,68,88,88,88,28],"gold":56,"neow_bonus":"THREE_ENEMY_KILL","is_prod":false,"is_daily":false,"chose_seed":false,"campfire_upgraded":6,"win_rate":0,"timestamp":1564438681,"path_taken":["M","?","M","M","?","E","M","R","T","?","E","M","?","E","R","BOSS","M","?","?","$","?","R","?","E","T","M","?","M","E","M","R","BOSS","M","?","M","M","$","E","R","E","T","R","M","M","E","?","R","BOSS","R","$","E","BOSS"],"build_version":"2019-07-17","purchased_purges":3,"victory":true,"max_hp_per_floor":[75,75,75,75,75,75,75,75,75,75,75,77,77,77,77,77,77,79,79,79,79,79,79,79,88,88,88,88,88,88,88,88,88,88,88,88,88,88,88,88,88,88,88,88,88,88,88,88,88,88,88,88,88,88,88],"card_choices":[{"not_picked":["Steam Power","Steam"],"picked":"Loop","floor":1.0},{"not_picked":["Barrage","Redo"],"picked":"Steam","floor":3.0},{"not_picked":["Leap","Reinforced Body"],"picked":"Hyperbeam","floor":4.0},{"not_picked":["Melter","Conserve Battery"],"picked":"Rebound","floor":6.0},{"not_picked":["Streamline","Static Discharge"],"picked":"Conserve Battery","floor":7.0},{"not_picked":["Defragment","Loop"],"picked":"Leap","floor":11.0},{"not_picked":["Compile Driver+1","Amplify","Steam"],"picked":"Singing Bowl","floor":12.0},{"not_picked":["Hologram","Skim"],"picked":"Seek","floor":14.0},{"not_picked":["Creative AI","Fission"],"picked":"Buffer","floor":16.0},{"not_picked":["Stack","Redo","Cold Snap+1"],"picked":"Singing Bowl","floor":18.0},{"not_picked":["Steam","Stack"],"picked":"Rebound+1","floor":19.0},{"not_picked":["Stack+1","Blizzard+1"],"picked":"Conserve Battery","floor":24.0},{"not_picked":["Ball Lightning+1","Compile Driver+1","Stack+1"],"picked":"Singing Bowl","floor":25.0},{"not_picked":["Hologram","Capacitor+1"],"picked":"BootSequence+1","floor":27.0},{"not_picked":["Chill","Sweeping Beam+1"],"picked":"Beam Cell+1","floor":29.0},{"not_picked":["Streamline+1","Skim"],"picked":"Hologram","floor":30.0},{"not_picked":["Rebound+1","Go for the Eyes+1"],"picked":"Double Energy+1","floor":31.0},{"not_picked":["Amplify","Rainbow"],"picked":"Seek","floor":33.0},{"not_picked":["Steam+1","Defragment"],"picked":"Leap+1","floor":35.0},{"not_picked":["Ball Lightning+1","Cold Snap+1"],"picked":"Go for the Eyes+1","floor":37.0},{"not_picked":["Streamline+1","Skim"],"picked":"Conserve Battery+1","floor":38.0},{"not_picked":["Steam+1","Redo+1"],"picked":"Seek","floor":40.0},{"not_picked":["Skim","Stack+1"],"picked":"Beam Cell+1","floor":42.0},{"not_picked":["Go for the Eyes+1","Blizzard+1"],"picked":"Beam Cell+1","floor":45.0},{"not_picked":["Leap","BootSequence+1"],"picked":"Core Surge+1","floor":46.0},{"not_picked":["Genetic Algorithm","Rebound+1"],"picked":"All For One+1","floor":47.0},{"not_picked":["Cold Snap+1","Hologram+1"],"picked":"FTL+1","floor":48.0},{"not_picked":["Heatsinks+1","Recycle+1"],"picked":"Leap+1","floor":54.0}],"player_experience":299931,"relics_obtained":[{"floor":5.0,"key":"Singing Bowl"},{"floor":6.0,"key":"Centennial Puzzle"},{"floor":9.0,"key":"Molten Egg 2"},{"floor":11.0,"key":"Whetstone"},{"floor":14.0,"key":"Ornamental Fan"},{"floor":25.0,"key":"Strawberry"},{"floor":26.0,"key":"Vajra"},{"floor":30.0,"key":"Cables"},{"floor":40.0,"key":"Dodecahedron"},{"floor":42.0,"key":"Bird Faced Urn"},{"floor":47.0,"key":"Bottled Lightning"},{"floor":48.0,"key":"StoneCalendar"},{"floor":54.0,"key":"Mercury Hourglass"}],"event_choices":[{"cards_removed":["Strike_B"],"damage_healed":0.0,"max_hp_gain":0.0,"max_hp_loss":0.0,"gold_gain":0.0,"event_name":"Living Wall","player_choice":"Forget","floor":2.0,"gold_loss":0.0,"damage_taken":0.0},{"cards_removed":["Strike_B"],"damage_healed":0.0,"max_hp_gain":0.0,"max_hp_loss":0.0,"gold_gain":0.0,"event_name":"Golden Wing","player_choice":"Card Removal","floor":10.0,"gold_loss":0.0,"damage_taken":7.0},{"damage_healed":0.0,"max_hp_gain":0.0,"max_hp_loss":0.0,"gold_gain":100.0,"event_name":"Golden Shrine","player_choice":"Pray","floor":13.0,"gold_loss":0.0,"damage_taken":0.0},{"damage_healed":0.0,"max_hp_gain":0.0,"max_hp_loss":0.0,"gold_gain":0.0,"event_name":"Nest","player_choice":"Joined the Cult","floor":20.0,"gold_loss":0.0,"damage_taken":6.0,"cards_obtained":["RitualDagger"]},{"damage_healed":0.0,"max_hp_gain":0.0,"max_hp_loss":0.0,"gold_gain":0.0,"event_name":"FaceTrader","player_choice":"Trade","floor":22.0,"gold_loss":0.0,"damage_taken":0.0,"relics_obtained":["SsserpentHead"]},{"damage_healed":0.0,"max_hp_gain":0.0,"max_hp_loss":0.0,"gold_gain":100.0,"event_name":"Golden Shrine","player_choice":"Pray","floor":28.0,"gold_loss":0.0,"damage_taken":0.0},{"damage_healed":0.0,"max_hp_gain":0.0,"max_hp_loss":0.0,"gold_gain":0.0,"event_name":"Tomb of Lord Red Mask","player_choice":"Ignored","floor":36.0,"gold_loss":0.0,"damage_taken":0.0},{"damage_healed":0.0,"max_hp_gain":0.0,"max_hp_loss":0.0,"gold_gain":0.0,"event_name":"Mysterious Sphere","player_choice":"Fight","floor":48.0,"gold_loss":0.0,"damage_taken":0.0}],"is_beta":false,"boss_relics":[{"not_picked":["Eternal Feather","Fusion Hammer"],"picked":"Empty Cage"},{"not_picked":["Runic Pyramid","Nuclear Battery"],"picked":"Cursed Key"}],"items_purged_floors":[21,39,53],"is_endless":false,"potions_floor_spawned":[1,4,12,16,24,29,30,35,38,47,48,54],"ascension_level":6}