{"gold_per_floor":[112,130,130,141,152,152,163,163,163,163,182,182,57,91,91,165,165,178,178,9,22,22,22,36,0,27,78,90,90,101,126,126,201,201,220,234,334,334,334,364,380,380,380,398,416,416,416,434,434,434,434],"floor_reached":52,"playtime":3436,"items_purged":["Defend_R"],"score":2358,"play_id":"a7037ace-3468-4368-bc21-9bd252e090d7","local_time":"20190728184703","is_ascension_mode":true,"campfire_choices":[{"data":"Armaments","floor":6,"key":"SMITH"},{"floor":8,"key":"REST"},{"data":"Juggernaut","floor":12,"key":"SMITH"},{"data":"True Grit","floor":15,"key":"SMITH"},{"data":"Corruption","floor":23,"key":"SMITH"},{"data":"Dark Embrace","floor":29,"key":"SMITH"},{"data":"Body Slam","floor":32,"key":"SMITH"},{"floor":42,"key":"REST"},{"data":"Strike_R","floor":47,"key":"PURGE"},{"data":"Strike_R","floor":49,"key":"PURGE"}],"neow_cost":"NONE","seed_source_timestamp":0,"circlet_count":0,"master_deck":["AscendersBane","Strike_R+1","Strike_R","Defend_R","Defend_R","Defend_R","Bash","Juggernaut+1","Shrug It Off","Seeing Red","Armaments+1","Body Slam+1","Cleave+1","True Grit+1","Seeing Red","Feed+1","Corruption+1","True Grit","Iron Wave+1","Burning Pact","Havoc","Shrug It Off","Body Slam+1","Dark Embrace+1","Body Slam+1","Fiend Fire+1","Sentinel","Ghostly Armor+1","Madness","Madness","Barricade","Havoc","Sentinel"],"special_seed":0,"relics":["Burning Blood","Bottled Lightning","Dead Branch","Molten Egg 2","Orrery","Lantern","Oddly Smooth Stone","Ancient Tea Set","Mercury Hourglass","Runic Cube","Peace Pipe","Matryoshka","Whetstone","Omamori"],"potions_floor_usage":[14,16,16,31,33,41,50],"damage_taken":[{"damage":14,"enemies":"Small Slimes","floor":1,"turns":4},{"damage":13,"enemies":"Cultist","floor":2,"turns":5},{"damage":12,"enemies":"Jaw Worm","floor":4,"turns":4},{"damage":27,"enemies":"Large Slime","floor":5,"turns":6},{"damage":0,"enemies":"Looter","floor":7,"turns":4},{"damage":0,"enemies":"Exordium Wildlife","floor":11,"turns":3},{"damage":11,"enemies":"Gremlin Nob","floor":14,"turns":3},{"damage":3,"enemies":"The Guardian","floor":16,"turns":9},{"damage":16,"enemies":"Shell Parasite","floor":18,"turns":3},{"damage":1,"enemies":"Spheric Guardian","floor":21,"turns":2},{"damage":17,"enemies":"Snake Plant","floor":24,"turns":3},{"damage":4,"enemies":"Centurion and Healer","floor":28,"turns":4},{"damage":16,"enemies":"Sentry and Sphere","floor":30,"turns":4},{"damage":1,"enemies":"Gremlin Leader","floor":31,"turns":3},{"damage":4,"enemies":"Automaton","floor":33,"turns":3},{"damage":4,"enemies":"3 Shapes","floor":35,"turns":3},{"damage":0,"enemies":"Orb Walker","floor":36,"turns":2},{"damage":0,"enemies":"Mind Bloom Boss Battle","floor":37,"turns":2},{"damage":59,"enemies":"Giant Head","floor":40,"turns":6},{"damage":29,"enemies":"Spire Growth","floor":41,"turns":4},{"damage":22,"enemies":"4 Shapes","floor":44,"turns":4},{"damage":0,"enemies":"Transient","floor":45,"turns":6},{"damage":3,"enemies":"Jaw Worm Horde","floor":48,"turns":5},{"damage":10,"enemies":"Donu and Deca","floor":50,"turns":3},{"damage":9,"enemies":"Awakened One","floor":51,"turns":5}],"seed_played":"-6395174742980572043","potions_obtained":[{"floor":2,"key":"SkillPotion"},{"floor":11,"key":"Strength Potion"},{"floor":14,"key":"Poison Potion"},{"floor":24,"key":"BloodPotion"},{"floor":30,"key":"Block Potion"},{"floor":31,"key":"PowerPotion"},{"floor":33,"key":"Fire Potion"},{"floor":45,"key":"EssenceOfSteel"}],"is_trial":false,"path_per_floor":["M","M","?","M","M","R","M","R","T","T","M","R","$","E","R","B",null,"M","?","$","M","?","R","M","?","T","T","M","R","M","E","R","B",null,"M","M","?","?","?","E","M","R","T","M","M","?","R","M","R","B","B",null],"character_chosen":"IRONCLAD","items_purchased":["True Grit","Lantern"],"campfire_rested":2,"item_purchase_floors":[13,20],"current_hp_per_floor":[60,53,53,47,26,26,32,54,54,54,60,60,60,55,55,58,71,61,61,61,66,66,66,55,55,55,55,57,57,47,56,56,58,74,76,79,79,65,65,12,8,31,31,15,21,65,65,69,69,65,62],"gold":434,"neow_bonus":"ONE_RANDOM_RARE_CARD","is_prod":false,"is_daily":false,"chose_seed":false,"campfire_upgraded":6,"win_rate":0,"timestamp":1564364823,"path_taken":["M","M","?","?","M","R","M","R","T","?","?","R","?","E","R","BOSS","M","?","$","M","?","R","M","?","T","?","M","R","?","E","R","BOSS","M","M","?","?","?","E","?","R","T","M","?","?","R","M","R","BOSS","BOSS"],"build_version":"2019-07-17","purchased_purges":1,"victory":true,"max_hp_per_floor":[75,75,75,75,75,75,75,75,75,75,75,75,75,75,75,75,75,75,75,75,75,75,75,75,75,75,75,75,75,75,79,79,79,79,79,79,79,79,79,79,79,79,79,79,79,65,65,69,69,69,69],"card_choices":[{"not_picked":["Heavy Blade","Flex","Thunderclap"],"picked":"SKIP","floor":1},{"not_picked":["Bloodletting","Infernal Blade"],"picked":"Shrug It Off","floor":2},{"not_picked":["Thunderclap","Sever Soul"],"picked":"Seeing Red","floor":4},{"not_picked":["Sever Soul","Flex"],"picked":"Armaments","floor":5},{"not_picked":["Warcry","Demon Form"],"picked":"Body Slam","floor":7},{"not_picked":["Sword Boomerang","Spot Weakness"],"picked":"Cleave","floor":11},{"not_picked":["Carnage","Flex"],"picked":"Seeing Red","floor":14},{"not_picked":["Limit Break","Brutality"],"picked":"Feed+1","floor":16},{"not_picked":["Clash+1","Flex"],"picked":"Corruption","floor":17},{"not_picked":["Perfected Strike+1","Havoc"],"picked":"True Grit","floor":17},{"not_picked":["Blood for Blood+1","Metallicize"],"picked":"Iron Wave+1","floor":17},{"not_picked":["Sword Boomerang+1","Twin Strike+1"],"picked":"Burning Pact","floor":17},{"not_picked":["Wild Strike+1","Clothesline+1"],"picked":"Havoc","floor":17},{"not_picked":["Pommel Strike+1","Thunderclap+1","Limit Break"],"picked":"SKIP","floor":18},{"not_picked":["Anger+1","Perfected Strike+1"],"picked":"Body Slam+1","floor":21},{"not_picked":["Armaments","Wild Strike+1"],"picked":"Dark Embrace","floor":24},{"not_picked":["Intimidate","Thunderclap+1"],"picked":"Body Slam+1","floor":28},{"not_picked":["Whirlwind+1","Iron Wave+1","Clash+1"],"picked":"SKIP","floor":30},{"not_picked":["Carnage+1","Heavy Blade+1","Headbutt+1"],"picked":"SKIP","floor":31},{"not_picked":["Reaper+1","Demon Form"],"picked":"Fiend Fire+1","floor":33},{"not_picked":["Perfected Strike+1","Clothesline+1"],"picked":"Sentinel","floor":35},{"not_picked":["Spot Weakness+1","Armaments","Headbutt+1"],"picked":"SKIP","floor":36},{"not_picked":["Pommel Strike+1","Whirlwind+1"],"picked":"Ghostly Armor+1","floor":37},{"not_picked":["Armaments","Twin Strike+1","Berserk"],"picked":"SKIP","floor":40},{"not_picked":["Armaments","Anger+1"],"picked":"Havoc","floor":41},{"not_picked":["Iron Wave+1","Headbutt+1","Wild Strike+1"],"picked":"SKIP","floor":44},{"not_picked":["Sword Boomerang+1","Rupture","Perfected Strike+1"],"picked":"SKIP","floor":45},{"not_picked":["Shrug It Off","Iron Wave+1"],"picked":"Sentinel","floor":48}],"player_experience":1451405,"relics_obtained":[{"floor":9,"key":"Bottled Lightning"},{"floor":10,"key":"Dead Branch"},{"floor":14,"key":"Molten Egg 2"},{"floor":26,"key":"Oddly Smooth Stone"},{"floor":27,"key":"Ancient Tea Set"},{"floor":31,"key":"Mercury Hourglass"},{"floor":37,"key":"Peace Pipe"},{"floor":40,"key":"Matryoshka"},{"floor":43,"key":"Whetstone"},{"floor":43,"key":"Omamori"}],"event_choices":[{"cards_removed":["Strike_R"],"damage_healed":0,"gold_gain":0,"player_choice":"Offered Basic","damage_taken":0,"max_hp_gain":0,"max_hp_loss":0,"event_name":"Bonfire Elementals","floor":3,"gold_loss":0},{"damage_healed":0,"gold_gain":0,"player_choice":"Read","damage_taken":0,"max_hp_gain":0,"max_hp_loss":0,"event_name":"The Library","floor":19,"gold_loss":0,"cards_obtained":["Shrug It Off"]},{"damage_healed":0,"gold_gain":0,"player_choice":"Ignored","damage_taken":0,"max_hp_gain":0,"max_hp_loss":0,"event_name":"Vampires","floor":22,"gold_loss":0},{"damage_healed":0,"gold_gain":0,"player_choice":"Paid Fearfully","damage_taken":0,"max_hp_gain":0,"max_hp_loss":0,"event_name":"Masked Bandits","floor":25,"gold_loss":36},{"damage_healed":0,"gold_gain":0,"player_choice":"Fight","damage_taken":0,"max_hp_gain":0,"max_hp_loss":0,"event_name":"MindBloom","floor":37,"gold_loss":0},{"damage_healed":0,"gold_gain":0,"player_choice":"Embrace Madness","damage_taken":14,"max_hp_gain":0,"max_hp_loss":0,"event_name":"Winding Halls","floor":38,"gold_loss":0,"cards_obtained":["Madness","Madness"]},{"damage_healed":0,"gold_gain":0,"player_choice":"1 cards matched","damage_taken":0,"max_hp_gain":0,"max_hp_loss":0,"event_name":"Match and Keep!","floor":39,"gold_loss":0,"cards_obtained":["Barricade"]},{"damage_healed":65,"gold_gain":0,"player_choice":"Heal","damage_taken":0,"max_hp_gain":0,"max_hp_loss":14,"event_name":"The Moai Head","floor":46,"gold_loss":0}],"is_beta":false,"boss_relics":[{"not_picked":["Runic Pyramid","Runic Dome"],"picked":"Orrery"},{"not_picked":["Eternal Feather","Black Blood"],"picked":"Runic Cube"}],"items_purged_floors":[13],"is_endless":false,"potions_floor_spawned":[2,11,14,24,30,31,33,37,40,45],"ascension_level":20}