{"gold_per_floor":[117,117,127,141,157,183,202,229,278,278,353,369,644,661,661,661],"floor_reached":16,"playtime":1228,"items_purged":[],"score":125,"play_id":"0073cfe2-a3fa-46f7-84ad-35e6d970aec4","local_time":"20190301142523","is_ascension_mode":true,"campfire_choices":[{"data":"Auto Shields","floor":10,"key":"SMITH"},{"data":"Zap","floor":15,"key":"SMITH"}],"neow_cost":"TEN_PERCENT_HP_LOSS","seed_source_timestamp":146403792790600,"circlet_count":0,"master_deck":["Strike_B","Strike_B","Strike_B","Defend_B+1","Defend_B+1","Defend_B","Zap+1","Dualcast","Core Surge","Auto Shields+1","Ball Lightning","Hologram","Ball Lightning","Ball Lightning","Loop","BootSequence"],"relics":["Cracked Core","Ancient Tea Set","Pear","Omamori"],"potions_floor_usage":[6,8,8,8,16],"damage_taken":[{"damage":6,"enemies":"Small Slimes","floor":1,"turns":3},{"damage":0,"enemies":"2 Louse","floor":3,"turns":2},{"damage":0,"enemies":"Cultist","floor":4,"turns":3},{"damage":0,"enemies":"Looter","floor":5,"turns":2},{"damage":5,"enemies":"Gremlin Nob","floor":6,"turns":3},{"damage":3,"enemies":"3 Louse","floor":7,"turns":3},{"damage":4,"enemies":"3 Sentries","floor":8,"turns":5},{"damage":9,"enemies":"Exordium Thugs","floor":12,"turns":3},{"damage":11,"enemies":"Looter","floor":14,"turns":2},{"damage":35,"enemies":"Slime Boss","floor":16,"turns":4}],"seed_played":"-4612081222952464048","potions_obtained":[{"floor":1,"key":"FearPotion"},{"floor":3,"key":"Energy Potion"},{"floor":6,"key":"AttackPotion"},{"floor":7,"key":"Regen Potion"},{"floor":8,"key":"Strength Potion"}],"is_trial":false,"path_per_floor":["M","?","M","M","M","E","M","E","T","R","?","M","?","M","R","B"],"character_chosen":"DEFECT","items_purchased":[],"campfire_rested":0,"item_purchase_floors":[],"current_hp_per_floor":[62,48,48,48,48,43,40,60,60,60,49,40,40,29,29,0],"gold":661,"neow_bonus":"TRANSFORM_TWO_CARDS","is_prod":false,"is_daily":false,"chose_seed":false,"campfire_upgraded":2,"win_rate":0,"timestamp":1551446723,"path_taken":["M","?","M","M","M","E","M","E","T","R","?","M","?","M","R","BOSS"],"build_version":"2019-02-06","purchased_purges":0,"victory":false,"max_hp_per_floor":[68,68,68,68,68,68,68,78,78,78,78,78,78,78,78,78],"card_choices":[{"not_picked":["Steam","Undo"],"picked":"Ball Lightning","floor":1},{"not_picked":["Chill","Consume"],"picked":"Hologram","floor":3},{"not_picked":["Recycle","Conserve Battery"],"picked":"Ball Lightning","floor":4},{"not_picked":["Go for the Eyes","Gash","Compile Driver"],"picked":"SKIP","floor":5},{"not_picked":["FTL","Barrage"],"picked":"Ball Lightning","floor":6},{"not_picked":["Melter","Beam Cell"],"picked":"Loop","floor":7},{"not_picked":["Self Repair","Cold Snap","Doom and Gloom"],"picked":"SKIP","floor":8},{"not_picked":["Melter","Go for the Eyes","Blizzard"],"picked":"SKIP","floor":12},{"not_picked":["Go for the Eyes","Meteor Strike"],"picked":"BootSequence","floor":14}],"player_experience":186030,"relics_obtained":[{"floor":6,"key":"Ancient Tea Set"},{"floor":8,"key":"Pear"},{"floor":9,"key":"Omamori"}],"event_choices":[{"damage_healed":0,"gold_gain":0,"player_choice":"Entered Light","damage_taken":14,"max_hp_gain":0,"max_hp_loss":0,"event_name":"Shining Light","floor":2,"gold_loss":0,"cards_upgraded":["Defend_B","Defend_B"]},{"damage_healed":0,"gold_gain":75,"player_choice":"Gather Gold","damage_taken":11,"max_hp_gain":0,"max_hp_loss":0,"event_name":"World of Goop","floor":11,"gold_loss":0},{"damage_healed":0,"gold_gain":275,"player_choice":"Desecrate","damage_taken":0,"max_hp_gain":0,"max_hp_loss":0,"event_name":"Golden Shrine","floor":13,"gold_loss":0,"cards_obtained":["Regret"]}],"is_beta":true,"boss_relics":[],"items_purged_floors":[],"is_endless":false,"potions_floor_spawned":[1,3,6,7,8],"killed_by":"Slime Boss","ascension_level":2}