{"gold_per_floor":[110,110,130,148,223,223,323,323,323,338,43,74,74,74,74,177,177,195,195,211,225,225,225,252,264,289,305,305,317,317,329,341,353],"floor_reached":33,"playtime":2834,"items_purged":["Strike_B"],"score":265,"play_id":"3250d25e-c398-47e4-afcb-5d016bd42db7","local_time":"20190814125622","is_ascension_mode":false,"campfire_choices":[{"data":"Zap","floor":6,"key":"SMITH"},{"data":"Dualcast","floor":8,"key":"SMITH"},{"floor":13,"key":"REST"},{"data":"Heatsinks","floor":15,"key":"SMITH"},{"data":"Self Repair","floor":23,"key":"SMITH"},{"data":"Seek","floor":28,"key":"SMITH"},{"data":"Loop","floor":32,"key":"SMITH"}],"neow_cost":"NONE","seed_source_timestamp":6988827612000,"circlet_count":0,"master_deck":["Defend_B","Defend_B","Defend_B","Defend_B","Zap+1","Dualcast+1","Gash","Ball Lightning","Aggregate","Genetic Algorithm","Heatsinks+1","Self Repair+1","Sunder","Seek+1","Hologram","Loop+1","Redo+1","Turbo+1","Force Field","Capacitor","Sweeping Beam+1","Defragment+1"],"relics":["Cracked Core","Ornamental Fan","Regal Pillow","Lantern","Ancient Tea Set","Coffee Dripper","Ice Cream","Dream Catcher","MawBank"],"potions_floor_usage":[16,20,27],"damage_taken":[{"damage":5,"enemies":"Jaw Worm","floor":1,"turns":4},{"damage":1,"enemies":"Cultist","floor":3,"turns":3},{"damage":7,"enemies":"2 Louse","floor":4,"turns":2},{"damage":0,"enemies":"Looter","floor":10,"turns":3},{"damage":37,"enemies":"3 Sentries","floor":12,"turns":9},{"damage":30,"enemies":"Slime Boss","floor":16,"turns":9},{"damage":25,"enemies":"3 Byrds","floor":18,"turns":5},{"damage":18,"enemies":"2 Thieves","floor":20,"turns":3},{"damage":10,"enemies":"Snecko","floor":21,"turns":4},{"damage":19,"enemies":"Gremlin Leader","floor":24,"turns":8},{"damage":36,"enemies":"Chosen and Byrds","floor":25,"turns":8},{"damage":9,"enemies":"Centurion and Healer","floor":27,"turns":8},{"damage":34,"enemies":"Snake Plant","floor":29,"turns":3},{"damage":17,"enemies":"Collector","floor":33,"turns":5}],"seed_played":"2804957107627189310","potions_obtained":[{"floor":1,"key":"SkillPotion"},{"floor":12,"key":"Block Potion"},{"floor":18,"key":"Explosive Potion"},{"floor":25,"key":"Dexterity Potion"}],"is_trial":false,"path_per_floor":["M","?","M","M","?","R","?","R","T","M","$","E","R","?","R","B",null,"M","?","M","M","?","R","E","M","T","M","R","M","?","?","R","B"],"character_chosen":"DEFECT","items_purchased":["Lantern","Self Repair"],"campfire_rested":1,"item_purchase_floors":[11,11],"current_hp_per_floor":[70,70,69,62,51,51,51,51,51,51,51,21,58,58,58,35,75,57,57,46,43,75,75,66,40,40,41,41,17,17,17,17,0],"gold":353,"neow_bonus":"TRANSFORM_CARD","is_prod":false,"is_daily":false,"chose_seed":false,"campfire_upgraded":6,"win_rate":0.0,"timestamp":1565758582,"path_taken":["M","?","M","?","?","R","?","R","T","?","?","E","R","?","R","BOSS","M","?","?","M","?","R","E","M","T","?","R","M","?","?","R","BOSS"],"build_version":"2019-07-17","purchased_purges":1,"victory":false,"max_hp_per_floor":[75,75,75,75,75,75,75,75,75,75,75,75,75,75,75,75,75,75,75,75,75,75,75,75,75,75,75,75,75,75,75,75,75],"card_choices":[{"not_picked":["Rip and Tear","Double Energy"],"picked":"Ball Lightning","floor":1},{"not_picked":["Turbo","Glacier"],"picked":"Aggregate","floor":3},{"not_picked":["Hello World","Cold Snap"],"picked":"Genetic Algorithm","floor":4},{"not_picked":["Streamline","Barrage"],"picked":"Heatsinks","floor":10},{"not_picked":["Go for the Eyes","Steam"],"picked":"Sunder","floor":12},{"not_picked":["Hyperbeam","Echo Form"],"picked":"Seek","floor":16},{"not_picked":["Steam","Stack"],"picked":"Hologram","floor":18},{"not_picked":["Compile Driver","Chill+1"],"picked":"Redo+1","floor":20},{"not_picked":["Beam Cell+1","White Noise"],"picked":"Turbo+1","floor":21},{"not_picked":["Streamline","Compile Driver"],"picked":"Force Field","floor":24},{"not_picked":["Lockon","Beam Cell"],"picked":"Capacitor","floor":25},{"not_picked":["Compile Driver","Coolheaded+1"],"picked":"Sweeping Beam+1","floor":27},{"not_picked":["Rebound","Sweeping Beam"],"picked":"Defragment","floor":29}],"player_experience":122209,"relics_obtained":[{"floor":9,"key":"Regal Pillow"},{"floor":12,"key":"Ancient Tea Set"},{"floor":24,"key":"Ice Cream"},{"floor":26,"key":"Dream Catcher"}],"event_choices":[{"damage_healed":0,"gold_gain":0,"player_choice":"Gave Potion","damage_taken":0,"relics_obtained":["Ornamental Fan"],"max_hp_gain":0,"max_hp_loss":0,"event_name":"WeMeetAgain","floor":2,"gold_loss":0},{"damage_healed":0,"gold_gain":75,"player_choice":"Gather Gold","damage_taken":11,"max_hp_gain":0,"max_hp_loss":0,"event_name":"World of Goop","floor":5,"gold_loss":0},{"damage_healed":0,"gold_gain":100,"player_choice":"Pray","damage_taken":0,"max_hp_gain":0,"max_hp_loss":0,"event_name":"Golden Shrine","floor":7,"gold_loss":0},{"cards_removed":["Strike_B"],"damage_healed":0,"gold_gain":0,"player_choice":"Forget","damage_taken":0,"max_hp_gain":0,"max_hp_loss":0,"event_name":"Living Wall","floor":14,"gold_loss":0},{"damage_healed":0,"gold_gain":0,"cards_transformed":["Strike_B"],"player_choice":"Transformed","damage_taken":0,"max_hp_gain":0,"max_hp_loss":0,"event_name":"Transmorgrifier","floor":19,"gold_loss":0,"cards_obtained":["Loop"]},{"damage_healed":32,"gold_gain":0,"player_choice":"Full Heal","damage_taken":0,"max_hp_gain":0,"max_hp_loss":0,"event_name":"Wheel of Change","floor":22,"gold_loss":0},{"damage_healed":0,"gold_gain":0,"player_choice":"Opened","damage_taken":0,"relics_obtained":["MawBank"],"max_hp_gain":0,"max_hp_loss":0,"event_name":"The Mausoleum","floor":30,"gold_loss":0},{"damage_healed":0,"gold_gain":0,"player_choice":"Upgraded","damage_taken":0,"max_hp_gain":0,"max_hp_loss":0,"event_name":"Upgrade Shrine","floor":31,"gold_loss":0,"cards_upgraded":["Defragment"]}],"is_beta":false,"boss_relics":[{"not_picked":["FrozenCore","Runic Dome"],"picked":"Coffee Dripper"}],"items_purged_floors":[11],"is_endless":false,"potions_floor_spawned":[1,12,18,25],"killed_by":"Collector","ascension_level":0}