{"gold_per_floor":[113,113,138,138,162,201,219,263,263,301,301,317,317,331,331,456,456,469,512,602,133,152,190,190,213,213,257,257,257,257,268,268,368,368,379,601,601,614,614,647,659,703,770,782,794,819,314,367,367,367,367,367,76,109,109],"floor_reached":56,"playtime":3727,"items_purged":["Strike_R","Strike_R"],"score":1284,"play_id":"d825aee5-1070-4c63-b646-50dfd2e6c9ad","local_time":"20190814214756","is_ascension_mode":true,"campfire_choices":[{"data":"Shockwave","floor":11.0,"key":"SMITH"},{"data":"Fiend Fire","floor":13.0,"key":"SMITH"},{"data":"Bash","floor":15,"key":"SMITH"},{"data":"Limit Break","floor":24,"key":"SMITH"},{"floor":28,"key":"REST"},{"data":"Uppercut","floor":32,"key":"SMITH"},{"floor":41,"key":"DIG"},{"floor":44,"key":"DIG"},{"floor":49,"key":"RECALL"},{"floor":52,"key":"DIG"}],"neow_cost":"NONE","seed_source_timestamp":70871164863500,"circlet_count":0,"master_deck":["Strike_R","Strike_R","Defend_R","Defend_R","Defend_R","Defend_R","Bash+1","Fiend Fire+1","Heavy Blade","Pummel","Spot Weakness","Clothesline","Shockwave+1","Feel No Pain","Cleave","Intimidate","Limit Break+1","Shrug It Off","Uppercut+1","Pummel","Barricade","Seeing Red","Intimidate+1","Immolate","Spot Weakness+1","Headbutt+1","Evolve+1","Fiend Fire","Apotheosis","True Grit","Pommel Strike","Disarm","Impervious"],"special_seed":0,"relics":["Burning Blood","Bloody Idol","Incense Burner","Anchor","Bag of Marbles","Paper Frog","Philosopher\u0027s Stone","Red Mask","Oddly Smooth Stone","Letter Opener","Shuriken","Shovel","Prayer Wheel","MutagenicStrength","Sozu","MawBank","Pear","Juzu Bracelet","Red Skull","Lantern","Gambling Chip","Mercury Hourglass","Dodecahedron","Pocketwatch"],"potions_floor_usage":[16,23,27,50,55],"damage_taken":[{"damage":1.0,"enemies":"Jaw Worm","floor":1.0,"turns":3.0},{"damage":0.0,"enemies":"2 Louse","floor":3.0,"turns":2.0},{"damage":1.0,"enemies":"Cultist","floor":5.0,"turns":3.0},{"damage":25.0,"enemies":"Gremlin Nob","floor":6.0,"turns":4.0},{"damage":0.0,"enemies":"3 Louse","floor":7.0,"turns":1.0},{"damage":30.0,"enemies":"3 Sentries","floor":8.0,"turns":8.0},{"damage":13.0,"enemies":"Gremlin Nob","floor":10.0,"turns":4.0},{"damage":0.0,"enemies":"Gremlin Gang","floor":12.0,"turns":2.0},{"damage":0,"enemies":"Blue Slaver","floor":14,"turns":2},{"damage":11,"enemies":"Slime Boss","floor":16,"turns":8},{"damage":0,"enemies":"Shell Parasite","floor":18,"turns":2},{"damage":9,"enemies":"Masked Bandits","floor":19,"turns":4},{"damage":0,"enemies":"Chosen","floor":22,"turns":2},{"damage":16,"enemies":"Gremlin Leader","floor":23,"turns":5},{"damage":24,"enemies":"3 Cultists","floor":25,"turns":6},{"damage":16,"enemies":"Book of Stabbing","floor":27,"turns":4},{"damage":8,"enemies":"Sentry and Sphere","floor":31,"turns":4},{"damage":33,"enemies":"Automaton","floor":33,"turns":8},{"damage":0,"enemies":"3 Shapes","floor":35,"turns":1},{"damage":5,"enemies":"3 Darklings","floor":38,"turns":3},{"damage":36,"enemies":"Nemesis","floor":40,"turns":7},{"damage":46,"enemies":"Reptomancer","floor":42,"turns":5},{"damage":0,"enemies":"Sphere and 2 Shapes","floor":46,"turns":1},{"damage":10,"enemies":"2 Orb Walkers","floor":48,"turns":3},{"damage":51,"enemies":"Time Eater","floor":50,"turns":10},{"damage":19,"enemies":"Shield and Spear","floor":54,"turns":4},{"damage":74,"enemies":"The Heart","floor":55,"turns":8}],"seed_played":"1353682616335918045","potions_obtained":[{"floor":1.0,"key":"LiquidBronze"},{"floor":3.0,"key":"Explosive Potion"},{"floor":5.0,"key":"Ancient Potion"},{"floor":10.0,"key":"Explosive Potion"},{"floor":12.0,"key":"Poison Potion"},{"floor":18,"key":"FearPotion"},{"floor":31,"key":"BloodPotion"},{"floor":33,"key":"SkillPotion"}],"is_trial":false,"path_per_floor":["M","?","M","?","M","E","M","E","T","E","R","M","R","M","R","B",null,"M","?","?","$","M","E","R","M","T","E","R","?","?","M","R","B",null,"M","?","?","M","?","E","R","E","T","R","?","M","$","?","R","B",null,"R","$","E","B",null],"character_chosen":"IRONCLAD","items_purchased":["Oddly Smooth Stone","Letter Opener","Apotheosis","True Grit","Pommel Strike","Lantern","Disarm","Dodecahedron"],"campfire_rested":1,"item_purchase_floors":[21,21,47,47,47,47,53,53],"current_hp_per_floor":[80,60,66,66,71,52,58,34,34,27,27,33,33,39,39,34,80,80,77,61,61,67,57,57,39,39,29,53,53,53,56,56,34,80,80,80,80,80,80,55,70,40,50,55,60,76,81,82,82,37,90,90,90,82,36],"gold":109,"neow_bonus":"ONE_RANDOM_RARE_CARD","is_prod":false,"is_daily":false,"chose_seed":false,"campfire_upgraded":5,"win_rate":0,"timestamp":1565844476,"path_taken":["M","?","M","?","M","E","M","E","T","E","R","M","R","M","R","BOSS","M","?","?","$","M","E","R","?","T","E","R","?","?","M","R","BOSS","M","?","?","?","?","E","R","E","T","R","?","M","$","?","R","BOSS","R","$","E","BOSS"],"build_version":"2019-07-17","purchased_purges":2,"victory":true,"max_hp_per_floor":[80,80,80,80,80,80,80,80,80,80,80,80,80,80,80,80,80,80,80,80,80,80,80,80,80,80,80,80,80,80,80,80,80,80,80,80,80,80,80,80,90,90,90,90,90,90,90,90,90,90,90,90,90,90,90],"card_choices":[{"not_picked":["Searing Blow","Second Wind"],"picked":"Heavy Blade","floor":1.0},{"not_picked":["Thunderclap","Anger"],"picked":"Pummel","floor":3.0},{"not_picked":["Iron Wave","Seeing Red"],"picked":"Spot Weakness","floor":5.0},{"not_picked":["Hemokinesis","Reckless Charge"],"picked":"Dual Wield","floor":6.0},{"not_picked":["Headbutt","Thunderclap"],"picked":"Clothesline","floor":7.0},{"not_picked":["Blood for Blood","Double Tap"],"picked":"Shockwave","floor":8.0},{"not_picked":["Ghostly Armor","Intimidate"],"picked":"Feel No Pain","floor":10.0},{"not_picked":["Anger","Wild Strike"],"picked":"Cleave","floor":12.0},{"not_picked":["Flex","Wild Strike"],"picked":"Intimidate","floor":14},{"not_picked":["Offering","Berserk"],"picked":"Limit Break","floor":16},{"not_picked":["Intimidate","Cleave","Combust"],"picked":"SKIP","floor":18},{"not_picked":["Anger","Clothesline"],"picked":"Shrug It Off","floor":19},{"not_picked":["Body Slam","Cleave+1"],"picked":"Uppercut","floor":22},{"not_picked":["Havoc","Heavy Blade","Wild Strike"],"picked":"SKIP","floor":23},{"not_picked":["Warcry","Flex"],"picked":"Pummel","floor":25},{"not_picked":["Twin Strike","Sword Boomerang"],"picked":"Barricade","floor":27},{"not_picked":["Clothesline","Rage"],"picked":"Seeing Red","floor":31},{"not_picked":["Wild Strike","Clash"],"picked":"Intimidate+1","floor":31},{"not_picked":["Dark Embrace","Double Tap"],"picked":"Immolate","floor":33},{"not_picked":["Ghostly Armor+1","Dual Wield+1"],"picked":"Spot Weakness+1","floor":35},{"not_picked":["Clothesline","Rage","Sword Boomerang"],"picked":"SKIP","floor":35},{"not_picked":["Cleave","Thunderclap","Clash+1"],"picked":"SKIP","floor":38},{"not_picked":["Searing Blow","Hemokinesis","Sever Soul+1"],"picked":"SKIP","floor":38},{"not_picked":["Burning Pact+1","Anger+1"],"picked":"Headbutt+1","floor":40},{"not_picked":["Second Wind","Blood for Blood"],"picked":"Evolve+1","floor":42},{"not_picked":["Sword Boomerang+1","Armaments"],"picked":"Fiend Fire","floor":46},{"not_picked":["Havoc","Intimidate+1","Searing Blow"],"picked":"SKIP","floor":46},{"not_picked":["Perfected Strike+1","Clothesline+1"],"picked":"Impervious","floor":54}],"player_experience":1024426,"relics_obtained":[{"floor":6.0,"key":"Incense Burner"},{"floor":8.0,"key":"Anchor"},{"floor":9.0,"key":"Bag of Marbles"},{"floor":10.0,"key":"Paper Frog"},{"floor":19,"key":"Red Mask"},{"floor":23,"key":"Shuriken"},{"floor":26,"key":"Shovel"},{"floor":27,"key":"Prayer Wheel"},{"floor":40,"key":"MawBank"},{"floor":41,"key":"Pear"},{"floor":42,"key":"Juzu Bracelet"},{"floor":44,"key":"Red Skull"},{"floor":48,"key":"Gambling Chip"},{"floor":52,"key":"Mercury Hourglass"},{"floor":54,"key":"Pocketwatch"}],"event_choices":[{"damage_healed":0.0,"max_hp_gain":0.0,"max_hp_loss":0.0,"gold_gain":0.0,"event_name":"Golden Idol","player_choice":"Take Damage","floor":2.0,"gold_loss":0.0,"damage_taken":20.0,"relics_obtained":["Golden Idol"]},{"damage_healed":0.0,"max_hp_gain":0.0,"max_hp_loss":0.0,"gold_gain":0.0,"event_name":"NoteForYourself","player_choice":"Ignored","floor":4.0,"gold_loss":0.0,"damage_taken":0.0},{"damage_healed":0,"gold_gain":0,"player_choice":"Fought Bandits","damage_taken":0,"max_hp_gain":0,"max_hp_loss":0,"event_name":"Masked Bandits","floor":19,"gold_loss":0},{"damage_healed":0,"gold_gain":90,"player_choice":"GOLD ","damage_taken":16,"max_hp_gain":0,"max_hp_loss":0,"event_name":"Knowing Skull","floor":20,"potions_obtained":[],"gold_loss":0,"cards_obtained":[]},{"damage_healed":0,"gold_gain":0,"player_choice":"Gave Idol","damage_taken":0,"relics_obtained":["Bloody Idol"],"max_hp_gain":0,"max_hp_loss":0,"event_name":"Forgotten Altar","floor":29,"relics_lost":["Golden Idol"],"gold_loss":0},{"damage_healed":0,"gold_gain":0,"player_choice":"Inject Mutagens","damage_taken":0,"relics_obtained":["MutagenicStrength"],"max_hp_gain":0,"max_hp_loss":0,"event_name":"Drug Dealer","floor":30,"gold_loss":0},{"damage_healed":0,"gold_gain":222,"player_choice":"Wore Mask","damage_taken":0,"max_hp_gain":0,"max_hp_loss":0,"event_name":"Tomb of Lord Red Mask","floor":36,"gold_loss":0},{"cards_removed":["Strike_R"],"damage_healed":0,"gold_gain":0,"player_choice":"Purged","damage_taken":0,"max_hp_gain":0,"max_hp_loss":0,"event_name":"Purifier","floor":37,"gold_loss":0},{"cards_removed":["Dual Wield"],"damage_healed":0,"gold_gain":0,"player_choice":"Removed Skill","damage_taken":0,"max_hp_gain":0,"max_hp_loss":0,"event_name":"Falling","floor":39,"gold_loss":0},{"damage_healed":0,"gold_gain":0,"player_choice":"Memory 1","damage_taken":0,"max_hp_gain":0,"max_hp_loss":0,"event_name":"SensoryStone","floor":45,"gold_loss":0},{"damage_healed":0,"gold_gain":0,"player_choice":"Fight","damage_taken":0,"max_hp_gain":0,"max_hp_loss":0,"event_name":"Mysterious Sphere","floor":48,"gold_loss":0}],"is_beta":false,"boss_relics":[{"not_picked":["Black Blood","Pandora\u0027s Box"],"picked":"Philosopher\u0027s Stone"},{"not_picked":["Eternal Feather","Orrery"],"picked":"Sozu"}],"items_purged_floors":[21,47],"is_endless":false,"potions_floor_spawned":[1,3,5,10,12,18,31,33,35,42,54],"ascension_level":1}