{"gold_per_floor":[112,129,9,28,48,78,78,104,104,132,147,162,162,180,180,281],"floor_reached":16,"playtime":1682,"items_purged":["Decay"],"score":209,"play_id":"1bae8182-862f-4e45-a6e5-e47f369778a3","local_time":"20180721082650","is_ascension_mode":true,"campfire_choices":[{"data":"Neutralize","floor":7,"key":"SMITH"},{"floor":13,"key":"REST"},{"data":"Leg Sweep","floor":15,"key":"SMITH"}],"neow_cost":"CURSE","seed_source_timestamp":182631257213994,"circlet_count":0,"master_deck":["Defend_G","Defend_G","Defend_G","Defend_G","Defend_G","Strike_G","Strike_G","Strike_G","Strike_G","Strike_G","Survivor","Neutralize+1","Bane","Bane","Leg Sweep+1","Adrenaline+1","Bullet Time+1","Outmaneuver+1","Crippling Poison+1","Acrobatics+1","PiercingWail+1"],"relics":["Ring of the Snake","Mango","Toxic Egg 2","Bottled Lightning","Pantograph","Darkstone Periapt"],"potions_floor_usage":[8],"damage_taken":[{"damage":3,"enemies":"Cultist","floor":1,"turns":5},{"damage":0,"enemies":"2 Louse","floor":2,"turns":2},{"damage":2,"enemies":"Small Slimes","floor":4,"turns":3},{"damage":14,"enemies":"Exordium Wildlife","floor":5,"turns":9},{"damage":30,"enemies":"3 Sentries","floor":6,"turns":12},{"damage":1,"enemies":"Gremlin Nob","floor":8,"turns":3},{"damage":12,"enemies":"3 Sentries","floor":10,"turns":13},{"damage":5,"enemies":"Large Slime","floor":11,"turns":7},{"damage":0,"enemies":"Exordium Thugs","floor":12,"turns":4},{"damage":4,"enemies":"Blue Slaver","floor":14,"turns":4},{"damage":62,"enemies":"The Guardian","floor":16,"turns":18}],"seed_played":"2789185534460060622","potions_obtained":[{"floor":4,"key":"Energy Potion"},{"floor":5,"key":"Poison Potion"},{"floor":16,"key":"LiquidBronze"}],"is_trial":false,"path_per_floor":["M","M","$","M","M","E","R","E","T","E","M","M","R","M","R"],"character_chosen":"THE_SILENT","items_purchased":["Bane"],"campfire_rested":1,"item_purchase_floors":[3],"current_hp_per_floor":[81,81,81,79,65,35,35,34,34,22,17,17,42,38,38,1],"gold":281,"neow_bonus":"ONE_RARE_RELIC","is_prod":false,"is_daily":false,"chose_seed":false,"campfire_upgraded":2,"win_rate":0,"timestamp":1532186810,"path_taken":["M","M","$","M","M","E","R","E","T","E","?","M","R","M","R","BOSS"],"build_version":"2018-07-19v2","purchased_purges":1,"victory":false,"max_hp_per_floor":[84,84,84,84,84,84,84,84,84,84,84,84,84,84,84,84],"card_choices":[{"not_picked":["Crippling Poison","Finisher"],"picked":"Bane","floor":1},{"not_picked":["Quick Slash","Eviscerate","PiercingWail"],"picked":"SKIP","floor":2},{"not_picked":["Backflip","After Image"],"picked":"Leg Sweep","floor":4},{"not_picked":["Tactician","Slice","Setup"],"picked":"SKIP","floor":5},{"not_picked":["PiercingWail","Cloak And Dagger"],"picked":"Adrenaline","floor":6},{"not_picked":["Quick Slash","Dagger Spray"],"picked":"Bullet Time+1","floor":8},{"not_picked":["Dagger Throw","Calculated Gamble+1"],"picked":"Outmaneuver+1","floor":10},{"not_picked":["Dash","Caltrops"],"picked":"Crippling Poison+1","floor":11},{"not_picked":["Dagger Throw","Escape Plan+1"],"picked":"Acrobatics+1","floor":12},{"not_picked":["Eviscerate","All Out Attack"],"picked":"PiercingWail+1","floor":14}],"player_experience":508229,"relics_obtained":[{"floor":6,"key":"Toxic Egg 2"},{"floor":8,"key":"Bottled Lightning"},{"floor":9,"key":"Pantograph"},{"floor":10,"key":"Darkstone Periapt"}],"event_choices":[],"is_beta":false,"boss_relics":[],"items_purged_floors":[3],"is_endless":false,"potions_floor_spawned":[4,5,16],"killed_by":"The Guardian","ascension_level":4}