{"gold_per_floor":[218,183,183,71,86,86,125,125,125,25,49,49,49,74,74,163,163,181,197,216,91,91,91,135,151,151,151,151,175,175,199,199,292,292,312,645,645,645,658,658,670,704,704,72,72,124,143,154,154,154],"floor_reached":51,"playtime":4054,"items_purged":["Injury","Strike_B","Strike_B","Strike_B"],"score":1218,"play_id":"287e637d-b3d7-429d-a651-f2b7d85ae31d","local_time":"20190808162540","is_ascension_mode":true,"campfire_choices":[{"data":"Zap","floor":6.0,"key":"SMITH"},{"data":"Darkness","floor":8.0,"key":"SMITH"},{"data":"Dualcast","floor":12.0,"key":"SMITH"},{"data":"Doom and Gloom","floor":15.0,"key":"SMITH"},{"floor":23.0,"key":"REST"},{"floor":28.0,"key":"REST"},{"data":"Self Repair","floor":30.0,"key":"SMITH"},{"data":"Multi-Cast","floor":32.0,"key":"SMITH"},{"data":"Reboot","floor":40.0,"key":"SMITH"},{"data":"Glacier","floor":45.0,"key":"SMITH"},{"floor":49.0,"key":"REST"}],"neow_cost":"NONE","seed_source_timestamp":836318603964045,"circlet_count":0,"master_deck":["AscendersBane","Strike_B","Defend_B","Defend_B","Defend_B","Defend_B","Zap+1","Dualcast+1","Leap","Self Repair+1","Darkness+1","Doom and Gloom+1","Glacier+1","Lockon","Multi-Cast+1","Hologram+1","Auto Shields+1","Leap","Lockon+1","Reboot+1","Coolheaded+1","Compile Driver"],"special_seed":0,"relics":["Cracked Core","Oddly Smooth Stone","Velvet Choker","Bottled Tornado","Omamori","Nuclear Battery","Potion Belt","Bottled Flame","Vajra","Lee\u0027s Waffle","Gambling Chip"],"potions_floor_usage":[50,50],"damage_taken":[{"damage":7.0,"enemies":"Jaw Worm","floor":1.0,"turns":3.0},{"damage":8.0,"enemies":"Small Slimes","floor":5.0,"turns":3.0},{"damage":37.0,"enemies":"Gremlin Nob","floor":7.0,"turns":4.0},{"damage":1.0,"enemies":"2 Louse","floor":11.0,"turns":3.0},{"damage":6.0,"enemies":"Exordium Wildlife","floor":14.0,"turns":5.0},{"damage":12.0,"enemies":"Slime Boss","floor":16.0,"turns":5.0},{"damage":0.0,"enemies":"Chosen","floor":18.0,"turns":3.0},{"damage":24.0,"enemies":"Shell Parasite","floor":19.0,"turns":4.0},{"damage":32.0,"enemies":"Cultist and Chosen","floor":20.0,"turns":7.0},{"damage":0.0,"enemies":"Masked Bandits","floor":22.0,"turns":2.0},{"damage":42.0,"enemies":"Gremlin Leader","floor":24.0,"turns":4.0},{"damage":7.0,"enemies":"Snake Plant","floor":25.0,"turns":5.0},{"damage":14.0,"enemies":"Shelled Parasite and Fungi","floor":29.0,"turns":8.0},{"damage":2.0,"enemies":"Centurion and Healer","floor":31.0,"turns":6.0},{"damage":22.0,"enemies":"Collector","floor":33.0,"turns":8.0},{"damage":17.0,"enemies":"3 Darklings","floor":35.0,"turns":5.0},{"damage":0.0,"enemies":"3 Shapes","floor":39.0,"turns":4.0},{"damage":45.0,"enemies":"Spire Growth","floor":41.0,"turns":7.0},{"damage":9.0,"enemies":"Giant Head","floor":42.0,"turns":6.0},{"damage":27.0,"enemies":"2 Orb Walkers","floor":46.0,"turns":3.0},{"damage":15.0,"enemies":"4 Shapes","floor":47.0,"turns":5.0},{"damage":1.0,"enemies":"Writhing Mass","floor":48.0,"turns":5.0},{"damage":73,"enemies":"Donu and Deca","floor":50,"turns":9}],"seed_played":"-6683895445985503796","potions_obtained":[{"floor":5.0,"key":"EssenceOfSteel"},{"floor":11.0,"key":"SteroidPotion"},{"floor":14.0,"key":"SpeedPotion"},{"floor":20.0,"key":"SmokeBomb"},{"floor":24.0,"key":"EssenceOfSteel"},{"floor":25.0,"key":"PowerPotion"},{"floor":33.0,"key":"SkillPotion"},{"floor":41.0,"key":"Swift Potion"},{"floor":48.0,"key":"SteroidPotion"}],"is_trial":false,"path_per_floor":["M","?","?","$","M","R","E","R","T","$","M","R","?","M","R","B",null,"M","M","M","$","?","R","E","M","T","?","R","M","R","M","R","B",null,"M","?","?","?","M","R","M","E","T","$","R","?","M","M","R","B",null],"character_chosen":"DEFECT","items_purchased":["Self Repair","Vajra","Lee\u0027s Waffle","Dexterity Potion","SpeedPotion"],"campfire_rested":3,"item_purchase_floors":[4,44,44,44,44],"current_hp_per_floor":[57,71,71,71,63,63,33,33,33,33,39,39,39,33,33,28,60,67,50,25,25,25,46,11,11,11,11,32,25,25,33,33,21,59,52,52,52,66,71,71,36,37,37,78,78,61,56,65,78,5],"gold":154,"neow_bonus":"HUNDRED_GOLD","is_prod":false,"is_daily":false,"chose_seed":false,"campfire_upgraded":8,"win_rate":0,"timestamp":1565295940,"path_taken":["M","?","?","$","M","R","E","R","T","$","M","R","?","?","R","BOSS","M","?","M","?","?","R","E","M","T","?","R","M","R","M","R","BOSS","M","?","?","?","M","R","M","E","T","$","R","?","M","M","R","BOSS"],"build_version":"2019-07-17","purchased_purges":4,"victory":true,"max_hp_per_floor":[71,71,71,71,71,71,71,71,71,71,71,71,71,71,71,71,71,71,71,71,71,71,71,71,71,71,71,71,71,71,71,71,71,71,71,71,71,71,71,71,71,71,71,78,78,78,78,78,78,78],"card_choices":[{"not_picked":["Beam Cell","Rebound"],"picked":"Leap","floor":1.0},{"not_picked":["Consume","Fusion"],"picked":"Darkness","floor":5.0},{"not_picked":["Streamline","Compile Driver"],"picked":"Doom and Gloom","floor":7.0},{"not_picked":["Steam","Rainbow"],"picked":"Glacier","floor":11.0},{"not_picked":["Steam","Double Energy"],"picked":"Lockon","floor":14.0},{"not_picked":["Core Surge","Seek"],"picked":"Multi-Cast","floor":16.0},{"not_picked":["Redo","Steam Power"],"picked":"Hologram+1","floor":18.0},{"not_picked":["Ball Lightning+1","Rip and Tear"],"picked":"Auto Shields+1","floor":19.0},{"not_picked":["Steam","Beam Cell","Coolheaded"],"picked":"SKIP","floor":20.0},{"not_picked":["Gash+1","Hologram"],"picked":"Leap","floor":24.0},{"not_picked":["Steam","Double Energy","Hologram"],"picked":"SKIP","floor":25.0},{"not_picked":["Conserve Battery","Beam Cell"],"picked":"Lockon+1","floor":29.0},{"not_picked":["Chaos","Steam","Rip and Tear"],"picked":"SKIP","floor":31.0},{"not_picked":["Chaos","Steam","Rip and Tear"],"picked":"SKIP","floor":31.0},{"not_picked":["Fission","Machine Learning"],"picked":"Reboot","floor":33.0},{"not_picked":["Hologram","Reinforced Body"],"picked":"Coolheaded+1","floor":35.0},{"not_picked":["Double Energy","Ball Lightning","Aggregate"],"picked":"SKIP","floor":39.0},{"not_picked":["Hologram","Barrage","Ball Lightning"],"picked":"SKIP","floor":41.0},{"not_picked":["Reprogram+1","Conserve Battery"],"picked":"Compile Driver","floor":42.0},{"not_picked":["Consume","Recycle","Redo"],"picked":"SKIP","floor":47.0},{"not_picked":["Leap","Hologram","Stack"],"picked":"SKIP","floor":48.0}],"player_experience":416941,"relics_obtained":[{"floor":7.0,"key":"Oddly Smooth Stone"},{"floor":24.0,"key":"Bottled Tornado"},{"floor":26.0,"key":"Omamori"},{"floor":42.0,"key":"Potion Belt"},{"floor":43.0,"key":"Bottled Flame"},{"floor":46.0,"key":"Gambling Chip"}],"event_choices":[{"damage_healed":17.0,"max_hp_gain":0.0,"max_hp_loss":0.0,"gold_gain":0.0,"event_name":"The Cleric","player_choice":"Healed","floor":2.0,"gold_loss":35.0,"damage_taken":0.0},{"damage_healed":0.0,"max_hp_gain":0.0,"max_hp_loss":0.0,"gold_gain":0.0,"event_name":"Golden Idol","player_choice":"Take Wound","floor":3.0,"gold_loss":0.0,"damage_taken":0.0,"relics_obtained":["Golden Idol"],"cards_obtained":["Injury"]},{"damage_healed":0.0,"max_hp_gain":0.0,"max_hp_loss":0.0,"gold_gain":0.0,"event_name":"Liars Game","player_choice":"Ignored","floor":13.0,"gold_loss":0.0,"damage_taken":0.0},{"damage_healed":0.0,"max_hp_gain":0.0,"max_hp_loss":0.0,"gold_gain":0.0,"event_name":"Masked Bandits","player_choice":"Fought Bandits","floor":22.0,"gold_loss":0.0,"damage_taken":0.0},{"damage_healed":0.0,"max_hp_gain":0.0,"max_hp_loss":0.0,"gold_gain":0.0,"event_name":"Cursed Tome","player_choice":"Ignored","floor":27.0,"gold_loss":0.0,"damage_taken":0.0},{"damage_healed":0.0,"max_hp_gain":0.0,"max_hp_loss":0.0,"gold_gain":333.0,"event_name":"The Moai Head","player_choice":"Gave Idol","floor":36.0,"relics_lost":["Golden Idol"],"gold_loss":0.0,"damage_taken":0.0},{"damage_healed":0.0,"max_hp_gain":0.0,"max_hp_loss":0.0,"gold_gain":0.0,"event_name":"SensoryStone","player_choice":"Memory 1","floor":37.0,"gold_loss":0.0,"damage_taken":0.0},{"damage_healed":14.0,"max_hp_gain":0.0,"max_hp_loss":0.0,"gold_gain":0.0,"event_name":"Winding Halls","player_choice":"Writhe","floor":38.0,"gold_loss":0.0,"damage_taken":0.0,"cards_obtained":["Writhe"]},{"damage_healed":0.0,"max_hp_gain":0.0,"max_hp_loss":0.0,"gold_gain":0.0,"event_name":"Mysterious Sphere","player_choice":"Fight","floor":46.0,"gold_loss":0.0,"damage_taken":0.0}],"is_beta":false,"boss_relics":[{"not_picked":["Cursed Key","Runic Pyramid"],"picked":"Velvet Choker"},{"not_picked":["White Beast Statue","Astrolabe"],"picked":"Nuclear Battery"}],"items_purged_floors":[4,10,21,44],"is_endless":false,"potions_floor_spawned":[5,11,14,20,24,25,29,31,33,41,48],"ascension_level":17}