{"gold_per_floor":[112,126,138,152,77,110,110,110,136,136,136,165,192,211,211,211],"floor_reached":16,"playtime":1558,"items_purged":["Defend_G"],"score":116,"play_id":"36afeaf2-2e75-43c7-a084-ec73e9c02aed","local_time":"20180721085303","is_ascension_mode":true,"campfire_choices":[{"data":"Well Laid Plans","floor":7,"key":"SMITH"},{"data":"Acrobatics","floor":11,"key":"SMITH"},{"floor":15,"key":"REST"}],"neow_cost":"TEN_PERCENT_HP_LOSS","seed_source_timestamp":184328492955819,"circlet_count":0,"master_deck":["Defend_G","Defend_G","Defend_G","Strike_G","Strike_G","Strike_G","Strike_G","Strike_G","Survivor","Neutralize","Well Laid Plans+1","Escape Plan","Acrobatics+1","Setup","Quick Slash","Flying Knee"],"relics":["Ring of the Snake","Ice Cream","Art of War","Potion Belt","Dream Catcher","Snake Skull"],"potions_floor_usage":[14,16],"damage_taken":[{"damage":2,"enemies":"Small Slimes","floor":1,"turns":4},{"damage":3,"enemies":"Jaw Worm","floor":2,"turns":5},{"damage":0,"enemies":"2 Louse","floor":3,"turns":3},{"damage":0,"enemies":"Blue Slaver","floor":4,"turns":6},{"damage":21,"enemies":"3 Sentries","floor":6,"turns":14},{"damage":28,"enemies":"Lagavulin","floor":12,"turns":9},{"damage":1,"enemies":"Large Slime","floor":14,"turns":7},{"damage":28,"enemies":"Slime Boss","floor":16,"turns":9}],"seed_played":"-6156476665345186609","potions_obtained":[{"floor":3,"key":"Dexterity Potion"},{"floor":4,"key":"Block Potion"},{"floor":14,"key":"SpeedPotion"}],"is_trial":false,"path_per_floor":["M","M","M","M","$","E","R","?","T","?","R","E","T","M","R"],"character_chosen":"THE_SILENT","items_purchased":[],"campfire_rested":1,"item_purchase_floors":[],"current_hp_per_floor":[61,58,58,58,58,37,37,37,37,30,30,2,2,1,19,0],"gold":211,"neow_bonus":"ONE_RARE_RELIC","is_prod":false,"is_daily":false,"chose_seed":false,"campfire_upgraded":2,"win_rate":0,"timestamp":1532188383,"path_taken":["M","M","M","M","$","E","R","?","T","?","R","E","?","M","R","BOSS"],"build_version":"2018-07-19v2","purchased_purges":1,"victory":false,"max_hp_per_floor":[63,63,63,63,63,63,63,63,63,63,63,63,63,63,63,63],"card_choices":[{"not_picked":["Deflect","Sucker Punch"],"picked":"Well Laid Plans","floor":1},{"not_picked":["Cloak And Dagger","Deadly Poison","Slice"],"picked":"SKIP","floor":2},{"not_picked":["Catalyst","Quick Slash"],"picked":"Escape Plan","floor":3},{"not_picked":["Endless Agony","Distraction"],"picked":"Acrobatics","floor":4},{"not_picked":["Riddle With Holes","Caltrops","Dodge and Roll"],"picked":"SKIP","floor":6},{"not_picked":["Deadly Poison","Dagger Throw"],"picked":"Setup","floor":12},{"not_picked":["Slice","Dash"],"picked":"Quick Slash","floor":14},{"not_picked":["Choke","Quick Slash"],"picked":"Flying Knee","floor":15}],"player_experience":509911,"relics_obtained":[{"floor":6,"key":"Art of War"},{"floor":9,"key":"Potion Belt"},{"floor":12,"key":"Dream Catcher"},{"floor":13,"key":"Snake Skull"}],"event_choices":[{"event_name":"Dead Adventurer","player_choice":"Searched \u00271\u0027 times","floor":8,"damage_taken":0},{"event_name":"Golden Wing","player_choice":"Card Removal","floor":10,"damage_taken":0}],"is_beta":false,"boss_relics":[],"items_purged_floors":[5],"is_endless":false,"potions_floor_spawned":[3,4,14],"killed_by":"Slime Boss","ascension_level":1}