{"gold_per_floor":[118,128,148,73,87,118,118,98,98,108,108,33,33,47,47,47],"floor_reached":16,"playtime":737,"items_purged":["Strike_B"],"score":179,"play_id":"03c52668-5f15-4380-99dc-33fdadf8aaca","local_time":"20181224222055","is_ascension_mode":true,"campfire_choices":[{"floor":7,"key":"REST"},{"floor":11,"key":"REST"},{"floor":15,"key":"REST"}],"neow_cost":"TEN_PERCENT_HP_LOSS","seed_source_timestamp":624779293673439,"circlet_count":0,"master_deck":["AscendersBane","Strike_B","Strike_B","Defend_B","Defend_B","Zap","Dualcast","Cold Snap","Stack","Melter","Chaos","Redo","Leap","Sweeping Beam","Conserve Battery","Compile Driver"],"relics":["Cracked Core","PreservedInsect","Dodecahedron","FaceOfCleric"],"potions_floor_usage":[6],"damage_taken":[{"damage":8,"enemies":"Small Slimes","floor":1,"turns":3},{"damage":2,"enemies":"2 Louse","floor":2,"turns":2},{"damage":0,"enemies":"Cultist","floor":3,"turns":3},{"damage":8,"enemies":"3 Louse","floor":5,"turns":3},{"damage":41,"enemies":"Gremlin Nob","floor":6,"turns":7},{"damage":16,"enemies":"Gremlin Gang","floor":10,"turns":6},{"damage":18,"enemies":"Exordium Thugs","floor":14,"turns":5},{"damage":36,"enemies":"Slime Boss","floor":16,"turns":6}],"seed_played":"8943266846754194267","potions_obtained":[{"floor":1,"key":"Block Potion"},{"floor":2,"key":"SkillPotion"},{"floor":8,"key":"Strength Potion"}],"is_trial":false,"path_per_floor":["M","M","M","?","M","E","R","?","T","M","R","$","?","M","R","B"],"character_chosen":"DEFECT","items_purchased":[],"campfire_rested":3,"item_purchase_floors":[],"current_hp_per_floor":[56,54,54,54,46,5,24,24,24,8,27,27,27,10,29,0],"gold":47,"neow_bonus":"TRANSFORM_TWO_CARDS","is_prod":false,"is_daily":false,"chose_seed":false,"campfire_upgraded":0,"win_rate":0,"timestamp":1545718855,"path_taken":["M","M","M","?","M","E","R","?","T","?","R","$","?","M","R","BOSS"],"build_version":"2018-12-20","purchased_purges":1,"victory":false,"max_hp_per_floor":[64,64,64,64,64,64,64,64,64,64,64,64,64,65,65,65],"card_choices":[{"not_picked":["Gash","Fusion"],"picked":"Melter","floor":1},{"not_picked":["Ball Lightning","Gash"],"picked":"Chaos","floor":2},{"not_picked":["Conserve Battery","Leap"],"picked":"Redo","floor":3},{"not_picked":["Gash","Stack"],"picked":"Leap","floor":5},{"not_picked":["Turbo","Force Field"],"picked":"Sweeping Beam","floor":6},{"not_picked":["Streamline","Coolheaded"],"picked":"Conserve Battery","floor":10},{"not_picked":["Tempest","FTL"],"picked":"Compile Driver","floor":14}],"player_experience":1064831,"relics_obtained":[{"floor":6,"key":"PreservedInsect"},{"floor":9,"key":"Dodecahedron"}],"event_choices":[{"cards_removed":["Defend_B"],"damage_healed":0,"gold_gain":0,"player_choice":"Card Removal","damage_taken":0,"max_hp_gain":0,"max_hp_loss":0,"event_name":"The Cleric","floor":4,"gold_loss":75},{"damage_healed":0,"gold_gain":0,"player_choice":"Bought 1 Potion","damage_taken":0,"max_hp_gain":0,"max_hp_loss":0,"event_name":"The Woman in Blue","floor":8,"gold_loss":0},{"damage_healed":0,"gold_gain":0,"player_choice":"Trade","damage_taken":0,"relics_obtained":["FaceOfCleric"],"max_hp_gain":0,"max_hp_loss":0,"event_name":"FaceTrader","floor":13,"gold_loss":0}],"is_beta":false,"boss_relics":[],"items_purged_floors":[12],"is_endless":false,"potions_floor_spawned":[1,2,5,14],"killed_by":"Slime Boss","ascension_level":15}